{"host":"mt3nndg5ku536gxi","time":1608788895,"event":{"mods":["BaseMod","Colored Powertips","Minty Spire (QoL Compilation)","Permanent Neow","Quick Restart","StSLib"],"gold_per_floor":[110,110,110,120,133,133,164,164,190,200,45,45,75,91,91,166,166,183,183,197,214,232,232,265,281,306,350,374,157,185,200,200,273,273,285,36,36,10,29,29,55,72,72,98,114,114,441,456,456,456,456,456,456,55,87,87],"floor_reached":57,"playtime":4978,"items_purged":["Strike_P","Strike_P","Strike_P"],"score":3203,"play_id":"8c7e156c-464d-4417-b038-acc2826acff8","local_time":"20201224134815","is_ascension_mode":true,"campfire_choices":[{"data":"Eruption","floor":6.0,"key":"SMITH"},{"data":"BowlingBash","floor":8.0,"key":"SMITH"},{"data":"Adaptation","floor":15.0,"key":"SMITH"},{"data":"Vault","floor":23.0,"key":"SMITH"},{"data":"Wallop","floor":32.0,"key":"SMITH"},{"data":"Prostrate","floor":40.0,"key":"SMITH"},{"data":"LikeWater","floor":46.0,"key":"SMITH"},{"floor":49.0,"key":"RECALL"},{"data":"Prostrate","floor":53.0,"key":"SMITH"}],"circlet_count":0,"master_deck":["AscendersBane","Defend_P","Defend_P","Defend_P","Defend_P","Eruption+1","Vigilance","ReachHeaven","CutThroughFate","FlurryOfBlows","BowlingBash+1","ClearTheMind","Adaptation+1","DeceiveReality","Perseverance","Vault+1","EmptyBody","LikeWater+1","FlurryOfBlows","Prostrate+1","Wireheading","Wallop+1","Sanctity","MasterReality","TalkToTheHand","Vault+1","LikeWater+1","Halt","Prostrate+1","FlurryOfBlows","Vengeance","Study"],"relics":["Black Star","Lantern","Kunai","Nunchaku","Matryoshka","Pen Nib","Sozu","Bag of Marbles","TungstenRod","MawBank","Damaru","Calipers","Gremlin Horn","Dead Branch","Coffee Dripper","DollysMirror","MealTicket","Vajra","Akabeko","Darkstone Periapt","Potion Belt","Bag of Preparation","Centennial Puzzle","Old Coin","Shuriken","Happy Flower","Orichalcum"],"acts_visited":["Exordium","TheCity","TheBeyond","TheEnding"],"potions_floor_usage":[],"damage_taken":[{"damage":2.0,"enemies":"Jaw Worm","floor":1.0,"turns":3.0},{"damage":1.0,"enemies":"Small Slimes","floor":4.0,"turns":5.0},{"damage":0.0,"enemies":"Cultist","floor":5.0,"turns":3.0},{"damage":19.0,"enemies":"Lagavulin","floor":7.0,"turns":6.0},{"damage":4.0,"enemies":"Exordium Thugs","floor":10.0,"turns":4.0},{"damage":5.0,"enemies":"Gremlin Nob","floor":13.0,"turns":3.0},{"damage":8.0,"enemies":"Blue Slaver","floor":14.0,"turns":2.0},{"damage":12.0,"enemies":"Hexaghost","floor":16.0,"turns":7.0},{"damage":6.0,"enemies":"Shell Parasite","floor":18.0,"turns":6.0},{"damage":7.0,"enemies":"2 Thieves","floor":20.0,"turns":2.0},{"damage":3.0,"enemies":"Centurion and Healer","floor":21.0,"turns":5.0},{"damage":2.0,"enemies":"Snecko","floor":22.0,"turns":6.0},{"damage":13.0,"enemies":"Gremlin Leader","floor":24.0,"turns":8.0},{"damage":9.0,"enemies":"Snake Plant","floor":25.0,"turns":5.0},{"damage":12.0,"enemies":"Book of Stabbing","floor":27.0,"turns":8.0},{"damage":0.0,"enemies":"Centurion and Healer","floor":28.0,"turns":6.0},{"damage":0.0,"enemies":"Slavers","floor":30.0,"turns":6.0},{"damage":0.0,"enemies":"Snecko","floor":31.0,"turns":6.0},{"damage":0.0,"enemies":"Collector","floor":33.0,"turns":7.0},{"damage":0.0,"enemies":"Orb Walker","floor":35.0,"turns":3.0},{"damage":0.0,"enemies":"3 Darklings","floor":39.0,"turns":3.0},{"damage":0.0,"enemies":"Reptomancer","floor":41.0,"turns":5.0},{"damage":0.0,"enemies":"Maw","floor":42.0,"turns":5.0},{"damage":0.0,"enemies":"Giant Head","floor":44.0,"turns":8.0},{"damage":2.0,"enemies":"Sphere and 2 Shapes","floor":45.0,"turns":5.0},{"damage":0.0,"enemies":"Reptomancer","floor":47.0,"turns":5.0},{"damage":0.0,"enemies":"Transient","floor":48.0,"turns":8.0},{"damage":17.0,"enemies":"Awakened One","floor":50.0,"turns":10.0},{"damage":14.0,"enemies":"Donu and Deca","floor":51.0,"turns":10.0},{"damage":23,"enemies":"Shield and Spear","floor":55,"turns":4},{"damage":24,"enemies":"The Heart","floor":56,"turns":8}],"seed_played":"9052343666105754252","potions_obtained":[{"floor":1.0,"key":"PowerPotion"},{"floor":3.0,"key":"Ambrosia"},{"floor":3.0,"key":"Explosive Potion"}],"is_trial":false,"path_per_floor":["M","?","?","M","M","R","E","R","T","M","$","?","E","M","R","B",null,"M","?","M","M","M","R","E","M","T","E","M","$","E","M","R","B",null,"M","$","?","$","M","R","E","M","T","E","M","R","E","M","R","B","B",null,"R","$","E","B",null],"character_chosen":"WATCHER","items_purchased":["Adaptation","Wireheading","Wallop","DollysMirror","LikeWater","Halt","Shuriken"],"campfire_rested":0,"item_purchase_floors":[11,29,29,36,36,38,54],"current_hp_per_floor":[59,59,59,58,58,58,39,39,39,35,35,28,23,15,15,3,52,46,68,61,58,56,56,43,34,34,22,22,22,22,22,22,22,57,57,57,57,57,57,57,57,57,57,57,55,55,55,55,55,38,24,57,57,68,45,21],"gold":87,"neow_bonus":"BOSS_RELIC","is_daily":false,"chose_seed":false,"campfire_upgraded":8,"win_rate":0.0,"timestamp":1608788895,"path_taken":["M","?","?","?","M","R","E","R","T","M","$","?","E","M","R","BOSS","M","?","M","M","M","R","E","M","T","E","M","?","E","M","R","BOSS","M","$","?","?","M","R","E","M","T","E","M","R","E","M","R","BOSS","BOSS","R","$","E","BOSS"],"items_purchased_type":["Card","Card","Card","Relic","Card","Card","Relic"],"build_version":"2020-12-22","purchased_purges":3,"victory":true,"max_hp_per_floor":[68,68,68,68,68,68,68,68,68,68,68,68,68,68,68,68,68,68,68,68,68,68,68,68,68,68,68,68,68,68,68,68,68,68,68,68,68,68,68,68,68,68,68,68,68,68,68,68,68,68,68,68,68,68,68,68],"card_choices":[{"not_picked":["Sanctity","MentalFortress"],"picked":"ReachHeaven","floor":1.0},{"not_picked":["TalkToTheHand","ThirdEye"],"picked":"CutThroughFate","floor":4.0},{"not_picked":["ThirdEye","Swivel"],"picked":"FlurryOfBlows","floor":5.0},{"not_picked":["WaveOfTheHand","Evaluate"],"picked":"BowlingBash","floor":7.0},{"not_picked":["Wallop","Prostrate"],"picked":"ClearTheMind","floor":10.0},{"not_picked":["Perseverance","Pray"],"picked":"DeceiveReality","floor":13.0},{"not_picked":["BattleHymn","Pray"],"picked":"Perseverance","floor":14.0},{"not_picked":["Brilliance","Blasphemy"],"picked":"Vault","floor":16.0},{"not_picked":["Study","Protect+1"],"picked":"EmptyBody","floor":18.0},{"not_picked":["CutThroughFate+1","FlyingSleeves","BowlingBash"],"picked":"SKIP","floor":20.0},{"not_picked":["Swivel","ThirdEye","BowlingBash"],"picked":"SKIP","floor":21.0},{"not_picked":["Weave+1","Conclude","Worship+1"],"picked":"SKIP","floor":22.0},{"not_picked":["ClearTheMind","Establishment"],"picked":"LikeWater","floor":24.0},{"not_picked":["FlyingSleeves+1","Nirvana"],"picked":"FlurryOfBlows","floor":25.0},{"not_picked":["Collect","JustLucky"],"picked":"Prostrate","floor":27.0},{"not_picked":["BattleHymn","JustLucky","CrushJoints+1"],"picked":"SKIP","floor":28.0},{"not_picked":["FollowUp","Wallop","SashWhip"],"picked":"SKIP","floor":30.0},{"not_picked":["Consecrate+1","Protect"],"picked":"Sanctity","floor":31.0},{"not_picked":["Alpha","Wish"],"picked":"MasterReality","floor":33.0},{"not_picked":["FlyingSleeves","SignatureMove+1"],"picked":"TalkToTheHand","floor":35.0},{"not_picked":["Weave","ThirdEye"],"picked":"Prostrate","floor":39.0},{"not_picked":["Nirvana+1","EmptyBody+1","SashWhip"],"picked":"SKIP","floor":41.0},{"not_picked":["Adaptation","CarveReality"],"picked":"FlurryOfBlows","floor":42.0},{"not_picked":["CutThroughFate","BattleHymn","Judgement"],"picked":"SKIP","floor":44.0},{"not_picked":["SignatureMove+1","TalkToTheHand+1"],"picked":"Vengeance","floor":45.0},{"not_picked":["FlyingSleeves","Crescendo"],"picked":"Study","floor":47.0},{"not_picked":["Prostrate","FollowUp+1","EmptyBody+1"],"picked":"SKIP","floor":48.0},{"not_picked":["Alpha","CrushJoints","SandsOfTime"],"picked":"SKIP","floor":55}],"player_experience":162972,"relics_obtained":[{"floor":7.0,"key":"Lantern"},{"floor":7.0,"key":"Kunai"},{"floor":9.0,"key":"Nunchaku"},{"floor":13.0,"key":"Matryoshka"},{"floor":13.0,"key":"Pen Nib"},{"floor":24.0,"key":"Bag of Marbles"},{"floor":24.0,"key":"TungstenRod"},{"floor":26.0,"key":"MawBank"},{"floor":27.0,"key":"Damaru"},{"floor":27.0,"key":"Calipers"},{"floor":30.0,"key":"Gremlin Horn"},{"floor":30.0,"key":"Dead Branch"},{"floor":41.0,"key":"MealTicket"},{"floor":41.0,"key":"Vajra"},{"floor":43.0,"key":"Akabeko"},{"floor":43.0,"key":"Darkstone Periapt"},{"floor":44.0,"key":"Potion Belt"},{"floor":44.0,"key":"Bag of Preparation"},{"floor":47.0,"key":"Centennial Puzzle"},{"floor":47.0,"key":"Old Coin"},{"floor":55,"key":"Happy Flower"},{"floor":55,"key":"Orichalcum"}],"event_choices":[{"damage_healed":0.0,"max_hp_gain":0.0,"max_hp_loss":0.0,"gold_gain":0.0,"event_name":"Liars Game","player_choice":"Ignored","floor":2.0,"gold_loss":0.0,"damage_taken":0.0},{"damage_healed":0.0,"max_hp_gain":0.0,"max_hp_loss":0.0,"gold_gain":0.0,"event_name":"Lab","player_choice":"Got Potions","floor":3.0,"gold_loss":0.0,"damage_taken":0.0},{"cards_removed":["Strike_P"],"damage_healed":0.0,"max_hp_gain":0.0,"max_hp_loss":0.0,"gold_gain":0.0,"event_name":"Golden Wing","player_choice":"Card Removal","floor":12.0,"gold_loss":0.0,"damage_taken":7.0},{"damage_healed":22.0,"max_hp_gain":0.0,"max_hp_loss":0.0,"gold_gain":0.0,"event_name":"Wheel of Change","player_choice":"Full Heal","floor":19.0,"gold_loss":0.0,"damage_taken":0.0},{"damage_healed":0.0,"max_hp_gain":0.0,"max_hp_loss":0.0,"gold_gain":0.0,"event_name":"Upgrade Shrine","player_choice":"Upgraded","floor":37.0,"gold_loss":0.0,"damage_taken":0.0,"cards_upgraded":["LikeWater"]}],"is_beta":false,"boss_relics":[{"not_picked":["Runic Pyramid","Tiny House"],"picked":"Sozu"},{"not_picked":["SlaversCollar","Snecko Eye"],"picked":"Coffee Dripper"}],"items_purged_floors":[11,29,54],"is_endless":false,"potions_floor_spawned":[1,10,14,20,21,28,30,31,41,42,47,55],"ascension_level":20}}