{"host":"wha9hktbkslqvblg","time":1608806453,"event":{"mods":["BaseMod","Colored Map","Minty Spire (QoL Compilation)","Relic Stats","SuperFastMode","everything is the same but u backflip on backflip"],"gold_per_floor":[117,117,117,117,42,42,81,81,93,145,178,190,202,214,226,331,343,379,409,40,40,64,64,95,95,95,54,69,94,94,94,94,187,187,203,253,334,60,110,153,178,218,265,265,265,281,281,304,304,304,304,304,304,69,109,109],"floor_reached":57,"playtime":1767,"items_purged":["Strike_R","Whirlwind","Whirlwind","Sentinel"],"score":3099,"play_id":"ec1bf45d-69e7-49ce-b505-e33acca1df9c","local_time":"20201224194053","is_ascension_mode":true,"campfire_choices":[{"data":"Bash","floor":6.0,"key":"SMITH"},{"floor":8.0,"key":"DIG"},{"floor":12.0,"key":"DIG"},{"data":"Fire Breathing","floor":15.0,"key":"SMITH"},{"data":"Demon Form","floor":23.0,"key":"SMITH"},{"floor":25.0,"key":"REST"},{"data":"Dual Wield","floor":32.0,"key":"SMITH"},{"data":"Entrench","floor":45.0,"key":"SMITH"},{"data":"Offering","floor":47.0,"key":"SMITH"},{"floor":49.0,"key":"RECALL"},{"data":"Battle Trance","floor":53.0,"key":"SMITH"}],"circlet_count":0,"master_deck":["AscendersBane","Fire Breathing+1","Sword Boomerang","Flame Barrier","Impervious","Offering+1","Offering","Demon Form+1","Evolve","Reaper","Dual Wield+1","Ghostly","Ghostly","Ghostly","Trip","Feel No Pain+1","Barricade","Madness","Madness","Battle Trance+1","Entrench+1"],"relics":["Burning Blood","NeowsBlessing","Golden Idol","Shovel","MawBank","Shuriken","Du-Vu Doll","HornCleat","Pandora\u0027s Box","Bottled Lightning","Lantern","Mango","SsserpentHead","Mark of Pain","StoneCalendar","Torii","Bag of Marbles"],"acts_visited":["Exordium","TheCity","TheBeyond","TheEnding"],"potions_floor_usage":[56],"damage_taken":[{"damage":0.0,"enemies":"2 Louse","floor":1.0,"turns":1.0},{"damage":0.0,"enemies":"3 Sentries","floor":7.0,"turns":2.0},{"damage":0.0,"enemies":"Gremlin Nob","floor":10.0,"turns":1.0},{"damage":10.0,"enemies":"Small Slimes","floor":11.0,"turns":4.0},{"damage":20.0,"enemies":"Hexaghost","floor":16.0,"turns":8.0},{"damage":23.0,"enemies":"Spheric Guardian","floor":18.0,"turns":5.0},{"damage":17.0,"enemies":"2 Thieves","floor":19.0,"turns":2.0},{"damage":9.0,"enemies":"Snake Plant","floor":22.0,"turns":4.0},{"damage":29.0,"enemies":"Gremlin Leader","floor":24.0,"turns":5.0},{"damage":12.0,"enemies":"Chosen and Byrds","floor":28.0,"turns":5.0},{"damage":12.0,"enemies":"Sentry and Sphere","floor":29.0,"turns":3.0},{"damage":61.0,"enemies":"Collector","floor":33.0,"turns":7.0},{"damage":7.0,"enemies":"3 Shapes","floor":35.0,"turns":4.0},{"damage":22.0,"enemies":"Mind Bloom Boss Battle","floor":37.0,"turns":7.0},{"damage":12.0,"enemies":"Giant Head","floor":40.0,"turns":7.0},{"damage":9.0,"enemies":"3 Darklings","floor":41.0,"turns":5.0},{"damage":7.0,"enemies":"Nemesis","floor":42.0,"turns":8.0},{"damage":6.0,"enemies":"Reptomancer","floor":44.0,"turns":1.0},{"damage":7.0,"enemies":"Spire Growth","floor":46.0,"turns":5.0},{"damage":12.0,"enemies":"Jaw Worm Horde","floor":48.0,"turns":4.0},{"damage":7.0,"enemies":"Awakened One","floor":50.0,"turns":12.0},{"damage":7.0,"enemies":"Donu and Deca","floor":51.0,"turns":8.0},{"damage":4.0,"enemies":"Shield and Spear","floor":55.0,"turns":6.0},{"damage":7,"enemies":"The Heart","floor":56,"turns":7}],"seed_played":"-6850196393759960630","potions_obtained":[{"floor":1.0,"key":"Fire Potion"},{"floor":7.0,"key":"LiquidBronze"},{"floor":14.0,"key":"CultistPotion"},{"floor":18.0,"key":"SteroidPotion"},{"floor":19.0,"key":"ElixirPotion"},{"floor":29.0,"key":"SmokeBomb"},{"floor":33.0,"key":"PowerPotion"},{"floor":48.0,"key":"SteroidPotion"}],"is_trial":false,"path_per_floor":["M","?","?","?","$","R","E","R","T","E","M","R","$","?","R","B",null,"M","M","$","?","M","R","E","R","T","$","M","M","?","?","R","B",null,"M","?","?","$","?","E","M","E","T","E","R","M","R","M","R","B","B",null,"R","$","E","B",null],"character_chosen":"IRONCLAD","items_purchased":["Bottled Lightning","Dual Wield","Barricade","Ancient Potion"],"campfire_rested":1,"item_purchase_floors":[20,27,38,54],"current_hp_per_floor":[74,48,53,46,46,46,52,52,52,58,54,54,54,54,54,40,70,53,42,42,42,39,39,16,40,54,54,56,56,47,47,47,14,39,47,37,45,45,37,47,47,47,47,47,47,47,47,43,43,47,47,47,47,47,47,47],"gold":109,"neow_bonus":"THREE_ENEMY_KILL","is_daily":false,"chose_seed":false,"campfire_upgraded":7,"win_rate":0.0,"timestamp":1608806453,"path_taken":["M","?","?","?","$","R","E","R","T","E","M","R","?","?","R","BOSS","M","?","$","?","M","R","E","R","T","?","?","M","?","?","R","BOSS","M","?","?","$","?","E","M","E","T","E","R","M","R","M","R","BOSS","BOSS","R","$","E","BOSS"],"items_purchased_type":["Relic","Card","Card","Potion"],"build_version":"2020-12-22","purchased_purges":4,"victory":true,"max_hp_per_floor":[75,75,80,80,80,80,80,80,80,80,80,80,80,80,80,80,80,80,80,80,80,80,80,80,80,94,94,94,94,47,47,47,47,47,47,47,47,47,47,47,47,47,47,47,47,47,47,47,47,47,47,47,47,47,47,47],"relic_stats":{"SsserpentHead":150,"Shovel":2,"Torii":0,"counters":[24,121],"Golden Idol":199,"Shuriken":[5],"Pandora\u0027s Box":["Whirlwind","Offering","Offering","Demon Form","Whirlwind","Sentinel","Evolve"],"StoneCalendar":[206],"MawBank":144,"obtain_stats":[{"Lantern":24,"NeowsBlessing":0,"Torii":40,"Golden Idol":2,"Mango":26,"StoneCalendar":37,"MawBank":8,"Burning Blood":0,"Du-Vu Doll":10,"SsserpentHead":31,"Shovel":7,"HornCleat":12,"Shuriken":9,"Pandora\u0027s Box":17,"Mark of Pain":34,"Bag of Marbles":55,"Bottled Lightning":20},{"Lantern":9,"NeowsBlessing":0,"Torii":15,"Golden Idol":1,"Mango":9,"StoneCalendar":14,"MawBank":2,"Burning Blood":0,"Du-Vu Doll":3,"SsserpentHead":11,"Shovel":2,"HornCleat":4,"Shuriken":2,"Pandora\u0027s Box":5,"Mark of Pain":12,"Bag of Marbles":23,"Bottled Lightning":7},{"Lantern":32,"NeowsBlessing":0,"Torii":65,"Golden Idol":1,"Mango":32,"StoneCalendar":58,"MawBank":3,"Burning Blood":0,"Du-Vu Doll":4,"SsserpentHead":40,"Shovel":3,"HornCleat":8,"Shuriken":3,"Pandora\u0027s Box":16,"Mark of Pain":47,"Bag of Marbles":114,"Bottled Lightning":23}],"Burning Blood":90},"card_choices":[{"not_picked":["Dual Wield","Wild Strike","Flex"],"picked":"SKIP","floor":1.0},{"not_picked":["Havoc","Iron Wave"],"picked":"Fire Breathing","floor":7.0},{"not_picked":["Cleave","Perfected Strike"],"picked":"Sword Boomerang","floor":10.0},{"not_picked":["Havoc","Dual Wield"],"picked":"Flame Barrier","floor":11.0},{"not_picked":["Exhume","Corruption"],"picked":"Impervious","floor":16.0},{"not_picked":["Clothesline","Wild Strike","Flex"],"picked":"SKIP","floor":18.0},{"not_picked":["Pummel","Dual Wield","Anger"],"picked":"SKIP","floor":19.0},{"not_picked":["Clothesline","Thunderclap","Heavy Blade"],"picked":"SKIP","floor":22.0},{"not_picked":["Blood for Blood","Pummel"],"picked":"Reaper","floor":24.0},{"not_picked":["Perfected Strike","Carnage","Anger"],"picked":"SKIP","floor":28.0},{"not_picked":["Heavy Blade","Headbutt","Wild Strike"],"picked":"SKIP","floor":29.0},{"not_picked":["Heavy Blade","Headbutt","Wild Strike"],"picked":"SKIP","floor":29.0},{"not_picked":["Carnage","Headbutt","Blood for Blood"],"picked":"SKIP","floor":35.0},{"not_picked":["Madness","Panacea"],"picked":"Trip","floor":36.0},{"not_picked":["Blood for Blood","Warcry"],"picked":"Feel No Pain+1","floor":37.0},{"not_picked":["Disarm","Cleave"],"picked":"Battle Trance","floor":40.0},{"not_picked":["Fire Breathing","Body Slam","Burning Pact"],"picked":"SKIP","floor":41.0},{"not_picked":["Wild Strike","Feel No Pain"],"picked":"Entrench","floor":42.0},{"not_picked":["Havoc","Sword Boomerang+1","Clothesline"],"picked":"SKIP","floor":46.0},{"not_picked":["True Grit","Heavy Blade+1","Pommel Strike"],"picked":"SKIP","floor":48.0},{"not_picked":["Whirlwind+1","Clash+1","Sword Boomerang"],"picked":"SKIP","floor":55.0}],"player_experience":884676,"relics_obtained":[{"floor":7.0,"key":"Shovel"},{"floor":8.0,"key":"MawBank"},{"floor":9.0,"key":"Shuriken"},{"floor":10.0,"key":"Du-Vu Doll"},{"floor":12.0,"key":"HornCleat"},{"floor":24.0,"key":"Lantern"},{"floor":26.0,"key":"Mango"},{"floor":37.0,"key":"StoneCalendar"},{"floor":40.0,"key":"Torii"},{"floor":55.0,"key":"Bag of Marbles"}],"event_choices":[{"damage_healed":0.0,"max_hp_gain":0.0,"max_hp_loss":0.0,"gold_gain":0.0,"event_name":"Golden Idol","player_choice":"Take Damage","floor":2.0,"gold_loss":0.0,"damage_taken":26.0,"relics_obtained":["Golden Idol"]},{"damage_healed":0.0,"max_hp_gain":5.0,"max_hp_loss":0.0,"gold_gain":0.0,"event_name":"Big Fish","player_choice":"Donut","floor":3.0,"gold_loss":0.0,"damage_taken":0.0},{"cards_removed":["Strike_R"],"damage_healed":0.0,"max_hp_gain":0.0,"max_hp_loss":0.0,"gold_gain":0.0,"event_name":"Golden Wing","player_choice":"Card Removal","floor":4.0,"gold_loss":0.0,"damage_taken":7.0},{"damage_healed":0.0,"max_hp_gain":0.0,"max_hp_loss":0.0,"gold_gain":0.0,"event_name":"Lab","player_choice":"Got Potions","floor":14.0,"gold_loss":0.0,"damage_taken":0.0},{"cards_removed":["Bash"],"damage_healed":0.0,"max_hp_gain":0.0,"max_hp_loss":0.0,"gold_gain":0.0,"event_name":"Purifier","player_choice":"Purged","floor":21.0,"gold_loss":0.0,"damage_taken":0.0},{"damage_healed":0.0,"max_hp_gain":0.0,"max_hp_loss":47.0,"gold_gain":0.0,"event_name":"Ghosts","player_choice":"Became a Ghost","floor":30.0,"gold_loss":0.0,"damage_taken":0.0,"cards_obtained":["Ghostly","Ghostly","Ghostly"]},{"damage_healed":0.0,"max_hp_gain":0.0,"max_hp_loss":0.0,"gold_gain":0.0,"event_name":"FaceTrader","player_choice":"Trade","floor":31.0,"gold_loss":0.0,"damage_taken":0.0,"relics_obtained":["SsserpentHead"]},{"damage_healed":0.0,"max_hp_gain":0.0,"max_hp_loss":0.0,"gold_gain":0.0,"event_name":"SensoryStone","player_choice":"Memory 3","floor":36.0,"gold_loss":0.0,"damage_taken":10.0},{"damage_healed":0.0,"max_hp_gain":0.0,"max_hp_loss":0.0,"gold_gain":0.0,"event_name":"MindBloom","player_choice":"Fight","floor":37.0,"gold_loss":0.0,"damage_taken":0.0},{"damage_healed":0.0,"max_hp_gain":0.0,"max_hp_loss":0.0,"gold_gain":0.0,"event_name":"Winding Halls","player_choice":"Embrace Madness","floor":39.0,"gold_loss":0.0,"damage_taken":8.0,"cards_obtained":["Madness","Madness"]}],"is_beta":false,"boss_relics":[{"not_picked":["Velvet Choker","Astrolabe"],"picked":"Pandora\u0027s Box"},{"not_picked":["Black Blood","SacredBark"],"picked":"Mark of Pain"}],"items_purged_floors":[5,20,38,54],"is_endless":false,"potions_floor_spawned":[1,7,10,18,19,29,33,35,37,41,44,48,55],"ascension_level":20}}