{"host":"njruw0b0uprlitpx","time":1608813234,"event":{"mods":["2.2 Compatiblity","Astrologer","Bartender","BaseMod","Better Altar","Better Match","Better Note","Better Sensory Stone","Better Skull","Better Third Choice","BetterRewards","Block Reminder","Chen","Colored Map","Colored Powertips","Gremlin Mod","Jedi Mod","Keyboard Shortcuts","Magitek Elite","Minty Spire (QoL Compilation)","Quick Restart","Relic Stats","Replay The Spire","SacredBarkPlus","Spicy Shops","StSLib","SuperFastMode","The Construct","The Cursed","The Marked","The Mystic","The Necromancer","The Spell Scribe"],"gold_per_floor":[113,42,42,55,55,55,75,75,75,75,100,70,91,91,131,168,180,318,330,333,363,25,48,48,48,64,64,64],"floor_reached":27,"playtime":2091,"items_purged":[],"score":238,"play_id":"c23b3c48-be8b-4427-a509-e62821746658","local_time":"20201224063354","is_ascension_mode":false,"campfire_choices":[{"data":"Gremlin:Heckle","floor":6.0,"key":"SMITH"},{"floor":10.0,"key":"REST"},{"floor":17.0,"key":"REST"},{"floor":25.0,"key":"REST"}],"circlet_count":0,"master_deck":["Gremlin:Strike","Gremlin:Strike","Gremlin:Strike","Gremlin:Defend","Gremlin:Defend","Gremlin:Defend","Gremlin:Defend","Gremlin:TagTeam","Gremlin:GremlinDance","Gremlin:Unforgiving","Gremlin:InfiniteBlocks","Gremlin:Heckle+1","Momentum","Gremlin:BubbleBarrier","Gremlin:Jeer","Gremlin:RageBreak","Gremlin:PourSalt","Gremlin:Stupend","Gremlin:ProperTools","Gremlin:TargetWeakness","Gremlin:GremlinToss+1","Gremlin:Raid","Gremlin:MakeshiftArmor","Gremlin:ToeStub","Gremlin:Erupt","Gremlin:Irritability","Gremlin:ArmsTheft+1"],"relics":["Gremlin:GremlinKnob","Golden Idol","Happy Flower","MawBank","Gem_Box","Cursed Key","Membership Card","Orrery","Meat on the Bone"],"acts_visited":["Exordium","TheCity"],"potions_floor_usage":[],"damage_taken":[{"damage":3.0,"enemies":"2 Louse","floor":1.0,"turns":2.0},{"damage":3.0,"enemies":"Cultist","floor":4.0,"turns":3.0},{"damage":1.0,"enemies":"Jaw Worm","floor":7.0,"turns":4.0},{"damage":2.0,"enemies":"Looter","floor":12.0,"turns":4.0},{"damage":0.0,"enemies":"Exordium Thugs","floor":13.0,"turns":3.0},{"damage":1.0,"enemies":"Replay:BlueRogue","floor":15.0,"turns":8.0},{"damage":7.0,"enemies":"Blue Slaver","floor":16.0,"turns":4.0},{"damage":4.0,"enemies":"The Guardian","floor":18.0,"turns":15.0},{"damage":7.0,"enemies":"2 Thieves","floor":20.0,"turns":4.0},{"damage":0.0,"enemies":"3 Byrds","floor":21.0,"turns":6.0},{"damage":17.0,"enemies":"Snecko","floor":23.0,"turns":6.0},{"damage":0.0,"enemies":"Shelled Parasite and Fungi","floor":26.0,"turns":3.0},{"damage":0,"enemies":"Slavers","floor":27,"turns":1}],"seed_played":"-2034347176590708109","potions_obtained":[{"floor":14.0,"key":"LiquidMemories"},{"floor":14.0,"key":"DistilledChaos"},{"floor":14.0,"key":"EntropicBrew"},{"floor":20.0,"key":"Dexterity Potion"},{"floor":23.0,"key":"Weak Potion"}],"is_trial":false,"path_per_floor":["M","$","?","M","?","R","M","PTL","PTL","R","T","M","M","?","E","M","R","B",null,"M","M","$","M","?","R","M","E"],"character_chosen":"GREMLIN","items_purchased":["Gremlin:Heckle","Membership Card","Orrery","Meat on the Bone"],"campfire_rested":3,"item_purchase_floors":[2,22,22,22],"current_hp_per_floor":[20,20,20,17,12,12,11,11,11,17,17,18,18,18,17,10,16,12,20,20,20,20,14,14,20,20,20,20],"gold":64,"neow_bonus":"ONE_RANDOM_RARE_CARD","is_daily":false,"chose_seed":false,"campfire_upgraded":1,"win_rate":0.0,"timestamp":1608813234,"path_taken":["M","$","?","?","?","R","M","PTL","PTL","R","T","M","M","?","E","?","R","BOSS","M","M","$","M","?","R","M","E"],"items_purchased_type":["Card","Relic","Relic","Relic"],"build_version":"2020-12-22","purchased_purges":0,"victory":false,"max_hp_per_floor":[20,20,20,20,20,20,20,20,20,20,20,20,20,20,20,20,20,20,20,20,20,20,20,20,20,20,20,20],"relic_stats":{"Happy Flower":[21],"counters":[14,65],"Golden Idol":62,"MawBank":84,"Cursed Key":0,"obtain_stats":[{"Happy Flower":11,"Golden Idol":5,"Gremlin:GremlinKnob":0,"Orrery":22,"Gem_Box":19,"Membership Card":22,"MawBank":15,"Cursed Key":19,"Meat on the Bone":22},{"Happy Flower":4,"Golden Idol":3,"Gremlin:GremlinKnob":0,"Orrery":11,"Gem_Box":9,"Membership Card":11,"MawBank":7,"Cursed Key":9,"Meat on the Bone":11},{"Happy Flower":11,"Golden Idol":7,"Gremlin:GremlinKnob":0,"Orrery":55,"Gem_Box":45,"Membership Card":55,"MawBank":26,"Cursed Key":45,"Meat on the Bone":55}],"Meat on the Bone":12},"card_choices":[{"not_picked":["Gremlin:Tadah","Gremlin:PartyStick"],"picked":"Gremlin:InfiniteBlocks","floor":1.0},{"not_picked":["Gremlin:Pinprick","Gremlin:CatScratch"],"picked":"Gremlin:BubbleBarrier","floor":4.0},{"not_picked":["Gremlin:Tadah","Gremlin:Stupend"],"picked":"Gremlin:Jeer","floor":7.0},{"not_picked":["Gremlin:DaggerDance","Gremlin:ShowStopper"],"picked":"Gremlin:RageBreak","floor":12.0},{"not_picked":["Gremlin:DaggerDance","Gremlin:Pretaliation"],"picked":"Gremlin:PourSalt","floor":13.0},{"not_picked":["Gremlin:Kablamo","Gremlin:Rhythm"],"picked":"Gremlin:Stupend","floor":15.0},{"not_picked":["Gremlin:BulkUp","Gremlin:Glimmer"],"picked":"Gremlin:ProperTools","floor":16.0},{"not_picked":["Gremlin:FlipOut","Gremlin:Nob"],"picked":"Gremlin:TargetWeakness","floor":18.0},{"not_picked":["Gremlin:ToeStub+1","Gremlin:Tadah"],"picked":"Gremlin:GremlinToss+1","floor":20.0},{"not_picked":["Gremlin:Jeer","Gremlin:ShankStone+1"],"picked":"Gremlin:Raid","floor":21.0},{"not_picked":["Gremlin:Pretaliation+1","Gremlin:GlitterGuard"],"picked":"Gremlin:MakeshiftArmor","floor":22.0},{"not_picked":["Gremlin:ShowOfHands","Gremlin:Tricksy+1"],"picked":"Gremlin:ToeStub","floor":22.0},{"not_picked":["Gremlin:BulkUp+1","Gremlin:FeelTheAudience"],"picked":"Gremlin:Erupt","floor":22.0},{"not_picked":["Gremlin:GremlinMeal","Gremlin:Patsy+1"],"picked":"Gremlin:Irritability","floor":22.0},{"not_picked":["Gremlin:GlitterGuard","Gremlin:ToeStub"],"picked":"Gremlin:ArmsTheft+1","floor":23.0},{"not_picked":["Gremlin:Tricksy","Gremlin:ProperTools","Gremlin:Heckle"],"picked":"SKIP","floor":26.0}],"player_experience":1752652,"relics_obtained":[{"floor":11.0,"key":"Happy Flower"},{"floor":15.0,"key":"MawBank"}],"event_choices":[{"cards_removed":["Gremlin:Unforgiving"],"damage_healed":0.0,"max_hp_gain":0.0,"max_hp_loss":0.0,"gold_gain":0.0,"event_name":"betterNote:BetterNote","player_choice":"Take \u0026 Give","floor":3.0,"gold_loss":0.0,"damage_taken":0.0,"cards_obtained":["Momentum"]},{"damage_healed":0.0,"max_hp_gain":0.0,"max_hp_loss":0.0,"gold_gain":0.0,"event_name":"Golden Idol","player_choice":"Take Damage","floor":5.0,"gold_loss":0.0,"damage_taken":5.0,"relics_obtained":["Golden Idol"]},{"damage_healed":0.0,"max_hp_gain":0.0,"max_hp_loss":0.0,"gold_gain":0.0,"event_name":"Lab","player_choice":"Got Potions","floor":14.0,"gold_loss":0.0,"damage_taken":0.0},{"cards_removed":["Gremlin:Strike"],"damage_healed":0.0,"max_hp_gain":0.0,"max_hp_loss":0.0,"gold_gain":0.0,"event_name":"betterThird:BetterWriting","player_choice":"Elegance","floor":24.0,"gold_loss":0.0,"damage_taken":0.0}],"is_beta":false,"boss_relics":[{"not_picked":["Tiny House","Astrolabe"],"picked":"Gem_Box"}],"items_purged_floors":[],"is_endless":false,"potions_floor_spawned":[15,16,20,23],"killed_by":"Slavers","ascension_level":0}}