{"host":"2i1pijcp2h7bc3zy","time":1608808841,"event":{"mods":["2.2 Compatiblity","Abigail Mod","Aspiration","Bartender","BaseMod","Beaked The Cultist","BetterRewards","CapriCore","Colored Map","Defuse TimeMaze Blight","Friendly Minions","Gold Saver","Hubris","Infinite Spire","Koishi","Magitek Elite","Minty Spire (QoL Compilation)","Permanent Neow","Random Character Button","Relic Filter","Relic Sorter","Remilia??????","Reorder Act Four","Replay The Spire","Shade Mod","Shop Mod","StSLib","The Administrix","The Immortal","The Necromancer","The Senshi","The Servant 0.9.4","The Witch","TheSwordswoman","????"],"gold_per_floor":[1330,1330,1348,1348,1362,1397,1397,1429,1429,1429,1441,1441,1472,1492,1492,1592,1592,1612,1625,1638,1649,1609,1609,1637,1648,1696,1725,1740,1756,1756,1789,1789,1888,1888,1905,2003,2020,2036,1833,1859,1859,1890,1890,1990,2000,2028,2043,1661,1661,1661,1661,1661,1661,1693,1693],"floor_reached":56,"playtime":3678,"items_purged":["Strike_W","Strike_W","Strike_W","Defend_W"],"score":2229,"play_id":"616c8a45-eba7-46dc-9786-5ebaf3bb0bc9","local_time":"20201224042041","is_ascension_mode":true,"campfire_choices":[{"data":"Blood_Curse","floor":7,"key":"SMITH"},{"data":"Requiem","floor":10,"key":"PURGE"},{"data":"Bone_Armor","floor":15,"key":"SMITH"},{"data":"Summon_Vampire_Lady","floor":23,"key":"SMITH"},{"data":"Summon_Undead","floor":30,"key":"SMITH"},{"data":"Bones_to_Steel","floor":32,"key":"SMITH"},{"data":"Strike_W+1","floor":41,"key":"PURGE"},{"floor":49,"key":"RECALL"},{"data":"Blood_Magic","floor":53,"key":"SMITH"}],"circlet_count":0,"master_deck":["AscendersBane","Defend_W","Negative_Energy_Arrows+1","Bone_Wall","Necrotic_Claws+1","Bone_Armory","Blood_Curse+1","Bone_Bullets","Bone_Armor+1","Summon_Vampire_Lady+1","Siphon_Strength+1","Bone_Armor+1","Bones_to_Steel+1","Plague_Bolt","Summon_Undead+1","Toxic_Smoke_Screen+1","Uncharnel","Bone_Prison","Blood_Magic+1","Bone_Shift+1","Bone_Shift+1","Blood_Is_Power","Shade_Step","Siphon_Strength"],"relics":["Vampire_Amulet","Peace Pipe","Choco_Feather","Torii","MerchantsRug","Guide Book","hubris:Potato","InkBottle","Mythril_Glove","beaked:ShinyBauble","infinitespire:WardingShard","Oddly Smooth Stone","aspiration:RitualDagger","Replay:Baseball","Protect_Vest","Bronze Scales","hubris:BundleOfHerbs","aspiration:FrozenJewel","ReplayTheSpireMod:TigerMarble","aspiration:TomeofQuesting","aspiration:SneckoTail","Girya","Turnip","Medical Kit","aspiration:HummingbirdHeart"],"acts_visited":["Exordium","TheCity","TheBeyond","TheEnding"],"potions_floor_usage":[13,18,55,55,55],"damage_taken":[{"damage":1,"enemies":"Cultist","floor":1,"turns":3},{"damage":0,"enemies":"Small Slimes","floor":3,"turns":2},{"damage":0,"enemies":"2 Louse","floor":5,"turns":1},{"damage":11,"enemies":"Lagavulin","floor":6,"turns":6},{"damage":3,"enemies":"3 Sentries","floor":8,"turns":9},{"damage":0,"enemies":"Looter","floor":11,"turns":2},{"damage":12,"enemies":"Gremlin Nob","floor":13,"turns":3},{"damage":0,"enemies":"2 Fungi Beasts","floor":14,"turns":2},{"damage":19,"enemies":"Hexaghost","floor":16,"turns":6},{"damage":11,"enemies":"2 Thieves","floor":18,"turns":4},{"damage":6,"enemies":"3 Byrds","floor":19,"turns":4},{"damage":20,"enemies":"Sentry and Sphere","floor":20,"turns":6},{"damage":1,"enemies":"Chosen and Byrds","floor":21,"turns":6},{"damage":0,"enemies":"Replay:Snechameleon","floor":24,"turns":5},{"damage":10,"enemies":"Centurion and Healer","floor":25,"turns":7},{"damage":9,"enemies":"Gremlin Leader","floor":27,"turns":6},{"damage":18,"enemies":"3 Cultists","floor":28,"turns":6},{"damage":0,"enemies":"Snecko","floor":29,"turns":5},{"damage":14,"enemies":"Book of Stabbing","floor":31,"turns":4},{"damage":27,"enemies":"hubris:MusketHawk","floor":33,"turns":8},{"damage":1,"enemies":"Orb Walker","floor":35,"turns":5},{"damage":0,"enemies":"3 Shapes","floor":37,"turns":6},{"damage":0,"enemies":"3 Darklings","floor":38,"turns":5},{"damage":3,"enemies":"Nemesis","floor":40,"turns":8},{"damage":1,"enemies":"R_Hoarder","floor":42,"turns":9},{"damage":15,"enemies":"infinitespire:Three Voidlings","floor":44,"turns":5},{"damage":16,"enemies":"Nightmare_Alpha","floor":44,"turns":8},{"damage":12,"enemies":"Sphere and 2 Shapes","floor":45,"turns":6},{"damage":38,"enemies":"Reptomancer","floor":46,"turns":7},{"damage":0,"enemies":"Maw","floor":47,"turns":6},{"damage":7,"enemies":"Awakened One","floor":50,"turns":8},{"damage":26,"enemies":"Shield and Spear","floor":54,"turns":6},{"damage":53,"enemies":"The Heart","floor":55,"turns":10}],"seed_played":"256354693326215477","potions_obtained":[{"floor":8,"key":"Swift Potion"},{"floor":13,"key":"SkillPotion"},{"floor":14,"key":"Regen Potion"},{"floor":16,"key":"infinitespire:BlackPotion"},{"floor":18,"key":"Fire Potion"},{"floor":27,"key":"SkillPotion"},{"floor":28,"key":"Strength Potion"}],"is_trial":false,"path_per_floor":["M","?","M","?","M","E","R","E","T","R","M","?","E","M","R","B",null,"M","M","M","M","?","R","E","M","T","E","M","M","R","E","R","B",null,"M","?","M","M","$","E","R","E","T","?","M","E","M","$","R","B",null,"$","R","E","B",null],"character_chosen":"NECROMANCER","items_purchased":["Necrotic_Claws","MerchantsRug","Guide Book","InkBottle","Explosive Potion","Blood_Is_Power","Medical Kit","Shade_Step"],"campfire_rested":0,"item_purchase_floors":[0,0,0,0,0,39,48,48],"current_hp_per_floor":[69,63,67,67,71,62,62,65,65,65,67,75,65,69,69,52,69,71,75,62,65,65,65,73,70,70,74,69,75,75,72,72,65,73,75,57,66,75,75,75,75,75,75,72,75,58,72,72,72,75,75,75,75,75,51],"gold":1693,"neow_bonus":"","is_daily":false,"chose_seed":false,"campfire_upgraded":6,"win_rate":0.0,"timestamp":1608808841,"path_taken":["M","?","M","?","?","E","R","E","T","R","M","?","E","M","R","BOSS","M","M","M","M","?","R","E","M","T","E","M","M","R","E","R","BOSS","M","?","M","M","?","E","R","E","T","?","?","E","M","$","R","BOSS","$","R","E","BOSS"],"items_purchased_type":["Card","Relic","Relic","Relic","Potion","Card","Relic","Card"],"build_version":"2020-12-22","purchased_purges":4,"victory":true,"max_hp_per_floor":[75,75,75,75,75,75,75,75,75,75,75,75,75,75,75,75,75,75,75,75,75,75,75,75,75,75,75,75,75,75,75,75,75,75,75,75,75,75,75,75,75,75,75,75,75,75,75,75,75,75,75,75,75,75,75],"card_choices":[{"not_picked":["Summon_Undead_Army","Shackles_Of_Pain","Negative_Energy_Mist"],"picked":"SKIP","floor":1},{"not_picked":["Blood_Whip","Death_Coil"],"picked":"Bone_Armory","floor":3},{"not_picked":["Scare","Chill_Blood","Shackles_Of_Pain"],"picked":"SKIP","floor":5},{"not_picked":["Corrupt","Cloudkill"],"picked":"Blood_Curse","floor":6},{"not_picked":["Necromantic_Selection","Scare"],"picked":"Bone_Bullets","floor":8},{"not_picked":["Chill_Blood","Blood_for_Blood","Negative_Energy_Javelin"],"picked":"SKIP","floor":11},{"not_picked":["Shackles_Of_Pain","Vampiric_Strike","Negative_Energy_Javelin"],"picked":"SKIP","floor":13},{"not_picked":["Shackles_Of_Pain","Vampiric_Strike","Negative_Energy_Javelin"],"picked":"SKIP","floor":13},{"not_picked":["Bone_Bullets","Stop_Heart"],"picked":"Bone_Armor","floor":14},{"not_picked":["Blood_Wake","Grasp_Heart"],"picked":"Summon_Vampire_Lady","floor":16},{"not_picked":["Pandemic+1","Negative_Energy_Sphere"],"picked":"Siphon_Strength+1","floor":18},{"not_picked":["Shackles_Of_Pain","Slay_Living","Negative_Energy_Burst"],"picked":"SKIP","floor":19},{"not_picked":["Exploit","Bone_Shift+1"],"picked":"Bone_Armor+1","floor":20},{"not_picked":["Blood_Whip+1","Chill_Blood"],"picked":"Bones_to_Steel","floor":21},{"not_picked":["Pandemic","Shackles_Of_Pain"],"picked":"Plague_Bolt","floor":24},{"not_picked":["Vampiric_Strike","Deaths_Shadow","Finger_Of_Death"],"picked":"SKIP","floor":25},{"not_picked":["Epidemic","Plague_Bolt+1"],"picked":"Summon_Undead","floor":27},{"not_picked":["Epidemic+1","Shackles_Of_Pain"],"picked":"Toxic_Smoke_Screen+1","floor":28},{"not_picked":["Stop_Heart","Death_Knell"],"picked":"Uncharnel","floor":29},{"not_picked":["Detonate_Bones","Negative_Energy_Sphere"],"picked":"Bone_Prison","floor":31},{"not_picked":["Summon_Vampire_Lady","Negative_Energy_Bomb"],"picked":"Blood_Magic","floor":33},{"not_picked":["Consume_Illness+1","Bone_Bullets+1"],"picked":"Bone_Shift+1","floor":35},{"not_picked":["Bone_Spikes+1","Strike_from_Beyond"],"picked":"Bone_Shift+1","floor":37},{"not_picked":["Negative_Energy_Sphere+1","Bones_to_Steel+1","Corrupt+1"],"picked":"SKIP","floor":38},{"not_picked":["Blood_Shield","Negative_Energy_Mist+1","Blood_for_Blood+1"],"picked":"SKIP","floor":40},{"not_picked":["Summon_Death_Knight","Negative_Energy_Javelin","Shackles_Of_Pain"],"picked":"SKIP","floor":42},{"not_picked":["Death_Knell","Negative_Energy_Burst","Life_Tap"],"picked":"SKIP","floor":45},{"not_picked":["Finger_Of_Death+1","Blood_Whip","Grasp_Heart"],"picked":"SKIP","floor":46},{"not_picked":["Death_Knell+1","Finger_Of_Death","Summon_Lich+1"],"picked":"SKIP","floor":47},{"not_picked":["Scare","Shackles_Of_Pain+1"],"picked":"Siphon_Strength","floor":54}],"player_experience":1696465,"relics_obtained":[{"floor":6,"key":"Mythril_Glove"},{"floor":8,"key":"beaked:ShinyBauble"},{"floor":9,"key":"infinitespire:WardingShard"},{"floor":13,"key":"Oddly Smooth Stone"},{"floor":24,"key":"Protect_Vest"},{"floor":26,"key":"Bronze Scales"},{"floor":27,"key":"hubris:BundleOfHerbs"},{"floor":31,"key":"aspiration:FrozenJewel"},{"floor":36,"key":"ReplayTheSpireMod:TigerMarble"},{"floor":40,"key":"aspiration:TomeofQuesting"},{"floor":42,"key":"aspiration:SneckoTail"},{"floor":44,"key":"Girya"},{"floor":46,"key":"Turnip"},{"floor":54,"key":"aspiration:HummingbirdHeart"}],"event_choices":[{"damage_healed":0,"gold_gain":0,"cards_transformed":["Defend_W"],"player_choice":"Transformed","damage_taken":0,"max_hp_gain":0,"max_hp_loss":0,"event_name":"Transmorgrifier","floor":4,"gold_loss":0,"cards_obtained":["Requiem"]}],"is_beta":false,"boss_relics":[{"not_picked":["Runic Pyramid","aspiration:PoetsPen_weak"],"picked":"aspiration:RitualDagger"},{"not_picked":["Replay:Bronze Core","infinitespire:Cupcake","Replay:Wanted Poster"]}],"items_purged_floors":[0,0,39,48],"is_endless":false,"potions_floor_spawned":[8,13,14,16,18,25,27,28,33,37,38,44,44,45],"ascension_level":10}}