{"host":"y0g3igjvi2dlgj2k","time":1608852511,"event":{"mods":["BaseMod","Colored Powertips","Defuse TimeMaze Blight","Minty Spire (QoL Compilation)","StSLib","The Animator"],"gold_per_floor":[116,26,41,41,41,80,80,115,141,163,163,185,185,41,41,190,190,225,229,50,50,90,121,150,181,181,33,33,33,60,93,93,239,239,253,278,278,302,306,306],"floor_reached":39,"playtime":4598,"items_purged":["animator:Defend_MadokaMagica","animator:Defend_OwariNoSeraph"],"score":412,"play_id":"5c332171-9052-4172-a171-9ac1cdf2adec","local_time":"20201225002831","is_ascension_mode":false,"campfire_choices":[{"floor":7.0,"key":"REST"},{"data":"animator:Shuna","floor":11.0,"key":"SMITH"},{"data":"animator:PandorasActor","floor":15.0,"key":"SMITH"},{"data":"animator:IzunaHatsuse","floor":28,"key":"SMITH"},{"data":"animator:Megumin+1","floor":32,"key":"SMITH"}],"circlet_count":0,"master_deck":["animator:Strike_Konosuba","animator:Defend_Konosuba","animator:Kazuma","animator:Aqua","animator:Shion","animator:Strike_Fate","animator:Strike_Katanagatari","animator:Strike_HitsugiNoChaika","animator:Defend_OnePunchMan+1","animator:Kazuma+1","animator:DolaRiku","animator:Chris","animator:Shuna+1","animator:PandorasActor+1","animator:Darkness","animator:Sora","animator:Vanir+1","animator:Eris","animator:Vesta+1","animator:Ara","animator:IzunaHatsuse+1","animator:Benimaru","animator:Megumin+6","animator:Souei","animator:Ainz","CurseOfTheBell","animator:FielNirvalen+1","animator:Shuna","animator:PandorasActor+1"],"relics":["animator:LivingPicture","animator:TheMissingPiece","Golden Idol","Toy Ornithopter","Black Star","Matryoshka","War Paint","Paper Crane","Lee\u0027s Waffle","MutagenicStrength","Calling Bell","Ancient Tea Set","Molten Egg 2","Pocketwatch"],"acts_visited":["Exordium","TheCity","TheBeyond"],"potions_floor_usage":[25,25,33,38],"damage_taken":[{"damage":1.0,"enemies":"Jaw Worm","floor":1.0,"turns":6.0},{"damage":0.0,"enemies":"Small Slimes","floor":3.0,"turns":3.0},{"damage":28.0,"enemies":"3 Sentries","floor":6.0,"turns":14.0},{"damage":2.0,"enemies":"Cultist","floor":8.0,"turns":4.0},{"damage":0.0,"enemies":"Looter","floor":10.0,"turns":4.0},{"damage":0.0,"enemies":"3 Louse","floor":12.0,"turns":5.0},{"damage":41.0,"enemies":"The Guardian","floor":16.0,"turns":17.0},{"damage":1.0,"enemies":"Shell Parasite","floor":18.0,"turns":10.0},{"damage":11,"enemies":"2 Thieves","floor":19,"turns":5},{"damage":25,"enemies":"Cultist and Chosen","floor":22,"turns":10},{"damage":33,"enemies":"Snake Plant","floor":23,"turns":7},{"damage":20,"enemies":"Snecko","floor":24,"turns":5},{"damage":15,"enemies":"3 Cultists","floor":25,"turns":5},{"damage":15,"enemies":"Sentry and Sphere","floor":30,"turns":8},{"damage":53,"enemies":"Shelled Parasite and Fungi","floor":31,"turns":5},{"damage":35,"enemies":"Champ","floor":33,"turns":13},{"damage":58,"enemies":"3 Darklings","floor":35,"turns":14},{"damage":11,"enemies":"3 Shapes","floor":36,"turns":6},{"damage":38,"enemies":"3 Darklings","floor":38,"turns":9},{"damage":20,"enemies":"Maw","floor":39,"turns":2}],"seed_played":"4755836424622854964","potions_obtained":[{"floor":3.0,"key":"Energy Potion"},{"floor":22,"key":"PowerPotion"},{"floor":24,"key":"Explosive Potion"},{"floor":30,"key":"PowerPotion"},{"floor":35,"key":"EssenceOfSteel"}],"is_trial":false,"path_per_floor":["M","?","M","?","?","E","R","M","T","M","R","M","?","$","R","B",null,"M","M","$","T","M","M","M","M","T","$","R","?","M","M","R","B",null,"M","M","?","M","M"],"character_chosen":"THE_ANIMATOR","items_purchased":["animator:Darkness","animator:Vesta","Lee\u0027s Waffle"],"campfire_rested":1,"item_purchase_floors":[14,20,27],"current_hp_per_floor":[72,72,72,72,72,46,67,67,67,69,69,71,71,71,71,31,72,72,63,63,63,43,15,8,13,13,81,81,81,71,23,23,10,81,28,22,22,9,0,0],"gold":306,"neow_bonus":"TEN_PERCENT_HP_BONUS","is_daily":false,"chose_seed":false,"campfire_upgraded":4,"win_rate":0.0,"timestamp":1608852511,"path_taken":["M","?","M","?","?","E","R","M","T","M","R","M","?","$","R","BOSS","M","M","$","?","M","M","M","M","T","$","R","?","M","M","R","BOSS","M","M","?","?","M"],"items_purchased_type":["Card","Card","Relic"],"build_version":"2020-12-22","purchased_purges":2,"victory":false,"max_hp_per_floor":[72,72,72,72,72,72,72,72,72,72,72,72,72,72,72,72,72,73,73,73,73,73,73,73,74,74,81,81,81,81,81,81,81,81,81,81,81,81,81,81],"card_choices":[{"not_picked":["animator:Chung","animator:YaoHaDucy"],"picked":"animator:Shion","floor":1.0},{"not_picked":["animator:TukaLunaMarceau","animator:Verdia"],"picked":"animator:Kazuma","floor":3.0},{"not_picked":["animator:Shion","animator:Tet"],"picked":"animator:DolaRiku","floor":6.0},{"not_picked":["animator:YunYun","animator:Verdia"],"picked":"animator:Chris","floor":8.0},{"not_picked":["animator:Bozes","animator:Shion"],"picked":"animator:Shuna","floor":10.0},{"not_picked":["animator:Arpeggio","animator:Raven"],"picked":"animator:PandorasActor","floor":12.0},{"not_picked":["animator:Eris","animator:PinaCoLada"],"picked":"animator:Sora","floor":16.0},{"not_picked":["animator:Ciel","animator:Shuna"],"picked":"animator:Vanir+1","floor":18},{"not_picked":["animator:YunYun","animator:Chris"],"picked":"animator:Eris","floor":19},{"not_picked":["animator:DolaCouronne","animator:Laby"],"picked":"animator:Ara","floor":22},{"not_picked":["animator:Arpeggio+1","animator:Elsword"],"picked":"animator:IzunaHatsuse","floor":23},{"not_picked":["animator:PandorasActor+1","animator:Kazuma"],"picked":"animator:Benimaru","floor":24},{"not_picked":["animator:Vanir","animator:Kazuma"],"picked":"animator:Megumin","floor":25},{"not_picked":["animator:Sebas","animator:Geryuganshoop","animator:Cocytus"],"picked":"SKIP","floor":30},{"not_picked":["animator:Genos","animator:TukaLunaMarceau+1"],"picked":"animator:Souei","floor":31},{"not_picked":["animator:Rimuru","animator:ItamiYouji"],"picked":"animator:Ainz","floor":33},{"not_picked":["animator:DolaRiku","animator:YaoHaDucy+1"],"picked":"animator:FielNirvalen+1","floor":35},{"not_picked":["animator:Kaijin","animator:Vesta"],"picked":"animator:Shuna","floor":36},{"not_picked":["animator:Aisha+1","animator:Chung+1"],"picked":"animator:PandorasActor+1","floor":38}],"player_experience":123153,"relics_obtained":[{"floor":6.0,"key":"Toy Ornithopter"},{"floor":21,"key":"Matryoshka"},{"floor":26,"key":"War Paint"},{"floor":26,"key":"Paper Crane"},{"floor":34,"key":"Ancient Tea Set"},{"floor":34,"key":"Molten Egg 2"},{"floor":34,"key":"Pocketwatch"}],"event_choices":[{"damage_healed":0.0,"max_hp_gain":0.0,"max_hp_loss":0.0,"gold_gain":0.0,"event_name":"Shining Light","player_choice":"Ignored","floor":4.0,"gold_loss":0.0,"damage_taken":0.0},{"damage_healed":0.0,"max_hp_gain":0.0,"max_hp_loss":0.0,"gold_gain":0.0,"event_name":"Golden Idol","player_choice":"Take Wound","floor":5.0,"gold_loss":0.0,"damage_taken":0.0,"relics_obtained":["Golden Idol"],"cards_obtained":["Injury"]},{"cards_removed":["Injury"],"damage_healed":0.0,"max_hp_gain":0.0,"max_hp_loss":0.0,"gold_gain":0.0,"event_name":"Fountain of Cleansing","player_choice":"Removed Curses","floor":13.0,"gold_loss":0.0,"damage_taken":0.0},{"damage_healed":0,"gold_gain":0,"player_choice":"Inject Mutagens","damage_taken":0,"relics_obtained":["MutagenicStrength"],"max_hp_gain":0,"max_hp_loss":0,"event_name":"Drug Dealer","floor":29,"gold_loss":0},{"damage_healed":0,"gold_gain":0,"player_choice":"Forge","damage_taken":0,"max_hp_gain":0,"max_hp_loss":0,"event_name":"Accursed Blacksmith","floor":37,"gold_loss":0,"cards_upgraded":["animator:Vesta"]}],"is_beta":false,"boss_relics":[{"not_picked":["Ectoplasm","Philosopher\u0027s Stone"],"picked":"Black Star"},{"not_picked":["animator:RacePiece","Tiny House"],"picked":"Calling Bell"}],"items_purged_floors":[14,20],"is_endless":false,"potions_floor_spawned":[3,6,12,22,23,24,30,31,35],"killed_by":"Maw","ascension_level":0}}