{"host":"gglig5t0wntczcri","time":1608807325,"event":{"mods":["BaseMod","BetterRewards","Colored Map","Colored Powertips","Minty Spire (QoL Compilation)"],"gold_per_floor":[119,119,119,138,155,155,183,183,206,206,206,240,240,259,259,354,354,368,368,368,378,200,232,232,257,283,309,321,321,321,321,321,423,423,440,455,330,330,341,367,367,399,399,399,428,480,480,499,499,499,499,499,216,245,245],"floor_reached":56,"playtime":3759,"items_purged":["Strike_P","Decay","Writhe"],"score":1376,"play_id":"bd642d7d-c462-403a-8b87-c6fc951c3d49","local_time":"20201224055525","is_ascension_mode":true,"campfire_choices":[{"floor":6,"key":"REST"},{"floor":8,"key":"RECALL"},{"data":"Apotheosis","floor":11,"key":"SMITH"},{"floor":13,"key":"REST"},{"data":"DeusExMachina","floor":15,"key":"SMITH"},{"data":"BattleHymn","floor":24,"key":"SMITH"},{"floor":30,"key":"REST"},{"data":"Worship","floor":32,"key":"SMITH"},{"floor":41,"key":"REST"},{"floor":49,"key":"REST"},{"floor":52,"key":"REST"}],"circlet_count":0,"master_deck":["Strike_P","Strike_P","Strike_P","Defend_P","Defend_P","Defend_P","Defend_P","Eruption","Vigilance","Prostrate","BattleHymn+1","Apotheosis+1","FlyingSleeves","ClearTheMind","Prostrate","DeusExMachina+1","Evaluate","LikeWater","Vault","CutThroughFate","EmptyBody","LikeWater","CarveReality+1","ClearTheMind","Worship+1","Vault","FlurryOfBlows+1","Protect+1","EmptyMind+1","Prostrate","JustLucky+1","CutThroughFate+1","BattleHymn"],"relics":["PureWater","Mummified Hand","Incense Burner","Oddly Smooth Stone","HornCleat","Regal Pillow","Busted Crown","MutagenicStrength","Gremlin Horn","Kunai","Anchor","Bottled Lightning","Ice Cream","Fusion Hammer","Toy Ornithopter","Art of War","Lantern","Shuriken","GoldenEye","OrangePellets","Thread and Needle"],"acts_visited":["Exordium","TheCity","TheBeyond","TheEnding"],"potions_floor_usage":[12,23,23,45,55,55],"damage_taken":[{"damage":0.0,"enemies":"Jaw Worm","floor":1.0,"turns":2.0},{"damage":0,"enemies":"2 Louse","floor":4,"turns":2},{"damage":1,"enemies":"Cultist","floor":5,"turns":3},{"damage":15,"enemies":"3 Sentries","floor":7,"turns":6},{"damage":4,"enemies":"Gremlin Nob","floor":12,"turns":3},{"damage":0,"enemies":"Exordium Thugs","floor":14,"turns":3},{"damage":19,"enemies":"Hexaghost","floor":16,"turns":6},{"damage":0,"enemies":"Spheric Guardian","floor":18,"turns":2},{"damage":3,"enemies":"3 Byrds","floor":21,"turns":5},{"damage":8,"enemies":"Slavers","floor":23,"turns":5},{"damage":16,"enemies":"Gremlin Leader","floor":25,"turns":6},{"damage":0,"enemies":"Book of Stabbing","floor":27,"turns":5},{"damage":0,"enemies":"Shelled Parasite and Fungi","floor":28,"turns":2},{"damage":28,"enemies":"Automaton","floor":33,"turns":8},{"damage":0,"enemies":"3 Shapes","floor":35,"turns":4},{"damage":0,"enemies":"Orb Walker","floor":36,"turns":3},{"damage":0,"enemies":"3 Darklings","floor":39,"turns":4},{"damage":0,"enemies":"Giant Head","floor":40,"turns":5},{"damage":0,"enemies":"Nemesis","floor":42,"turns":5},{"damage":0,"enemies":"Giant Head","floor":45,"turns":6},{"damage":0,"enemies":"2 Orb Walkers","floor":46,"turns":5},{"damage":0,"enemies":"Spire Growth","floor":48,"turns":4},{"damage":2,"enemies":"Donu and Deca","floor":50,"turns":7},{"damage":32,"enemies":"Shield and Spear","floor":54,"turns":4},{"damage":16,"enemies":"The Heart","floor":55,"turns":7}],"seed_played":"1868625630313128649","potions_obtained":[{"floor":5,"key":"CultistPotion"},{"floor":7,"key":"Fire Potion"},{"floor":12,"key":"LiquidMemories"},{"floor":18,"key":"FearPotion"},{"floor":25,"key":"StancePotion"},{"floor":33,"key":"FairyPotion"},{"floor":36,"key":"SpeedPotion"},{"floor":39,"key":"DistilledChaos"}],"is_trial":false,"path_per_floor":["M","?","?","M","M","R","E","R","T","T","R","E","R","M","R","B",null,"M","?","?","M","$","E","R","E","T","E","M","?","R","?","R","B",null,"M","M","$","?","M","E","R","E","T","?","E","?","?","M","R","B",null,"R","$","E","B",null],"character_chosen":"WATCHER","items_purchased":["Mummified Hand","Incense Burner","Prostrate","BattleHymn","Apotheosis","Crescendo","LikeWater","OrangePellets","BattleHymn","FearPotion"],"campfire_rested":6,"item_purchase_floors":[0,0,0,0,0,0,22,53,53,53],"current_hp_per_floor":[40,40,45,45,44,65,50,50,50,50,50,46,72,72,72,53,72,72,72,72,69,69,61,61,45,45,45,45,45,72,72,72,44,72,72,72,72,72,72,72,72,72,72,68,68,68,68,68,68,66,68,68,68,36,30],"gold":245,"neow_bonus":"","is_daily":false,"chose_seed":false,"campfire_upgraded":4,"win_rate":0.0,"timestamp":1608807325,"path_taken":["M","?","?","M","?","R","E","R","T","?","R","E","R","M","R","BOSS","M","?","?","?","$","E","R","E","T","E","M","?","R","?","R","BOSS","M","M","$","?","M","E","R","E","T","?","E","?","?","M","R","BOSS","R","$","E","BOSS"],"items_purchased_type":["Relic","Relic","Card","Card","Card","Card","Card","Relic","Card","Potion"],"build_version":"2020-12-22","purchased_purges":3,"victory":true,"max_hp_per_floor":[72,72,72,72,72,72,72,72,72,72,72,72,72,72,72,72,72,72,72,72,72,72,72,72,72,72,72,72,72,72,72,72,72,72,72,72,72,72,72,72,72,72,72,68,68,68,68,68,68,68,68,68,68,68,68],"card_choices":[{"not_picked":["ClearTheMind","LikeWater"],"picked":"FlyingSleeves","floor":1.0},{"not_picked":["ForeignInfluence","Consecrate"],"picked":"ClearTheMind","floor":4},{"not_picked":["Consecrate","Tantrum"],"picked":"Prostrate","floor":5},{"not_picked":["Consecrate","Wireheading"],"picked":"DeusExMachina","floor":7},{"not_picked":["PathToVictory","Swivel"],"picked":"Evaluate","floor":12},{"not_picked":["Nirvana","WaveOfTheHand"],"picked":"LikeWater","floor":14},{"not_picked":["Scrawl","Judgement"],"picked":"Vault","floor":16},{"not_picked":[],"picked":"CutThroughFate","floor":18},{"not_picked":[],"picked":"EmptyBody","floor":21},{"not_picked":[],"picked":"CarveReality+1","floor":23},{"not_picked":[],"picked":"ClearTheMind","floor":25},{"not_picked":["BattleHymn"],"picked":"SKIP","floor":27},{"not_picked":["ClearTheMind"],"picked":"SKIP","floor":28},{"not_picked":[],"picked":"Vault","floor":33},{"not_picked":[],"picked":"FlurryOfBlows+1","floor":35},{"not_picked":[],"picked":"Protect+1","floor":36},{"not_picked":[],"picked":"EmptyMind+1","floor":39},{"not_picked":["JustLucky"],"picked":"SKIP","floor":40},{"not_picked":["ClearTheMind"],"picked":"SKIP","floor":42},{"not_picked":[],"picked":"Prostrate","floor":45},{"not_picked":[],"picked":"JustLucky+1","floor":46},{"not_picked":[],"picked":"CutThroughFate+1","floor":48},{"not_picked":["ReachHeaven"],"picked":"SKIP","floor":54}],"player_experience":915729,"relics_obtained":[{"floor":7,"key":"Oddly Smooth Stone"},{"floor":10,"key":"HornCleat"},{"floor":12,"key":"Regal Pillow"},{"floor":23,"key":"Gremlin Horn"},{"floor":25,"key":"Kunai"},{"floor":26,"key":"Anchor"},{"floor":27,"key":"Bottled Lightning"},{"floor":40,"key":"Toy Ornithopter"},{"floor":42,"key":"Art of War"},{"floor":43,"key":"Lantern"},{"floor":45,"key":"Shuriken"},{"floor":46,"key":"GoldenEye"},{"floor":54,"key":"Thread and Needle"}],"event_choices":[{"damage_healed":0.0,"max_hp_gain":0.0,"max_hp_loss":0.0,"gold_gain":0.0,"event_name":"Golden Wing","player_choice":"Ignored","floor":2.0,"gold_loss":0.0,"damage_taken":0.0},{"cards_removed":["Crescendo"],"damage_healed":5,"gold_gain":0,"player_choice":"Offered Common","damage_taken":0,"max_hp_gain":0,"max_hp_loss":0,"event_name":"Bonfire Elementals","floor":3,"gold_loss":0},{"cards_removed":["Crescendo"],"damage_healed":5,"gold_gain":0,"player_choice":"Offered Special","damage_taken":0,"max_hp_gain":0,"max_hp_loss":0,"event_name":"Bonfire Elementals","floor":3,"gold_loss":0},{"damage_healed":0,"gold_gain":0,"player_choice":"Inject Mutagens","damage_taken":0,"relics_obtained":["MutagenicStrength"],"max_hp_gain":0,"max_hp_loss":0,"event_name":"Drug Dealer","floor":19,"gold_loss":0},{"damage_healed":0,"gold_gain":0,"player_choice":"Cursed","damage_taken":0,"max_hp_gain":0,"max_hp_loss":0,"event_name":"Wheel of Change","floor":20,"gold_loss":0,"cards_obtained":["Decay"]},{"damage_healed":0,"gold_gain":0,"player_choice":"Read","damage_taken":0,"max_hp_gain":0,"max_hp_loss":0,"event_name":"The Library","floor":29,"gold_loss":0,"cards_obtained":["Worship"]},{"damage_healed":0,"gold_gain":0,"player_choice":"Opened","damage_taken":0,"relics_obtained":["Ice Cream"],"max_hp_gain":0,"max_hp_loss":0,"event_name":"The Mausoleum","floor":31,"gold_loss":0,"cards_obtained":["Writhe"]},{"cards_removed":["WindmillStrike"],"damage_healed":0,"gold_gain":0,"player_choice":"Removed Attack","damage_taken":0,"max_hp_gain":0,"max_hp_loss":0,"event_name":"Falling","floor":38,"gold_loss":0},{"damage_healed":0,"gold_gain":0,"player_choice":"Max HP","damage_taken":0,"max_hp_gain":0,"max_hp_loss":4,"event_name":"Winding Halls","floor":44,"gold_loss":0},{"damage_healed":0,"gold_gain":0,"player_choice":"Fight","damage_taken":0,"max_hp_gain":0,"max_hp_loss":0,"event_name":"Mysterious Sphere","floor":46,"gold_loss":0},{"damage_healed":0,"gold_gain":0,"player_choice":"Ignored","damage_taken":0,"max_hp_gain":0,"max_hp_loss":0,"event_name":"Tomb of Lord Red Mask","floor":47,"gold_loss":0}],"is_beta":false,"boss_relics":[{"not_picked":["Runic Dome","Astrolabe"],"picked":"Busted Crown"},{"not_picked":["Runic Pyramid","Tiny House"],"picked":"Fusion Hammer"}],"items_purged_floors":[0,22,37],"is_endless":false,"potions_floor_spawned":[5,7,12,18,25,33,36,39],"ascension_level":1}}