{"host":"h792lphzw6wlba86","time":1608781526,"event":{"mods":["AchievementEnabler","Aspiration","BaseMod","Better Altar","Better Match","Better Note","Better Sensory Stone","Better Skull","Better Third Choice","BetterRewards","CCEM","Colored Map","Conspire","Downfall","GifTheSpireLib","Googly Eyes","Halation","Highlight Path","Hubris","Hunter ??","Jedi Mod","Mimic Mod","Minty Spire (QoL Compilation)","Permanent Neow","Replay The Spire","Shop Mod","Spicy Shops","StSLib","Stuff the Spire","The Jungle","Unceasing Turn Reminder","everything is the same but u backflip on backflip","slay the spire mod where everything is the same but ironclad has a cowboy hat"],"gold_per_floor":[99,119,119,29,48,148,174,24,57,57,75,60,21,41,59,160,160,160,175,185,212,228,228,228,255,15,79,96,108,108,93,113,218,218,218,237,237,256,275,275,275,307,327,347,319,244,254,254,272,272,272,306,131,131,131],"floor_reached":56,"playtime":6754,"items_purged":["champ:Strike","champ:Balance","champ:Taunt","champ:Execute","champ:Strike"],"score":2191,"play_id":"4697121f-43ba-4d3f-aac8-5866bbebc19b","local_time":"20201223214526","is_ascension_mode":false,"campfire_choices":[{"floor":1.0,"key":"RECALL"},{"data":"champ:DefensiveStyle","floor":8.0,"key":"SMITH"},{"floor":10.0,"key":"DIG"},{"data":"champ:FalseCounter","floor":18.0,"key":"SMITH"},{"data":"champ:RageSigil","floor":23.0,"key":"SMITH"},{"floor":30,"key":"REST"},{"data":"champ:ViciousMockery","floor":35,"key":"SMITH"},{"floor":40,"key":"DIG"},{"floor":46,"key":"REST"},{"floor":54,"key":"REST"}],"circlet_count":0,"master_deck":["champ:Strike","champ:Defend","champ:Defend","champ:Defend","champ:ShieldThrow","champ:DefensiveStyle+1","champ:RageSigil+1","champ:DefensiveStyle","champ:DefensiveShout","champ:FalseCounter+1","champ:ViciousMockery+1","champ:DefensiveShout+1","champ:ViciousMockery+1","champ:FocusedDefense+1","champ:ShieldSigil+1","champ:Lariat+1","champ:SwordSigil+1","champ:EnGarde+1","champ:SkillfulDodge+1"],"relics":["Empty Cage","downfall:HeartBlessingRed","downfall:HeartBlessingBlue","Shovel","CCEMRelics:DissonantTune","Black Star","conspire:TopHat","Snack Pack","Art of War","StuffTheSpire:OldFever","Toxic Egg 2","Replay:Grab Bag","conspire:SeveredTorchhead","hubris:RunicObelisk","hubris:Backtick","StuffTheSpire:CocoNut","SlaversCollar","Omamori","Replay:WaspNest","StuffTheSpire:NeowsTribute","Question Card","Bottled Tornado","downfall:HeartBlessingGreen","champ:FightingForDummies","Bottled Lightning"],"acts_visited":["Exordium","TheCity","TheBeyond","TheEnding"],"potions_floor_usage":[25,26,31,33,33,33,33,33,36,43,55],"damage_taken":[{"damage":17.0,"enemies":"Small Slimes","floor":2.0,"turns":4.0},{"damage":15.0,"enemies":"downfall:FleeingMerchant","floor":4.0,"turns":4.0},{"damage":12.0,"enemies":"Cultist","floor":5.0,"turns":3.0},{"damage":2.0,"enemies":"conspire:MimicChest","floor":9.0,"turns":7.0},{"damage":2.0,"enemies":"conspire:RoseBush","floor":11.0,"turns":2.0},{"damage":5.0,"enemies":"downfall:FleeingMerchant","floor":12.0,"turns":4.0},{"damage":13.0,"enemies":"downfall:FleeingMerchant","floor":13.0,"turns":4.0},{"damage":2.0,"enemies":"Blue Slaver","floor":14.0,"turns":4.0},{"damage":5.0,"enemies":"Red Slaver","floor":15.0,"turns":4.0},{"damage":44.0,"enemies":"downfall:Defect","floor":16.0,"turns":8.0},{"damage":14.0,"enemies":"Spheric Guardian","floor":19.0,"turns":5.0},{"damage":0.0,"enemies":"3 Cultists","floor":20.0,"turns":6.0},{"damage":14.0,"enemies":"Centurion and Healer","floor":22.0,"turns":9.0},{"damage":3,"enemies":"Book of Stabbing","floor":25,"turns":5},{"damage":10,"enemies":"downfall:FleeingMerchant","floor":26,"turns":4},{"damage":6,"enemies":"Snecko","floor":28,"turns":5},{"damage":0,"enemies":"conspire:HollyBat","floor":29,"turns":7},{"damage":12,"enemies":"downfall:FleeingMerchant","floor":31,"turns":4},{"damage":8,"enemies":"Centurion and Healer","floor":32,"turns":5},{"damage":0,"enemies":"downfall:Silent","floor":33,"turns":6},{"damage":13,"enemies":"3 Darklings","floor":36,"turns":4},{"damage":4,"enemies":"3 Shapes","floor":38,"turns":7},{"damage":0,"enemies":"Maw","floor":39,"turns":5},{"damage":14,"enemies":"R_Hoarder","floor":42,"turns":6},{"damage":9,"enemies":"Jaw Worm Horde","floor":43,"turns":3},{"damage":28,"enemies":"Sphere and 2 Shapes","floor":44,"turns":4},{"damage":0,"enemies":"downfall:FleeingMerchant","floor":45,"turns":2},{"damage":16,"enemies":"Spire Growth","floor":47,"turns":3},{"damage":4,"enemies":"4 Shapes","floor":49,"turns":6},{"damage":27,"enemies":"downfall:Ironclad","floor":50,"turns":5},{"damage":28,"enemies":"downfall:CharBossMerchant","floor":52,"turns":5},{"damage":18,"enemies":"downfall:NeowBoss","floor":55,"turns":20}],"seed_played":"-2185192614664264791","potions_obtained":[{"floor":5.0,"key":"sneckomod:MuddlingPotion"},{"floor":9.0,"key":"LiquidMemories"},{"floor":11.0,"key":"Milkshake"},{"floor":16.0,"key":"Strength Potion"},{"floor":22.0,"key":"ColorlessPotion"},{"floor":27,"key":"Death Potion"},{"floor":28,"key":"jedi:StrikingPotion"},{"floor":32,"key":"EntropicBrew"},{"floor":33,"key":"Weak Potion"},{"floor":43,"key":"CultistPotion"},{"floor":47,"key":"Explosive Potion"}],"is_trial":false,"path_per_floor":["R","M","?","$","M","?","T","R","?","R","M","$","$","M","M","B",null,"R","M","M","T","M","R","T","E","$","?","M","M","R","$","M","B",null,"R","M","?","M","M","R","T","E","M","M","$","R","M","?","M","B",null,"E","$","R","B",null],"character_chosen":"THE_CHAMP","items_purchased":["champ:DefensiveShout","Bottled Tornado"],"campfire_rested":3,"item_purchase_floors":[13,45],"current_hp_per_floor":[90,78,78,78,76,76,76,86,84,84,82,82,82,80,75,37,100,100,91,91,91,80,80,80,77,77,52,46,46,76,64,56,56,107,107,94,94,90,90,90,90,76,67,39,39,71,55,55,51,24,107,79,79,107,89],"gold":131,"neow_bonus":"BOSS_RELIC","is_daily":false,"chose_seed":false,"campfire_upgraded":4,"win_rate":0.0,"timestamp":1608781526,"path_taken":["R","M","?","$","?","?","T","R","?","R","M","?","$","M","M","BOSS","R","M","M","?","M","R","T","E","$","?","M","M","R","$","M","BOSS","R","M","?","?","M","R","T","E","M","M","$","R","M","?","M","BOSS","E","$","R","BOSS"],"items_purchased_type":["Card","Relic"],"build_version":"2020-12-22","purchased_purges":5,"victory":true,"max_hp_per_floor":[90,90,90,90,90,90,90,100,100,100,100,100,100,100,100,100,100,100,100,100,100,100,100,100,100,100,100,100,100,100,100,100,100,107,107,107,107,107,107,107,107,107,107,107,107,107,107,107,107,107,107,107,107,107,107],"card_choices":[{"not_picked":["champ:BerserkersShout","champ:FaceSlap"],"picked":"champ:Balance","floor":2.0},{"not_picked":["champ:StanceDance","champ:SwordSigil"],"picked":"champ:ShieldThrow","floor":4.0},{"not_picked":["champ:FocusedBerserking","champ:ShieldWall"],"picked":"champ:DefensiveStyle","floor":5.0},{"not_picked":["champ:HeartStrike","champ:Shatter"],"picked":"champ:RageSigil","floor":9.0},{"not_picked":["champ:Encircle","champ:GladiatorsShout"],"picked":"champ:DefensiveStyle","floor":11.0},{"not_picked":["champ:TornadoPunch","champ:AdrenalArmor","champ:VampiricStrike"],"picked":"SKIP","floor":12.0},{"not_picked":["champ:EndlessRage","champ:DancingMaster","champ:StanceDance"],"picked":"SKIP","floor":13.0},{"not_picked":["champ:FaceSlap","champ:PerfectedStrike"],"picked":"champ:FalseCounter","floor":14.0},{"not_picked":["champ:CrookedStrike","champ:Haymaker","champ:FalseCounter"],"picked":"SKIP","floor":15.0},{"not_picked":["champ:Haymaker","champ:BerserkersShout","champ:FanOfKnives"],"picked":"SKIP","floor":19.0},{"not_picked":["champ:StanceDance+1","champ:TornadoPunch","champ:DeathBlow"],"picked":"SKIP","floor":20.0},{"not_picked":["champ:HeavySlash","champ:RecklessLeap","champ:Haymaker"],"picked":"SKIP","floor":22.0},{"not_picked":["champ:StanceDance","champ:CrookedStrike","champ:BringItOn"],"picked":"SKIP","floor":25},{"not_picked":["champ:DeathBlow","champ:CalledShot"],"picked":"champ:ViciousMockery","floor":26},{"not_picked":["champ:GladiatorStyle","champ:Circumvent+1"],"picked":"champ:DefensiveShout+1","floor":27},{"not_picked":["champ:FaceSlap","champ:PerfectForm"],"picked":"champ:ViciousMockery+1","floor":28},{"not_picked":["champ:GladiatorsShout+1","champ:BladeFlurry"],"picked":"champ:FocusedDefense+1","floor":29},{"not_picked":["champ:FlashCut","champ:BringItOn+1"],"picked":"champ:ShieldSigil+1","floor":31},{"not_picked":["champ:Haymaker","champ:Aggression+1","champ:Balance+1"],"picked":"SKIP","floor":32},{"not_picked":["champ:RecklessLeap","champ:AdrenalArmor+1","champ:BladeFlurry+1"],"picked":"SKIP","floor":36},{"not_picked":["champ:CrookedStrike","champ:EnragedBash"],"picked":"champ:Lariat+1","floor":38},{"not_picked":["champ:TornadoPunch+1","champ:EnragedBash"],"picked":"champ:SwordSigil+1","floor":39},{"not_picked":["champ:IronFortress+1","champ:FanOfKnives+1","champ:CheapShot"],"picked":"SKIP","floor":42},{"not_picked":["champ:StanceDance+1","champ:FlashCut","champ:BladeFlurry+1","champ:Haymaker+1"],"picked":"SKIP","floor":43},{"not_picked":["champ:StanceDance+1","champ:PreciseThrust+1","champ:RageSigil+1","champ:AdrenalArmor+1"],"picked":"SKIP","floor":44},{"not_picked":["champ:Haymaker+1","champ:Devastate","champ:FlashCut+1","champ:CrookedStrike+1"],"picked":"SKIP","floor":45},{"not_picked":["champ:HeartStrike+1","champ:Control+1","champ:Balance+1","champ:PerfectedStrike+1"],"picked":"SKIP","floor":47},{"not_picked":["champ:CrookedStrike","champ:RageSigil+1","champ:Aggression+1"],"picked":"champ:EnGarde+1","floor":49},{"not_picked":["champ:ViciousMockery+1","champ:RageSigil+1","champ:BringItOn+1"],"picked":"champ:SkillfulDodge+1","floor":52}],"player_experience":662074,"relics_obtained":[{"floor":9.0,"key":"Shovel"},{"floor":10.0,"key":"CCEMRelics:DissonantTune"},{"floor":21.0,"key":"conspire:TopHat"},{"floor":24,"key":"Snack Pack"},{"floor":25,"key":"Art of War"},{"floor":25,"key":"StuffTheSpire:OldFever"},{"floor":27,"key":"Toxic Egg 2"},{"floor":40,"key":"Omamori"},{"floor":41,"key":"Replay:WaspNest"},{"floor":42,"key":"StuffTheSpire:NeowsTribute"},{"floor":42,"key":"Question Card"},{"floor":52,"key":"champ:FightingForDummies"},{"floor":52,"key":"Bottled Lightning"}],"event_choices":[{"cards_removed":["champ:Strike"],"damage_healed":0.0,"max_hp_gain":0.0,"max_hp_loss":0.0,"gold_gain":0.0,"event_name":"betterNote:BetterNote","player_choice":"Give","floor":3.0,"gold_loss":0.0,"damage_taken":0.0,"cards_obtained":["Overencumbered"]}],"is_beta":false,"boss_relics":[{"not_picked":["Runic Dome","jedi:hotpepper"],"picked":"Black Star"},{"not_picked":["aspiration:WatcherSkillbook","StuffTheSpire:RunicConfusion"],"picked":"Replay:Grab Bag"},{"not_picked":["jedi:battlestandard","Replay:Fungal Core"],"picked":"conspire:SeveredTorchhead"},{"not_picked":["hubris:TerracottaHorce","Cursed Key"],"picked":"hubris:RunicObelisk"},{"not_picked":["Snecko Eye","aspiration:PoetsPen_weak"],"picked":"hubris:Backtick"},{"not_picked":["aspiration:SecretTechniqueScroll","halation:MonkeysPaw"],"picked":"SlaversCollar"}],"items_purged_floors":[4,26,26,45,53],"is_endless":false,"potions_floor_spawned":[5,9,11,15,16,20,22,28,32,33,43,47],"ascension_level":0}}