{"host":"9d83omykrosjn1d3","time":1608779736,"event":{"mods":["AchievementEnabler","BaseMod","BetterRewards","Card Forge","Downfall","Hubris","MarisaÅiñ∂âJÅ@ñÇóùçπÅj","Minty Spire (QoL Compilation)","Permanent Neow","Shop Mod","StSLib","SuperFastMode","The Hierophant","The Mystic","The Runesmith"],"gold_per_floor":[114,130,130,130,130,462,495,495,495,495],"floor_reached":8,"playtime":488,"items_purged":[],"score":139,"play_id":"c04cead4-32f0-41bb-bd0b-591265e373a7","local_time":"20201224121536","daily_mods":["SealedDeck","Heirloom","Flight","downfall:Jewelcrafting","downfall:Lament","DeadlyEvents","Elite Swarm"],"is_ascension_mode":false,"campfire_choices":[],"circlet_count":0,"master_deck":["Guardian:ExploitGems","Guardian:ExploitGems","Guardian:TemporalShield+1","Guardian:SentryBeam","Guardian:Clone","Guardian:Gem_Cyan","Guardian:ShieldCharger","Guardian:TemporalStrike+1","Guardian:StasisField"],"relics":["Guardian:ModeShifter","Hammer of Thor","Seething Fire","Anvil of the Gods","Guardian:PickAxe","NeowsBlessing","Thread and Needle","Old Coin","Kunai"],"acts_visited":["Exordium"],"potions_floor_usage":[],"damage_taken":[{"damage":0,"enemies":"Cultist","floor":1,"turns":1},{"damage":0,"enemies":"Small Slimes","floor":2,"turns":2},{"damage":0,"enemies":"3 Sentries","floor":6,"turns":1},{"damage":0,"enemies":"Lagavulin","floor":7,"turns":1},{"damage":0,"enemies":"3 Sentries","floor":8,"turns":1}],"seed_played":"55147422519309866","potions_obtained":[{"floor":2,"key":"Dexterity Potion"}],"is_trial":true,"path_per_floor":["M","M","?","?","?","E","E","E"],"character_chosen":"GUARDIAN","items_purchased":[],"campfire_rested":0,"item_purchase_floors":[],"current_hp_per_floor":[80,80,64,64,64,64,64,64,64,64],"gold":495,"neow_bonus":"","is_daily":false,"chose_seed":false,"campfire_upgraded":0,"win_rate":0.0,"timestamp":1608779736,"path_taken":["M","?","?","?","?","E","E","E"],"items_purchased_type":[],"build_version":"2020-12-22","purchased_purges":0,"victory":false,"max_hp_per_floor":[80,80,80,80,80,80,80,80,80,80],"card_choices":[{"not_picked":["Guardian:Preprogram","Guardian:RollAttack","Guardian:PrimingBeam"],"picked":"SKIP","floor":1},{"not_picked":["Guardian:Harden","Guardian:VentSteam","Guardian:TemporalStrike"],"picked":"SKIP","floor":2},{"not_picked":["Guardian:SphericShield","Guardian:FierceBash","Guardian:GemFinder"],"picked":"SKIP","floor":6},{"not_picked":["Guardian:TimeSifter","Guardian:StasisStrike"],"picked":"Guardian:StasisField","floor":7}],"player_experience":693195,"relics_obtained":[{"floor":6,"key":"Old Coin"},{"floor":7,"key":"Kunai"}],"event_choices":[{"damage_healed":0,"gold_gain":0,"player_choice":"Entered Light","damage_taken":16,"max_hp_gain":0,"max_hp_loss":0,"event_name":"Shining Light","floor":3,"gold_loss":0,"cards_upgraded":["Guardian:TemporalShield","Guardian:TemporalStrike"]}],"is_beta":false,"boss_relics":[],"items_purged_floors":[],"is_endless":false,"potions_floor_spawned":[2],"killed_by":"3 Sentries","ascension_level":0}}