{"host":"baymyijz6sxaqj5s","time":1608827745,"event":{"mods":["AchievementEnabler","BaseMod","Colored Map","Colored Powertips","DeckTracker","KOR Keyword Fix","Keyboard Shortcuts","Minty Spire (QoL Compilation)","Quick Restart","StSLib","SuperFastMode"],"gold_per_floor":[111,124,134,150,220,220,236,311,311,324,324,38,68,87,87,183,183,193,205,215,215,232,232,232],"floor_reached":23,"playtime":951,"items_purged":[],"score":232,"play_id":"705ddaf0-1324-4f13-a2e7-24712c74881a","local_time":"20201225013545","is_ascension_mode":true,"campfire_choices":[{"floor":6,"key":"REST"},{"floor":15,"key":"REST"}],"circlet_count":0,"master_deck":["Strike_G+1","Strike_G","Strike_G","Strike_G","Strike_G","Defend_G","Defend_G+1","Defend_G","Defend_G","Defend_G","Survivor","Neutralize","Poisoned Stab","Dodge and Roll","Poisoned Stab","Dash","Bouncing Flask","All Out Attack","Deflect","Phantasmal Killer","Bane","Dodge and Roll+1"],"relics":["Ring of the Snake","Pear","TungstenRod","Mummified Hand","HoveringKite"],"acts_visited":["Exordium","TheCity"],"potions_floor_usage":[3,4,16,16,19,23,23,23],"damage_taken":[{"damage":5,"enemies":"Jaw Worm","floor":1,"turns":7},{"damage":0,"enemies":"2 Louse","floor":2,"turns":4},{"damage":0,"enemies":"Small Slimes","floor":3,"turns":4},{"damage":18,"enemies":"Exordium Thugs","floor":4,"turns":8},{"damage":6,"enemies":"Large Slime","floor":7,"turns":8},{"damage":7,"enemies":"Looter","floor":10,"turns":3},{"damage":20,"enemies":"Lagavulin","floor":13,"turns":7},{"damage":0,"enemies":"Blue Slaver","floor":14,"turns":3},{"damage":32,"enemies":"The Guardian","floor":16,"turns":10},{"damage":12,"enemies":"Chosen","floor":18,"turns":6},{"damage":16,"enemies":"Shell Parasite","floor":19,"turns":9},{"damage":11,"enemies":"Cultist and Chosen","floor":20,"turns":8},{"damage":10,"enemies":"Snecko","floor":22,"turns":5},{"damage":46,"enemies":"Gremlin Leader","floor":23,"turns":4}],"seed_played":"-273711524284291168","potions_obtained":[{"floor":1,"key":"EssenceOfSteel"},{"floor":2,"key":"Swift Potion"},{"floor":7,"key":"Ancient Potion"},{"floor":14,"key":"BlessingOfTheForge"},{"floor":18,"key":"Swift Potion"},{"floor":20,"key":"SmokeBomb"},{"floor":21,"key":"BlessingOfTheForge"},{"floor":21,"key":"FearPotion"},{"floor":21,"key":"Dexterity Potion"}],"is_trial":false,"path_per_floor":["M","M","M","M","?","R","M","?","T","M","?","$","E","M","R","B",null,"M","M","M","?","M","E"],"character_chosen":"THE_SILENT","items_purchased":["TungstenRod"],"campfire_rested":2,"item_purchase_floors":[12],"current_hp_per_floor":[72,72,72,54,54,77,71,60,70,63,46,46,26,26,52,20,87,75,59,48,48,38,0,0],"gold":232,"neow_bonus":"TEN_PERCENT_HP_BONUS","is_daily":false,"chose_seed":false,"campfire_upgraded":0,"win_rate":0.0,"timestamp":1608827745,"path_taken":["M","M","M","M","?","R","M","?","T","?","?","$","E","M","R","BOSS","M","M","M","?","M","E"],"items_purchased_type":["Relic"],"build_version":"2020-12-22","purchased_purges":0,"victory":false,"max_hp_per_floor":[77,77,77,77,77,77,77,77,87,87,87,87,87,87,87,87,87,87,87,87,87,87,87,87],"card_choices":[{"not_picked":["Accuracy","Blade Dance"],"picked":"Poisoned Stab","floor":1},{"not_picked":["Terror","Prepared"],"picked":"Dodge and Roll","floor":2},{"not_picked":["Choke","Escape Plan"],"picked":"Poisoned Stab","floor":3},{"not_picked":["Dagger Spray","Accuracy"],"picked":"Dash","floor":4},{"not_picked":["Prepared","Masterful Stab"],"picked":"Bouncing Flask","floor":7},{"not_picked":["Underhanded Strike","Calculated Gamble"],"picked":"All Out Attack","floor":10},{"not_picked":["Prepared","Tactician"],"picked":"Deflect","floor":13},{"not_picked":["Infinite Blades","Escape Plan","Prepared"],"picked":"SKIP","floor":14},{"not_picked":["Tools of the Trade","Doppelganger"],"picked":"Phantasmal Killer","floor":16},{"not_picked":["Cloak And Dagger","Heel Hook"],"picked":"Bane","floor":18},{"not_picked":["Prepared","Deflect","Cloak And Dagger"],"picked":"SKIP","floor":19},{"not_picked":["Reflex","Bane","Cloak And Dagger"],"picked":"SKIP","floor":20},{"not_picked":["Die Die Die","Flying Knee+1"],"picked":"Dodge and Roll+1","floor":22}],"player_experience":224690,"relics_obtained":[{"floor":9,"key":"Pear"},{"floor":13,"key":"Mummified Hand"}],"event_choices":[{"damage_healed":0,"gold_gain":70,"player_choice":"Gained Gold","damage_taken":0,"max_hp_gain":0,"max_hp_loss":0,"event_name":"Golden Wing","floor":5,"gold_loss":0},{"damage_healed":0,"gold_gain":75,"player_choice":"Gather Gold","damage_taken":11,"max_hp_gain":0,"max_hp_loss":0,"event_name":"World of Goop","floor":8,"gold_loss":0},{"damage_healed":0,"gold_gain":0,"player_choice":"Entered Light","damage_taken":17,"max_hp_gain":0,"max_hp_loss":0,"event_name":"Shining Light","floor":11,"gold_loss":0,"cards_upgraded":["Strike_G","Defend_G"]},{"damage_healed":0,"gold_gain":0,"player_choice":"Got Potions","damage_taken":0,"max_hp_gain":0,"max_hp_loss":0,"event_name":"Lab","floor":21,"gold_loss":0}],"is_beta":false,"boss_relics":[{"not_picked":["Fusion Hammer","Philosopher\u0027s Stone"],"picked":"HoveringKite"}],"items_purged_floors":[],"is_endless":false,"potions_floor_spawned":[1,2,7,14,18,20],"killed_by":"Gremlin Leader","ascension_level":1}}