{"host":"580ga1x1z8x1b2ni","time":1608807671,"event":{"mods":["Act Like it!","BaseMod","BetterRewards","Hallownest","Hubris","Minty Spire (QoL Compilation)","Replay The Spire","StSLib","Waifu the Spire","[IsaacMod]ÒÔÈö¼âËþ","vexMod"],"gold_per_floor":[110,110,35,35,15,49,49,75,146,160,160,160,160,194,194,296,296,311,97,114,69,89,89],"floor_reached":22,"playtime":997,"items_purged":["Strike_P"],"score":259,"play_id":"d405bd1a-7575-4d03-8383-c40c58f2ad6f","local_time":"20201224190111","is_ascension_mode":true,"campfire_choices":[{"data":"Tantrum","floor":7.0,"key":"SMITH"},{"data":"LessonLearned","floor":15.0,"key":"SMITH"}],"circlet_count":0,"master_deck":["Strike_P","Defend_P","Defend_P+1","Defend_P","Defend_P","Eruption+1","Vigilance","MentalFortress+1","Tantrum+1","Worship","Replay:Battleflow","Replay:Cycle","LessonLearned+1","Vault","WheelKick+1","CutThroughFate","TalkToTheHand","CutThroughFate","Study+1","Omniscience"],"relics":["PureWater","HushsDoor","D6","NeowsBlessing","Hallownest:BankAccountRelic","Hallownest:DreamNailRelic","GuppysTail","Simple Rune","Sundial","hubris:Potato","Frozen Egg 2","ReplayTheSpireMod:DimensionalGlitch","Incubus"],"acts_visited":["Hallownest:Greenpath","Hallownest:CityofTears"],"potions_floor_usage":[],"damage_taken":[{"damage":0.0,"enemies":"2_ Uuma","floor":1.0,"turns":1.0},{"damage":0.0,"enemies":"Hallownest:eliteCrystalGuardian","floor":6.0,"turns":1.0},{"damage":0.0,"enemies":"Hallownest:eliteMossKnight","floor":8.0,"turns":1.0},{"damage":0.0,"enemies":"Hallownest:2_MossCreeps","floor":10.0,"turns":3.0},{"damage":3.0,"enemies":"Hallownest:eliteVengeflyKing","floor":14.0,"turns":6.0},{"damage":58.0,"enemies":"Hallownest:BossFalseKnight","floor":16.0,"turns":13.0},{"damage":24,"enemies":"Hallownest:Guard_and_Sentry","floor":18,"turns":3},{"damage":6,"enemies":"Hallownest:Flukemon_and_Top","floor":20,"turns":4},{"damage":30,"enemies":"Hallownest:Glutton_and_Coward","floor":22,"turns":2}],"seed_played":"5362902531912328994","potions_obtained":[{"floor":6.0,"key":"ColorlessPotion"},{"floor":10.0,"key":"LiquidMemories"},{"floor":16.0,"key":"Death Potion"}],"is_trial":false,"path_per_floor":["M","?","?","?","$","E","R","E","T","M","?","T","?","E","R","B",null,"M","$","M","?","M"],"character_chosen":"WATCHER","items_purchased":["MentalFortress+1","Incubus","WheelKick","TalkToTheHand","CutThroughFate","Study+1"],"campfire_rested":0,"item_purchase_floors":[5,17,17,19,19,19],"current_hp_per_floor":[72,72,72,72,72,72,72,72,72,72,72,72,72,69,69,11,49,25,25,19,19,0,0],"gold":89,"neow_bonus":"THREE_ENEMY_KILL","is_daily":false,"chose_seed":false,"campfire_upgraded":2,"win_rate":0.0,"timestamp":1608807671,"path_taken":["M","?","?","?","$","E","R","E","T","?","?","?","?","E","R","BOSS","M","$","M","?","?"],"items_purchased_type":["Card","Relic","Card","Card","Card","Card"],"build_version":"2020-12-22","purchased_purges":1,"victory":false,"max_hp_per_floor":[72,72,72,72,72,72,72,72,72,72,72,72,72,72,72,72,49,49,49,49,49,49,49],"card_choices":[{"not_picked":["JustLucky","ThirdEye","Swivel"],"picked":"SKIP","floor":1.0},{"not_picked":["JustLucky","ThirdEye","Swivel"],"picked":"SKIP","floor":1.0},{"not_picked":["FlyingSleeves","EmptyFist"],"picked":"Tantrum","floor":6.0},{"not_picked":["BowlingBash","FollowUp"],"picked":"Worship","floor":8.0},{"not_picked":["PathToVictory","FollowUp"],"picked":"Replay:Battleflow","floor":10.0},{"not_picked":["JustLucky","Ragnarok"],"picked":"LessonLearned","floor":14.0},{"not_picked":["MasterReality+1","DeusExMachina"],"picked":"Vault","floor":16.0},{"not_picked":["SashWhip","PathToVictory+1"],"picked":"CutThroughFate","floor":18},{"not_picked":["Replay:AtTheReady","CrushJoints+1"],"picked":"Omniscience","floor":20}],"player_experience":222844,"relics_obtained":[{"floor":6.0,"key":"GuppysTail"},{"floor":8.0,"key":"Simple Rune"},{"floor":9.0,"key":"Sundial"},{"floor":12.0,"key":"hubris:Potato"},{"floor":14.0,"key":"Frozen Egg 2"}],"event_choices":[],"is_beta":false,"boss_relics":[{"not_picked":["Runic Dome","vexMod:EndlessSickness"],"picked":"ReplayTheSpireMod:DimensionalGlitch"},{"not_picked":[]}],"items_purged_floors":[19],"is_endless":false,"potions_floor_spawned":[6,10,16],"killed_by":"Hallownest:Glutton_and_Coward","ascension_level":1}}