{"host":"5fasz840ryq7obdf","time":1608813992,"event":{"mods":["AchievementEnabler","BaseMod","Bestiary","Better Altar","Better Skull","Better Third Choice","BetterRewards","Block Reminder","Colored Powertips","Curses Come First","Minty Spire (QoL Compilation)","Quick Restart","Relic Stats","Shop Mod","Spicy Shops","StSLib"],"gold_per_floor":[121,196,196,224,243,282,282,326,326,326,367,386,17,52,52,135,189,211,239,32,114,114,114,142,151,176,176,217,217,40,59,59,147,147,171,181,25,25,309,352,48,70,70,114,114,151,173,214,214,214,214,214,214,29,72,72],"floor_reached":57,"playtime":4550,"items_purged":["Pride","Defend_G","Strike_G","Defend_G","Defend_G"],"score":4189,"play_id":"d8902123-3a18-4328-b58a-db5c47fdcf31","local_time":"20201224124632","is_ascension_mode":true,"campfire_choices":[{"floor":7.0,"key":"REST"},{"data":"Apotheosis","floor":10.0,"key":"SMITH"},{"data":"Infinite Blades","floor":15,"key":"SMITH"},{"data":"Well Laid Plans","floor":23,"key":"SMITH"},{"data":"Tools of the Trade","floor":27,"key":"SMITH"},{"data":"Panache","floor":32,"key":"SMITH"},{"floor":45,"key":"RECALL"},{"data":"Choke","floor":49,"key":"SMITH"},{"data":"Infinite Blades","floor":53,"key":"SMITH"}],"circlet_count":0,"master_deck":["AscendersBane","Survivor","Neutralize","Accuracy","Sadistic Nature","Prepared+1","Wraith Form v2","Accuracy","Cloak And Dagger+1","Apotheosis+1","Blur","Well Laid Plans+1","Infinite Blades+1","Outmaneuver+1","Tactician+1","Footwork","Finisher","Blur+1","Calculated Gamble+1","Blur+1","Parasite","Backflip+1","Adrenaline+1","Caltrops","Unload","Tools of the Trade+1","Heel Hook","Quick Slash","Escape Plan+1","Blade Dance+1","Finisher","Panache+1","Footwork","Trip+1","Tactician+1","Phantasmal Killer+1","Underhanded Strike","Acrobatics+1","Blur+1","Envenom","Prepared+1","Secret Technique+1","Infinite Blades+1","Flash of Steel","Regret","Expertise+1","The Bomb+1","Escape Plan+1","Choke+1","Master of Strategy+1","Flash of Steel","Go for the Eyes","Pommel Strike+1","Dual Wield+1","Deep Breath+1","Crescendo+1"],"relics":["Ring of the Snake","Kunai","Nunchaku","TwistedFunnel","Tiny Chest","Mummified Hand","Membership Card","Vajra","Du-Vu Doll","CeramicFish","HandDrill","Sling","Toxic Egg 2","Regal Pillow","CultistMask","Singing Bowl","Bag of Marbles","Juzu Bracelet","Anchor","Torii","Bird Faced Urn","OrangePellets","Pen Nib","Pandora\u0027s Box","Strawberry","Paper Crane","Happy Flower","Oddly Smooth Stone","Matryoshka","HoveringKite","TungstenRod","Dream Catcher","Bottled Flame","Lantern","PrismaticShard","Question Card","Ancient Tea Set","War Paint","Toy Ornithopter","Akabeko","Shuriken","StrikeDummy"],"acts_visited":["Exordium","TheCity","TheBeyond","TheEnding"],"potions_floor_usage":[14,19,24,33,56],"damage_taken":[{"damage":3.0,"enemies":"Jaw Worm","floor":1.0,"turns":4.0},{"damage":3.0,"enemies":"Small Slimes","floor":4.0,"turns":3.0},{"damage":0.0,"enemies":"Cultist","floor":5.0,"turns":3.0},{"damage":0.0,"enemies":"Lagavulin","floor":6.0,"turns":3.0},{"damage":3.0,"enemies":"3 Sentries","floor":8.0,"turns":5.0},{"damage":0.0,"enemies":"Lagavulin","floor":11.0,"turns":2.0},{"damage":0.0,"enemies":"2 Fungi Beasts","floor":12.0,"turns":2.0},{"damage":2,"enemies":"3 Sentries","floor":14,"turns":5},{"damage":9,"enemies":"The Guardian","floor":16,"turns":7},{"damage":1,"enemies":"Shell Parasite","floor":18,"turns":2},{"damage":0,"enemies":"3 Byrds","floor":19,"turns":3},{"damage":0,"enemies":"Gremlin Leader","floor":24,"turns":4},{"damage":9,"enemies":"Slavers","floor":28,"turns":3},{"damage":0,"enemies":"Shelled Parasite and Fungi","floor":31,"turns":3},{"damage":0,"enemies":"Champ","floor":33,"turns":6},{"damage":0,"enemies":"3 Shapes","floor":35,"turns":2},{"damage":0,"enemies":"Orb Walker","floor":36,"turns":2},{"damage":0,"enemies":"Giant Head","floor":40,"turns":3},{"damage":0,"enemies":"3 Darklings","floor":42,"turns":3},{"damage":0,"enemies":"Reptomancer","floor":44,"turns":2},{"damage":0,"enemies":"Giant Head","floor":46,"turns":2},{"damage":0,"enemies":"Sphere and 2 Shapes","floor":47,"turns":3},{"damage":0,"enemies":"Reptomancer","floor":48,"turns":1},{"damage":0,"enemies":"Donu and Deca","floor":50,"turns":3},{"damage":30,"enemies":"Time Eater","floor":51,"turns":5},{"damage":40,"enemies":"Shield and Spear","floor":55,"turns":3},{"damage":47,"enemies":"The Heart","floor":56,"turns":5}],"seed_played":"-1809369075724418426","potions_obtained":[{"floor":4.0,"key":"Block Potion"},{"floor":5.0,"key":"Block Potion"},{"floor":11.0,"key":"Weak Potion"},{"floor":16,"key":"SpeedPotion"},{"floor":18,"key":"Fruit Juice"},{"floor":24,"key":"ColorlessPotion"},{"floor":31,"key":"Ancient Potion"},{"floor":42,"key":"SkillPotion"},{"floor":44,"key":"FearPotion"}],"is_trial":false,"path_per_floor":["M","?","?","M","M","E","R","E","T","R","E","M","$","E","R","B",null,"M","M","$","T","?","R","E","?","T","R","E","?","$","M","R","B",null,"M","M","$","T","?","E","$","M","T","E","R","E","M","E","R","B","B",null,"R","$","E","B",null],"character_chosen":"THE_SILENT","items_purchased":["Kunai","Nunchaku","TwistedFunnel","Accuracy","Sadistic Nature","Tiny Chest","Prepared","Mummified Hand","Wraith Form v2","Membership Card","Vajra","Accuracy","Du-Vu Doll","Cloak And Dagger","CeramicFish","HandDrill","Sling","Apotheosis","Blur","Well Laid Plans","Toxic Egg 2","Infinite Blades","Torii","Bird Faced Urn","OrangePellets","Backflip+1","Panache","Footwork","Strawberry","Trip+1","Matryoshka","Underhanded Strike","Acrobatics+1","Secret Technique+1","Infinite Blades","TungstenRod","Flash of Steel","PrismaticShard","The Bomb+1","Escape Plan+1","Choke","Shuriken","Deep Breath+1"],"campfire_rested":1,"item_purchase_floors":[0,0,0,0,0,0,0,0,0,0,0,0,0,0,0,0,0,0,0,0,0,0,13,13,13,13,20,20,20,20,30,30,30,37,37,37,37,41,41,41,41,54,54],"current_hp_per_floor":[15,4,4,1,1,1,35,32,32,32,32,34,34,48,48,53,66,70,75,82,82,82,82,84,84,84,84,81,81,81,84,84,84,84,84,86,86,86,86,86,86,86,86,86,86,86,86,86,86,86,70,82,82,82,54,36],"gold":72,"neow_bonus":"","is_daily":false,"chose_seed":false,"campfire_upgraded":7,"win_rate":0.0,"timestamp":1608813992,"path_taken":["M","?","?","?","M","E","R","E","T","R","E","M","$","E","R","BOSS","M","M","$","?","?","R","E","?","T","R","E","?","$","M","R","BOSS","M","M","$","?","?","E","$","M","T","E","R","E","M","E","R","BOSS","BOSS","R","$","E","BOSS"],"items_purchased_type":["Relic","Relic","Relic","Card","Card","Relic","Card","Relic","Card","Relic","Relic","Card","Relic","Card","Relic","Relic","Relic","Card","Card","Card","Relic","Card","Relic","Relic","Relic","Card","Card","Card","Relic","Card","Relic","Card","Card","Card","Card","Relic","Card","Relic","Card","Card","Card","Relic","Card"],"build_version":"2020-12-22","purchased_purges":5,"victory":true,"max_hp_per_floor":[66,66,66,66,66,66,66,66,66,66,66,68,68,70,70,70,70,70,75,82,82,82,82,84,84,84,84,84,84,84,84,84,84,84,84,86,86,86,86,86,86,86,86,86,86,86,86,86,86,86,86,86,86,86,86,86],"relic_stats":{"Regal Pillow":15,"Singing Bowl":24,"Torii":10,"CeramicFish":1593,"HoveringKite":[22],"Juzu Bracelet":0,"Nunchaku":[110],"Dream Catcher":0,"Mummified Hand":[491],"Tiny Chest":2,"HandDrill":[40],"Kunai":[53],"Ring of the Snake":[338],"Happy Flower":[15],"counters":[169,539],"Pen Nib":[19],"War Paint":["Cloak And Dagger","Prepared"],"Question Card":5,"OrangePellets":[30],"Shuriken":[160],"Bird Faced Urn":[92],"Pandora\u0027s Box":["Bane","Adrenaline","Deadly Poison","PiercingWail","Cloak And Dagger","After Image","Caltrops","Unload","Tools of the Trade","Heel Hook","Quick Slash","Escape Plan"],"obtain_stats":[{"TwistedFunnel":0,"Whetstone":22,"Bottled Tornado":40,"Boot":11,"Sling":19,"Blood Vial":0,"MealTicket":10,"HandDrill":12,"Kunai":0,"Pear":26,"Tingsha":41,"Pen Nib":12,"Paper Crane":34,"Akabeko":40,"Bird Faced Urn":13,"Pandora\u0027s Box":17,"CultistMask":3,"StrikeDummy":12,"Unceasing Top":37,"Lantern":0,"Regal Pillow":7,"Torii":43,"Singing Bowl":0,"Bag of Preparation":19,"Ancient Tea Set":19,"Smiling Mask":34,"Matryoshka":27,"Shovel":34,"WristBlade":34,"Ninja Scroll":40,"InkBottle":0,"Ring of the Snake":0,"Potion Belt":31,"Lee\u0027s Waffle":0,"The Specimen":46,"The Courier":45,"PreservedInsect":0,"Omamori":23,"Frozen Egg 2":43,"MawBank":30,"Ornamental Fan":0,"betterThird:SlimedRelic":2,"Orrery":5,"Turnip":44,"Art of War":46,"Bottled Lightning":24,"Toy Ornithopter":8,"Ice Cream":37,"Calipers":48,"CeramicFish":0,"HoveringKite":34,"Vajra":42,"Sozu":17,"Centennial Puzzle":6,"Lizard Tail":19,"HornCleat":44,"DollysMirror":0,"Strawberry":9,"Philosopher\u0027s Stone":17,"Prayer Wheel":23,"Toxic Egg 2":0,"Girya":0,"Happy Flower":40,"Dead Branch":39,"Oddly Smooth Stone":48,"Letter Opener":26,"War Paint":5,"Question Card":29,"Du-Vu Doll":30,"OrangePellets":54,"Bottled Flame":28,"Shuriken":40,"Bronze Scales":0,"Black Star":34,"Meat on the Bone":39,"Snake Skull":44,"Incense Burner":42,"Juzu Bracelet":42,"Empty Cage":17,"PrismaticShard":41,"ClockworkSouvenir":0,"Frozen Eye":0,"Nunchaku":0,"Dream Catcher":47,"Mummified Hand":20,"Gambling Chip":0,"Pantograph":11,"Tiny Chest":23,"Red Mask":46,"Orichalcum":0,"Medical Kit":45,"White Beast Statue":6,"Mercury Hourglass":26,"Calling Bell":34,"Peace Pipe":0,"Strange Spoon":47,"Anchor":5,"Bag of Marbles":46,"Membership Card":0,"TungstenRod":13,"FossilizedHelix":55},{"TwistedFunnel":0,"Whetstone":96,"Bottled Tornado":106,"Boot":6,"Sling":36,"Blood Vial":27,"MealTicket":61,"HandDrill":6,"Kunai":0,"Pear":15,"Tingsha":107,"Pen Nib":6,"Paper Crane":102,"Akabeko":135,"Bird Faced Urn":149,"Pandora\u0027s Box":122,"CultistMask":143,"StrikeDummy":33,"Unceasing Top":76,"Lantern":56,"Regal Pillow":88,"Torii":50,"Singing Bowl":114,"Bag of Preparation":36,"Ancient Tea Set":95,"Smiling Mask":102,"Matryoshka":40,"Shovel":102,"WristBlade":44,"Ninja Scroll":48,"InkBottle":84,"Ring of the Snake":0,"Potion Belt":130,"Lee\u0027s Waffle":84,"The Specimen":24,"The Courier":23,"PreservedInsect":56,"Omamori":69,"Frozen Egg 2":50,"MawBank":17,"Ornamental Fan":27,"betterThird:SlimedRelic":57,"Orrery":29,"Turnip":108,"Art of War":81,"Bottled Lightning":39,"Toy Ornithopter":31,"Ice Cream":20,"Calipers":110,"CeramicFish":27,"HoveringKite":18,"Vajra":22,"Sozu":35,"Centennial Puzzle":4,"Lizard Tail":36,"HornCleat":137,"DollysMirror":56,"Strawberry":5,"Philosopher\u0027s Stone":9,"Prayer Wheel":125,"Toxic Egg 2":142,"Girya":27,"Happy Flower":21,"Dead Branch":105,"Oddly Smooth Stone":110,"Letter Opener":99,"War Paint":29,"Question Card":72,"Du-Vu Doll":42,"OrangePellets":54,"Bottled Flame":16,"Shuriken":21,"Bronze Scales":84,"Black Star":131,"Meat on the Bone":21,"Snake Skull":108,"Incense Burner":50,"Juzu Bracelet":108,"Empty Cage":65,"PrismaticShard":160,"ClockworkSouvenir":114,"Frozen Eye":114,"Nunchaku":0,"Dream Catcher":110,"Mummified Hand":67,"Gambling Chip":56,"Pantograph":90,"Tiny Chest":14,"Red Mask":137,"Orichalcum":0,"Medical Kit":50,"White Beast Statue":60,"Mercury Hourglass":70,"Calling Bell":102,"Peace Pipe":114,"Strange Spoon":81,"Anchor":3,"Bag of Marbles":51,"Membership Card":0,"TungstenRod":7,"FossilizedHelix":55},{"TwistedFunnel":0,"Whetstone":305,"Bottled Tornado":326,"Boot":22,"Sling":131,"Blood Vial":100,"MealTicket":228,"HandDrill":22,"Kunai":0,"Pear":60,"Tingsha":328,"Pen Nib":22,"Paper Crane":317,"Akabeko":419,"Bird Faced Urn":472,"Pandora\u0027s Box":378,"CultistMask":454,"StrikeDummy":119,"Unceasing Top":259,"Lantern":220,"Regal Pillow":279,"Torii":184,"Singing Bowl":350,"Bag of Preparation":131,"Ancient Tea Set":302,"Smiling Mask":317,"Matryoshka":145,"Shovel":317,"WristBlade":159,"Ninja Scroll":177,"InkBottle":272,"Ring of the Snake":0,"Potion Belt":401,"Lee\u0027s Waffle":272,"The Specimen":89,"The Courier":87,"PreservedInsect":220,"Omamori":245,"Frozen Egg 2":184,"MawBank":67,"Ornamental Fan":100,"betterThird:SlimedRelic":221,"Orrery":105,"Turnip":330,"Art of War":265,"Bottled Lightning":141,"Toy Ornithopter":112,"Ice Cream":77,"Calipers":334,"CeramicFish":100,"HoveringKite":72,"Vajra":83,"Sozu":127,"Centennial Puzzle":13,"Lizard Tail":131,"HornCleat":425,"DollysMirror":220,"Strawberry":16,"Philosopher\u0027s Stone":35,"Prayer Wheel":386,"Toxic Egg 2":450,"Girya":100,"Happy Flower":79,"Dead Branch":323,"Oddly Smooth Stone":334,"Letter Opener":311,"War Paint":105,"Question Card":250,"Du-Vu Doll":151,"OrangePellets":207,"Bottled Flame":64,"Shuriken":79,"Bronze Scales":272,"Black Star":405,"Meat on the Bone":79,"Snake Skull":330,"Incense Burner":184,"Juzu Bracelet":330,"Empty Cage":238,"PrismaticShard":512,"ClockworkSouvenir":350,"Frozen Eye":350,"Nunchaku":0,"Dream Catcher":334,"Mummified Hand":241,"Gambling Chip":220,"Pantograph":286,"Tiny Chest":54,"Red Mask":425,"Orichalcum":0,"Medical Kit":184,"White Beast Statue":226,"Mercury Hourglass":248,"Calling Bell":317,"Peace Pipe":350,"Strange Spoon":265,"Anchor":9,"Bag of Marbles":187,"Membership Card":0,"TungstenRod":25,"FossilizedHelix":211}],"TungstenRod":50,"Toy Ornithopter":34},"card_choices":[{"not_picked":["Acrobatics+1","Leg Sweep+1"],"picked":"Tactician+1","floor":1.0},{"not_picked":["Caltrops","Bane"],"picked":"Footwork","floor":4.0},{"not_picked":["Underhanded Strike","Deflect+1"],"picked":"Finisher","floor":5.0},{"not_picked":["Dagger Spray","Crippling Poison+1"],"picked":"Blur+1","floor":6.0},{"not_picked":["Backstab","Noxious Fumes"],"picked":"Calculated Gamble+1","floor":8.0},{"not_picked":["Dagger Throw","Dodge and Roll+1"],"picked":"Blur+1","floor":11.0},{"not_picked":["Caltrops","Bane","Endless Agony"],"picked":"Singing Bowl","floor":12.0},{"not_picked":["Dagger Throw","Flying Knee","Bane"],"picked":"Singing Bowl","floor":14},{"not_picked":["After Image","Glass Knife"],"picked":"Adrenaline+1","floor":16},{"not_picked":["Backflip+1","Outmaneuver+1"],"picked":"Blade Dance+1","floor":18},{"not_picked":["Dagger Throw","Bouncing Flask+1"],"picked":"Finisher","floor":19},{"not_picked":["Underhanded Strike","Poisoned Stab","Deflect+1"],"picked":"Singing Bowl","floor":24},{"not_picked":["Poisoned Stab","Backflip+1"],"picked":"Phantasmal Killer+1","floor":28},{"not_picked":["Outmaneuver+1","Underhanded Strike"],"picked":"Blur+1","floor":31},{"not_picked":["Adrenaline+1","Glass Knife"],"picked":"Envenom","floor":33},{"not_picked":["Quick Slash","Sucker Punch"],"picked":"Prepared+1","floor":35},{"not_picked":["Dagger Throw+1","Dodge and Roll+1","Sucker Punch"],"picked":"Singing Bowl","floor":36},{"not_picked":["Caltrops","Bane"],"picked":"Expertise+1","floor":40},{"not_picked":["Pommel Strike","Madness+1"],"picked":"Master of Strategy+1","floor":42},{"not_picked":["Outmaneuver+1","Genetic Algorithm+1","Brutality"],"picked":"Flash of Steel","floor":44},{"not_picked":["Blade Dance+1","Corpse Explosion+1","Wraith Form v2"],"picked":"Go for the Eyes","floor":46},{"not_picked":["Sucker Punch","Anger","All Out Attack"],"picked":"Pommel Strike+1","floor":47},{"not_picked":["Streamline+1","Tantrum","Ghostly Armor+1"],"picked":"Dual Wield+1","floor":48},{"not_picked":["Halt+1","Distraction+1","Rip and Tear"],"picked":"Crescendo+1","floor":55}],"player_experience":1034048,"relics_obtained":[{"floor":6.0,"key":"Singing Bowl"},{"floor":8.0,"key":"Bag of Marbles"},{"floor":9.0,"key":"Juzu Bracelet"},{"floor":11.0,"key":"Anchor"},{"floor":14,"key":"Pen Nib"},{"floor":21,"key":"Paper Crane"},{"floor":24,"key":"Happy Flower"},{"floor":28,"key":"Oddly Smooth Stone"},{"floor":38,"key":"Dream Catcher"},{"floor":38,"key":"Bottled Flame"},{"floor":40,"key":"Lantern"},{"floor":43,"key":"Question Card"},{"floor":43,"key":"Ancient Tea Set"},{"floor":44,"key":"War Paint"},{"floor":46,"key":"Toy Ornithopter"},{"floor":48,"key":"Akabeko"},{"floor":55,"key":"StrikeDummy"}],"event_choices":[{"damage_healed":0.0,"max_hp_gain":0.0,"max_hp_loss":0.0,"gold_gain":75.0,"event_name":"betterThird:BetterGoop","player_choice":"Gold","floor":2.0,"gold_loss":0.0,"damage_taken":11.0},{"damage_healed":0.0,"max_hp_gain":0.0,"max_hp_loss":0.0,"gold_gain":0.0,"event_name":"FaceTrader","player_choice":"Trade","floor":3.0,"gold_loss":0.0,"damage_taken":0.0,"relics_obtained":["CultistMask"]},{"damage_healed":0,"gold_gain":0,"player_choice":"Ignored","damage_taken":0,"max_hp_gain":0,"max_hp_loss":0,"event_name":"Cursed Tome","floor":22,"gold_loss":0},{"damage_healed":0,"gold_gain":0,"player_choice":"Read","damage_taken":0,"max_hp_gain":0,"max_hp_loss":0,"event_name":"The Library","floor":25,"gold_loss":0,"cards_obtained":["Tactician"]},{"damage_healed":0,"gold_gain":0,"player_choice":"Ignored","damage_taken":0,"max_hp_gain":0,"max_hp_loss":0,"event_name":"Vampires","floor":29,"gold_loss":0},{"damage_healed":0,"gold_gain":275,"player_choice":"Desecrate","damage_taken":0,"max_hp_gain":0,"max_hp_loss":0,"event_name":"Golden Shrine","floor":39,"gold_loss":0,"cards_obtained":["Regret"]}],"is_beta":false,"boss_relics":[{"not_picked":["Runic Pyramid","Fusion Hammer"],"picked":"Pandora\u0027s Box"},{"not_picked":["Philosopher\u0027s Stone","Coffee Dripper"],"picked":"HoveringKite"}],"items_purged_floors":[0,0,0,0,0],"is_endless":false,"potions_floor_spawned":[4,5,11,12,16,18,24,31,42,44,47,48,55],"ascension_level":20}}