{"host":"mjau5a91be6b66g4","time":1608803776,"event":{"mods":["BaseMod","Minty Spire (QoL Compilation)","StSLib","The Animator","The Bug Knight","The Jungle"],"gold_per_floor":[118,136,136,136,156,156,156,169,214,224,237,237,110,133,133,257,257,271,118,33,33,51,51,76,91,91,106,106,16,16,41,41,171,171,186,211,224,242,242,242,242,242,242,267,267,285,285,285,285,285],"floor_reached":51,"playtime":2322,"items_purged":["Dualcast"],"score":693,"play_id":"ea779a02-2194-4db2-bc55-d1d3b91324c8","local_time":"20201224175616","is_ascension_mode":false,"campfire_choices":[{"data":"Go for the Eyes","floor":6,"key":"SMITH"},{"data":"Scrape","floor":15,"key":"SMITH"},{"floor":23,"key":"REST"},{"floor":28,"key":"REST"},{"data":"Gash","floor":30,"key":"SMITH"},{"floor":32,"key":"REST"},{"floor":40,"key":"REST"},{"floor":42,"key":"REST"},{"floor":45,"key":"REST"},{"floor":49,"key":"REST"}],"circlet_count":0,"master_deck":["Dramatic Entrance","Scrape+1","Stack","Go for the Eyes+1","Parasite","Go for the Eyes","Turbo","Injury","Gash+1","Reprogram","Hello World","Core Surge","Melter","Glacier","Conserve Battery","Lockon","Genetic Algorithm","Skim","Beam Cell+1","Steam","Beam Cell","Strike_B","Sweeping Beam","Steam","BootSequence","Go for the Eyes+1","Hologram","Go for the Eyes+1","Barrage","Skim","Chill","Writhe"],"relics":["Cracked Core","Bag of Preparation","Golden Idol","Pandora\u0027s Box","Nunchaku","Toy Ornithopter","Incense Burner"],"acts_visited":["Exordium","TheCity","TheBeyond"],"potions_floor_usage":[4,11,16,16,16,33,33,33,50],"damage_taken":[{"damage":1,"enemies":"Jaw Worm","floor":1,"turns":2},{"damage":1,"enemies":"Cultist","floor":2,"turns":3},{"damage":2,"enemies":"Small Slimes","floor":5,"turns":2},{"damage":5,"enemies":"Looter","floor":8,"turns":3},{"damage":4,"enemies":"Blue Slaver","floor":10,"turns":2},{"damage":0,"enemies":"Gremlin Gang","floor":11,"turns":1},{"damage":4,"enemies":"3 Louse","floor":14,"turns":2},{"damage":54,"enemies":"Slime Boss","floor":16,"turns":11},{"damage":6,"enemies":"Shell Parasite","floor":18,"turns":6},{"damage":20,"enemies":"2 Thieves","floor":22,"turns":4},{"damage":21,"enemies":"Snake Plant","floor":24,"turns":5},{"damage":1,"enemies":"Shelled Parasite and Fungi","floor":25,"turns":5},{"damage":30,"enemies":"Chosen and Byrds","floor":27,"turns":7},{"damage":4,"enemies":"3 Cultists","floor":31,"turns":5},{"damage":57,"enemies":"Champ","floor":33,"turns":11},{"damage":8,"enemies":"Orb Walker","floor":35,"turns":4},{"damage":26,"enemies":"3 Darklings","floor":36,"turns":8},{"damage":29,"enemies":"Jaw Worm Horde","floor":37,"turns":6},{"damage":12,"enemies":"Transient","floor":38,"turns":5},{"damage":22,"enemies":"Spire Growth","floor":44,"turns":5},{"damage":20,"enemies":"3 Darklings","floor":46,"turns":9},{"damage":58,"enemies":"Awakened One","floor":50,"turns":23}],"seed_played":"-835037274429244481","potions_obtained":[{"floor":2,"key":"CultistPotion"},{"floor":4,"key":"AttackPotion"},{"floor":4,"key":"Fruit Juice"},{"floor":4,"key":"Dexterity Potion"},{"floor":8,"key":"Explosive Potion"},{"floor":11,"key":"Energy Potion"},{"floor":16,"key":"SpeedPotion"},{"floor":24,"key":"Strength Potion"},{"floor":27,"key":"AttackPotion"},{"floor":31,"key":"DuplicationPotion"},{"floor":36,"key":"SpeedPotion"}],"is_trial":false,"path_per_floor":["M","M","?","?","M","R","?","M","T","M","M","?","$","M","R","B",null,"M","$","?","?","M","R","M","M","T","M","R","?","R","M","R","B",null,"M","M","M","M","?","R","?","R","T","M","R","M","?","?","R","B",null],"character_chosen":"DEFECT","items_purchased":["Gash","Reprogram","Steam","Beam Cell"],"campfire_rested":7,"item_purchase_floors":[13,13,19,19],"current_hp_per_floor":[74,73,73,78,76,76,80,75,75,71,71,71,71,67,67,13,80,74,74,74,74,54,78,57,56,56,26,50,50,50,46,70,25,80,72,46,17,5,5,29,29,53,53,31,55,35,55,55,79,26],"gold":285,"neow_bonus":"RANDOM_COLORLESS","is_daily":false,"chose_seed":false,"campfire_upgraded":3,"win_rate":0.0,"timestamp":1608803776,"path_taken":["M","M","?","?","?","R","?","M","T","M","M","?","?","?","R","BOSS","M","$","?","?","M","R","?","M","T","M","R","?","R","M","R","BOSS","M","M","?","M","?","R","?","R","T","M","R","M","?","?","R","BOSS"],"items_purchased_type":["Card","Card","Card","Card"],"build_version":"2020-12-22","purchased_purges":1,"victory":true,"max_hp_per_floor":[75,75,75,80,80,80,80,80,80,80,80,80,80,80,80,80,80,80,80,80,80,80,80,80,80,80,80,80,80,80,80,80,80,80,80,80,80,80,80,80,80,80,80,80,80,80,80,80,80,80],"card_choices":[{"not_picked":["Blind","PanicButton"],"picked":"Dramatic Entrance","floor":0},{"not_picked":["Fusion","Rebound"],"picked":"Scrape","floor":1},{"not_picked":["Loop","Rebound"],"picked":"Stack","floor":2},{"not_picked":["Beam Cell","Sweeping Beam"],"picked":"Go for the Eyes","floor":5},{"not_picked":["Auto Shields","Static Discharge"],"picked":"Go for the Eyes","floor":8},{"not_picked":["Barrage","Reprogram","Darkness"],"picked":"SKIP","floor":10},{"not_picked":["Storm","Go for the Eyes"],"picked":"Turbo","floor":11},{"not_picked":["Compile Driver","Double Energy"],"picked":"Hello World","floor":14},{"not_picked":["Creative AI","Electrodynamics"],"picked":"Core Surge","floor":16},{"not_picked":["BootSequence","Streamline"],"picked":"Beam Cell","floor":18},{"not_picked":["Redo","Defragment"],"picked":"Sweeping Beam","floor":22},{"not_picked":["Beam Cell","Rip and Tear+1"],"picked":"Steam","floor":24},{"not_picked":["Steam+1","Cold Snap"],"picked":"BootSequence","floor":25},{"not_picked":["Streamline","Doom and Gloom"],"picked":"Go for the Eyes+1","floor":27},{"not_picked":["Turbo","Tempest+1"],"picked":"Hologram","floor":31},{"not_picked":["Sweeping Beam","Beam Cell"],"picked":"Go for the Eyes+1","floor":35},{"not_picked":["Coolheaded+1","Ball Lightning+1"],"picked":"Barrage","floor":36},{"not_picked":["Streamline","Coolheaded+1"],"picked":"Skim","floor":37},{"not_picked":["Conserve Battery","Thunder Strike","Blizzard+1"],"picked":"SKIP","floor":38},{"not_picked":["Go for the Eyes","Conserve Battery"],"picked":"Chill","floor":44},{"not_picked":["Go for the Eyes","Doom and Gloom+1","Rebound"],"picked":"SKIP","floor":46}],"player_experience":209737,"relics_obtained":[{"floor":9,"key":"Bag of Preparation"},{"floor":26,"key":"Toy Ornithopter"},{"floor":43,"key":"Incense Burner"}],"event_choices":[{"damage_healed":0,"gold_gain":0,"player_choice":"Ignored","damage_taken":0,"max_hp_gain":0,"max_hp_loss":0,"event_name":"Liars Game","floor":3,"gold_loss":0},{"damage_healed":0,"gold_gain":0,"player_choice":"Got Potions","damage_taken":0,"max_hp_gain":0,"max_hp_loss":0,"event_name":"Lab","floor":4,"gold_loss":0},{"damage_healed":20,"gold_gain":0,"player_choice":"Healed and dodged fight","damage_taken":0,"max_hp_gain":0,"max_hp_loss":0,"event_name":"Mushrooms","floor":7,"gold_loss":0,"cards_obtained":["Parasite"]},{"damage_healed":0,"gold_gain":0,"player_choice":"Take Wound","damage_taken":0,"relics_obtained":["Golden Idol"],"max_hp_gain":0,"max_hp_loss":0,"event_name":"Golden Idol","floor":12,"gold_loss":0,"cards_obtained":["Injury"]},{"damage_healed":0,"gold_gain":0,"player_choice":"Obtained Relic","damage_taken":0,"relics_obtained":["Nunchaku"],"max_hp_gain":0,"max_hp_loss":0,"event_name":"Addict","floor":20,"gold_loss":85},{"cards_removed":["Zap"],"damage_healed":0,"gold_gain":0,"player_choice":"Took Card","damage_taken":0,"max_hp_gain":0,"max_hp_loss":0,"event_name":"NoteForYourself","floor":21,"gold_loss":0,"cards_obtained":["Strike_B"]},{"cards_removed":["Lockon"],"damage_healed":0,"gold_gain":0,"player_choice":"Upgrade and Remove","damage_taken":0,"max_hp_gain":0,"max_hp_loss":0,"event_name":"Designer","floor":29,"gold_loss":90,"cards_upgraded":["Beam Cell"]},{"cards_removed":["Biased Cognition"],"damage_healed":0,"gold_gain":0,"player_choice":"Removed Power","damage_taken":0,"max_hp_gain":0,"max_hp_loss":0,"event_name":"Falling","floor":39,"gold_loss":0},{"damage_healed":0,"gold_gain":0,"player_choice":"Ignored","damage_taken":0,"max_hp_gain":0,"max_hp_loss":0,"event_name":"Tomb of Lord Red Mask","floor":41,"gold_loss":0},{"damage_healed":20,"gold_gain":0,"player_choice":"Writhe","damage_taken":0,"max_hp_gain":0,"max_hp_loss":0,"event_name":"Winding Halls","floor":47,"gold_loss":0,"cards_obtained":["Writhe"]},{"damage_healed":0,"gold_gain":0,"player_choice":"Ignored","damage_taken":0,"max_hp_gain":0,"max_hp_loss":0,"event_name":"The Moai Head","floor":48,"gold_loss":0}],"is_beta":false,"boss_relics":[{"not_picked":["Runic Pyramid","Sozu"],"picked":"Pandora\u0027s Box"},{"not_picked":["Velvet Choker","Busted Crown","Coffee Dripper"]}],"items_purged_floors":[19],"is_endless":false,"potions_floor_spawned":[2,8,11,14,16,24,27,31,36],"ascension_level":0}}