{"host":"2lo6hma6kymb0g9i","time":1608831735,"event":{"mods":["BaseMod","Colored Map","DeckTracker","Minty Spire (QoL Compilation)"],"gold_per_floor":[112,37,37,53,65,65,83,114,159,22,22,22,35,35,35,35,35],"floor_reached":16,"playtime":630,"items_purged":["Strike_G","Strike_G"],"score":195,"play_id":"c0f93376-2300-45f4-8d5a-2efafb8c1d70","local_time":"20201225024215","is_ascension_mode":true,"campfire_choices":[{"data":"Poisoned Stab","floor":6,"key":"SMITH"},{"floor":11,"key":"REST"},{"floor":15,"key":"REST"}],"circlet_count":0,"master_deck":["AscendersBane","Strike_G","Strike_G","Strike_G","Defend_G","Defend_G+1","Defend_G","Defend_G","Defend_G","Survivor","Neutralize","Quick Slash","Poisoned Stab+1","Dagger Throw","Deflect+1","Underhanded Strike","Footwork"],"relics":["Ring of the Snake","Sundial","Pen Nib"],"acts_visited":["Exordium"],"potions_floor_usage":[8,16],"damage_taken":[{"damage":0,"enemies":"Cultist","floor":1,"turns":4},{"damage":0,"enemies":"2 Louse","floor":4,"turns":2},{"damage":12,"enemies":"Jaw Worm","floor":5,"turns":3},{"damage":5,"enemies":"Red Slaver","floor":7,"turns":4},{"damage":26,"enemies":"Gremlin Nob","floor":8,"turns":4},{"damage":0,"enemies":"2 Fungi Beasts","floor":13,"turns":2},{"damage":58,"enemies":"Hexaghost","floor":16,"turns":10}],"seed_played":"-8829822846094375610","potions_obtained":[{"floor":1,"key":"Regen Potion"},{"floor":7,"key":"LiquidMemories"}],"is_trial":false,"path_per_floor":["M","$","?","M","M","R","M","E","T","$","R","?","M","?","R","B"],"character_chosen":"THE_SILENT","items_purchased":["Footwork"],"campfire_rested":2,"item_purchase_floors":[10],"current_hp_per_floor":[59,59,59,59,47,47,42,16,16,16,35,15,15,20,41,0,0],"gold":35,"neow_bonus":"THREE_CARDS","is_daily":false,"chose_seed":false,"campfire_upgraded":1,"win_rate":0.0,"timestamp":1608831735,"path_taken":["M","?","?","M","?","R","M","E","T","?","R","?","M","?","R","BOSS"],"items_purchased_type":["Card"],"build_version":"2020-12-22","purchased_purges":2,"victory":false,"max_hp_per_floor":[66,66,66,66,66,66,66,66,66,66,66,66,66,71,71,71,71],"card_choices":[{"not_picked":["Finisher","Blade Dance"],"picked":"Quick Slash","floor":0},{"not_picked":["Heel Hook","PiercingWail"],"picked":"Poisoned Stab","floor":1},{"not_picked":["Deadly Poison","Cloak And Dagger"],"picked":"Dagger Throw","floor":4},{"not_picked":["Endless Agony","Poisoned Stab"],"picked":"Deflect","floor":5},{"not_picked":["Bane","All Out Attack"],"picked":"Underhanded Strike","floor":7},{"not_picked":["Dash","Sucker Punch","Flying Knee"],"picked":"SKIP","floor":8},{"not_picked":["Poisoned Stab","Storm of Steel","Sucker Punch"],"picked":"SKIP","floor":13}],"player_experience":872356,"relics_obtained":[{"floor":8,"key":"Sundial"},{"floor":9,"key":"Pen Nib"}],"event_choices":[{"damage_healed":0,"gold_gain":0,"player_choice":"Fled","damage_taken":0,"max_hp_gain":0,"max_hp_loss":0,"event_name":"Scrap Ooze","floor":3,"gold_loss":0},{"damage_healed":0,"gold_gain":0,"player_choice":"Entered Light","damage_taken":20,"max_hp_gain":0,"max_hp_loss":0,"event_name":"Shining Light","floor":12,"gold_loss":0,"cards_upgraded":["Defend_G","Deflect"]},{"damage_healed":0,"gold_gain":0,"player_choice":"Donut","damage_taken":0,"max_hp_gain":5,"max_hp_loss":0,"event_name":"Big Fish","floor":14,"gold_loss":0}],"is_beta":false,"boss_relics":[],"items_purged_floors":[2,10],"is_endless":false,"potions_floor_spawned":[1,7],"killed_by":"Hexaghost","ascension_level":19}}