{"host":"diy71vlueofrnn1o","time":1608795064,"event":{"mods":["2.2 Compatiblity","AchievementEnabler","BaseMod","Best Route Mod","Colored Map","Curses Come First","DeckTracker","Minty Spire (QoL Compilation)","Quick Restart","Rare Cards Sparkle","StSLib","SuperFastMode"],"gold_per_floor":[114,130,143,157,157,157,185,185,185,185,211,226,112,123,123,219,219,237,237,237],"floor_reached":19,"playtime":1124,"items_purged":["Defend_G"],"score":242,"play_id":"1a291521-7fd2-4379-a1a2-e771ff5361e6","local_time":"20201224083104","is_ascension_mode":true,"campfire_choices":[{"data":"Cloak And Dagger","floor":6,"key":"SMITH"},{"data":"Envenom","floor":8,"key":"SMITH"},{"data":"Backflip","floor":10,"key":"SMITH"},{"floor":15,"key":"REST"}],"circlet_count":0,"master_deck":["Strike_G","Strike_G","Strike_G","Strike_G","Defend_G","Defend_G","Defend_G","Defend_G","Survivor","Neutralize","Cloak And Dagger+1","Backflip+1","Deflect","Flying Knee","Envenom+1","Sucker Punch","Dash","Footwork","Finisher","Die Die Die","Dagger Spray+1"],"relics":["HoveringKite","Anchor","PreservedInsect","Ornamental Fan","Black Star"],"acts_visited":["Exordium","TheCity"],"potions_floor_usage":[7,11,12,16],"damage_taken":[{"damage":2,"enemies":"2 Louse","floor":1,"turns":3},{"damage":5,"enemies":"Cultist","floor":2,"turns":6},{"damage":1,"enemies":"Small Slimes","floor":3,"turns":4},{"damage":5,"enemies":"3 Louse","floor":4,"turns":4},{"damage":19,"enemies":"3 Sentries","floor":7,"turns":10},{"damage":22,"enemies":"Gremlin Nob","floor":11,"turns":4},{"damage":0,"enemies":"Large Slime","floor":12,"turns":5},{"damage":0,"enemies":"Blue Slaver","floor":14,"turns":4},{"damage":19,"enemies":"Hexaghost","floor":16,"turns":10},{"damage":32,"enemies":"Chosen","floor":18,"turns":7},{"damage":23,"enemies":"3 Byrds","floor":19,"turns":2}],"seed_played":"-9065139814369125343","potions_obtained":[{"floor":3,"key":"PowerPotion"},{"floor":4,"key":"AttackPotion"},{"floor":11,"key":"DuplicationPotion"},{"floor":12,"key":"PowerPotion"}],"is_trial":false,"path_per_floor":["M","M","M","M","?","R","E","R","T","R","E","M","$","M","R","B",null,"M","M"],"character_chosen":"THE_SILENT","items_purchased":["Footwork"],"campfire_rested":1,"item_purchase_floors":[13],"current_hp_per_floor":[61,56,55,50,50,50,31,31,31,31,9,9,9,9,30,11,55,23,0,0],"gold":237,"neow_bonus":"BOSS_RELIC","is_daily":false,"chose_seed":false,"campfire_upgraded":3,"win_rate":0.0,"timestamp":1608795064,"path_taken":["M","M","M","M","?","R","E","R","T","R","E","M","?","M","R","BOSS","M","M"],"items_purchased_type":["Card"],"build_version":"2020-12-22","purchased_purges":1,"victory":false,"max_hp_per_floor":[70,70,70,70,70,70,70,70,70,70,70,70,70,70,70,70,70,70,70,70],"card_choices":[{"not_picked":["Well Laid Plans","Outmaneuver"],"picked":"Cloak And Dagger","floor":1},{"not_picked":["Infinite Blades","Masterful Stab"],"picked":"Backflip","floor":2},{"not_picked":["PiercingWail","Eviscerate"],"picked":"Deflect","floor":3},{"not_picked":["Crippling Poison","Backflip"],"picked":"Flying Knee","floor":4},{"not_picked":["Flying Knee","Deadly Poison"],"picked":"Envenom","floor":7},{"not_picked":["Prepared","Accuracy"],"picked":"Sucker Punch","floor":11},{"not_picked":["Blur","Expertise"],"picked":"Dash","floor":12},{"not_picked":["Dagger Throw","Wraith Form v2"],"picked":"Finisher","floor":14},{"not_picked":["Storm of Steel","Venomology"],"picked":"Die Die Die","floor":16},{"not_picked":["Deflect","Acrobatics+1"],"picked":"Dagger Spray+1","floor":18}],"player_experience":385726,"relics_obtained":[{"floor":7,"key":"Anchor"},{"floor":9,"key":"PreservedInsect"},{"floor":11,"key":"Ornamental Fan"}],"event_choices":[{"cards_removed":["Strike_G"],"damage_healed":0,"gold_gain":0,"player_choice":"Purged","damage_taken":0,"max_hp_gain":0,"max_hp_loss":0,"event_name":"Purifier","floor":5,"gold_loss":0}],"is_beta":false,"boss_relics":[{"not_picked":["Philosopher\u0027s Stone","Busted Crown"],"picked":"Black Star"}],"items_purged_floors":[13],"is_endless":false,"potions_floor_spawned":[3,4,11,12],"killed_by":"3 Byrds","ascension_level":7}}