{"host":"5bdt6s51dmpd4l3v","time":1608781248,"event":{"mods":["AchievementEnabler","BaseMod","Colored Map","Colored Powertips","Highlight Path","Minty Spire (QoL Compilation)","Quick Restart","Rare Cards Sparkle","StSLib"],"gold_per_floor":[118,193,78,78,94,94,122,122,171,171,446,446,466,478,478,478,478],"floor_reached":16,"playtime":182,"items_purged":[],"score":215,"play_id":"0bfe0cee-2baf-47ff-9909-e795c171cec4","local_time":"20201224114048","is_ascension_mode":true,"campfire_choices":[{"data":"Whirlwind","floor":6,"key":"SMITH"},{"data":"Rupture","floor":8,"key":"SMITH"},{"data":"Seeing Red","floor":10,"key":"SMITH"},{"data":"Battle Trance","floor":12,"key":"SMITH"},{"data":"Sword Boomerang","floor":15,"key":"SMITH"}],"circlet_count":0,"master_deck":["AscendersBane","Strike_R","Strike_R","Strike_R","Strike_R","Strike_R","Defend_R","Defend_R","Defend_R","Bash","Seeing Red+1","Whirlwind+1","Battle Trance+1","Rupture+1","Regret","Clash","Sword Boomerang+1"],"relics":["Burning Blood","NeowsBlessing","Dream Catcher","Toy Ornithopter"],"acts_visited":["Exordium"],"potions_floor_usage":[14,16],"damage_taken":[{"damage":0,"enemies":"2 Louse","floor":1,"turns":1},{"damage":0,"enemies":"Cultist","floor":5,"turns":1},{"damage":0,"enemies":"Lagavulin","floor":7,"turns":1},{"damage":14,"enemies":"Small Slimes","floor":13,"turns":3},{"damage":11,"enemies":"Blue Slaver","floor":14,"turns":3},{"damage":42,"enemies":"Hexaghost","floor":16,"turns":4}],"seed_played":"1948843072629767206","potions_obtained":[{"floor":7,"key":"Block Potion"},{"floor":14,"key":"BloodPotion"}],"is_trial":false,"path_per_floor":["M","?","$","?","M","R","E","R","T","R","?","R","M","M","R","B"],"character_chosen":"IRONCLAD","items_purchased":["Whirlwind","Battle Trance"],"campfire_rested":0,"item_purchase_floors":[3,3],"current_hp_per_floor":[74,63,63,63,69,69,75,75,75,75,75,75,67,67,67,45,45],"gold":478,"neow_bonus":"THREE_ENEMY_KILL","is_daily":false,"chose_seed":false,"campfire_upgraded":5,"win_rate":0.0,"timestamp":1608781248,"path_taken":["M","?","$","?","?","R","E","R","T","R","?","R","?","M","R","BOSS"],"items_purchased_type":["Card","Card"],"build_version":"2020-12-22","purchased_purges":0,"victory":false,"max_hp_per_floor":[75,75,75,75,75,75,75,75,75,75,75,75,75,75,75,75,75],"card_choices":[{"not_picked":["Wild Strike","Pommel Strike"],"picked":"Seeing Red","floor":1},{"not_picked":["Havoc","Dark Embrace","Second Wind"],"picked":"SKIP","floor":5},{"not_picked":["Evolve","Wild Strike","Metallicize"],"picked":"SKIP","floor":7},{"not_picked":["Wild Strike","Havoc"],"picked":"Clash","floor":13},{"not_picked":["Havoc","Second Wind"],"picked":"Sword Boomerang","floor":14}],"player_experience":210866,"relics_obtained":[{"floor":7,"key":"Dream Catcher"},{"floor":9,"key":"Toy Ornithopter"}],"event_choices":[{"damage_healed":0,"gold_gain":75,"player_choice":"Gather Gold","damage_taken":11,"max_hp_gain":0,"max_hp_loss":0,"event_name":"World of Goop","floor":2,"gold_loss":0},{"damage_healed":0,"gold_gain":0,"cards_transformed":["Defend_R"],"player_choice":"Transformed","damage_taken":0,"max_hp_gain":0,"max_hp_loss":0,"event_name":"Transmorgrifier","floor":4,"gold_loss":0,"cards_obtained":["Rupture"]},{"damage_healed":0,"gold_gain":275,"player_choice":"Desecrate","damage_taken":0,"max_hp_gain":0,"max_hp_loss":0,"event_name":"Golden Shrine","floor":11,"gold_loss":0,"cards_obtained":["Regret"]}],"is_beta":false,"boss_relics":[],"items_purged_floors":[],"is_endless":false,"potions_floor_spawned":[7,14],"killed_by":"Hexaghost","ascension_level":15}}