{"host":"p1xsuo25udtrkbq2","time":1608796218,"event":{"mods":["BaseMod","Colored Map","Minty Spire (QoL Compilation)","Rare Cards Sparkle","Relic Stats","Slay the Relics Exporter","StSLib","everything is the same but u backflip on backflip"],"gold_per_floor":[214,214,230,249,33,33,53,78,123,150,7,24,24,0,0,71,71,83,83,83,95,105,140,140,173,173,173,173],"floor_reached":27,"playtime":2697,"items_purged":["Strike_G"],"score":486,"play_id":"8b33269a-7f06-4f35-aea2-be83ccf337e1","local_time":"20201224025018","is_ascension_mode":true,"campfire_choices":[{"data":"Skewer","floor":6.0,"key":"SMITH"},{"floor":13.0,"key":"REST"},{"data":"Night Terror","floor":15.0,"key":"SMITH"},{"floor":24.0,"key":"REST"}],"circlet_count":0,"master_deck":["AscendersBane","Strike_G","Strike_G","Strike_G","Defend_G","Defend_G","Defend_G","Defend_G","Defend_G","Survivor","Neutralize","Blade Dance","Night Terror+1","Accuracy","Skewer+1","Cloak And Dagger","Caltrops","Tools of the Trade","Terror","Well Laid Plans","Acrobatics","Bullet Time","Cloak And Dagger","Necronomicurse","Backstab","Prepared+1","Storm of Steel"],"relics":["Ring of the Snake","Chemical X","Question Card","PreservedInsect","Dream Catcher","WristBlade","Necronomicon","Singing Bowl","Ancient Tea Set","Toy Ornithopter"],"acts_visited":["Exordium","TheCity"],"potions_floor_usage":[],"damage_taken":[{"damage":6.0,"enemies":"Jaw Worm","floor":1.0,"turns":5.0},{"damage":0.0,"enemies":"2 Louse","floor":3.0,"turns":3.0},{"damage":4.0,"enemies":"Small Slimes","floor":4.0,"turns":4.0},{"damage":0.0,"enemies":"Looter","floor":7.0,"turns":1.0},{"damage":7.0,"enemies":"3 Sentries","floor":8.0,"turns":6.0},{"damage":0.0,"enemies":"Lagavulin","floor":10.0,"turns":4.0},{"damage":16.0,"enemies":"3 Louse","floor":12.0,"turns":4.0},{"damage":24.0,"enemies":"The Guardian","floor":16.0,"turns":9.0},{"damage":7.0,"enemies":"Shell Parasite","floor":18.0,"turns":4.0},{"damage":4.0,"enemies":"2 Thieves","floor":21.0,"turns":2.0},{"damage":13.0,"enemies":"Snake Plant","floor":22.0,"turns":3.0},{"damage":14.0,"enemies":"Gremlin Leader","floor":23.0,"turns":4.0},{"damage":20.0,"enemies":"Book of Stabbing","floor":25.0,"turns":4.0},{"damage":9,"enemies":"Centurion and Healer","floor":27,"turns":2}],"seed_played":"2783338954910077656","potions_obtained":[{"floor":1.0,"key":"GhostInAJar"},{"floor":4.0,"key":"FearPotion"},{"floor":12.0,"key":"ColorlessPotion"},{"floor":18.0,"key":"CunningPotion"}],"is_trial":false,"path_per_floor":["M","?","M","M","$","R","M","E","T","E","$","M","R","?","R","B",null,"M","?","$","M","M","E","R","E","T","M"],"character_chosen":"THE_SILENT","items_purchased":["Chemical X","Skewer","Terror"],"campfire_rested":2,"item_purchase_floors":[5,5,11],"current_hp_per_floor":[53,53,53,49,49,49,49,42,42,42,42,26,45,45,45,21,55,48,32,32,28,15,3,23,5,5,0,0],"gold":173,"neow_bonus":"HUNDRED_GOLD","is_daily":false,"chose_seed":false,"campfire_upgraded":2,"win_rate":0.0,"timestamp":1608796218,"path_taken":["M","?","M","M","$","R","M","E","T","E","$","M","R","?","R","BOSS","M","?","$","M","M","E","R","E","T","M"],"items_purchased_type":["Relic","Card","Card"],"build_version":"2020-12-22","purchased_purges":1,"victory":false,"max_hp_per_floor":[66,66,66,66,66,66,66,66,66,66,66,66,66,66,66,66,66,66,66,66,66,66,68,68,70,70,70,70],"relic_stats":{"Dream Catcher":2,"Singing Bowl":4,"counters":[14,55],"PreservedInsect":128,"Necronomicon":[1],"Chemical X":[14],"Question Card":10,"obtain_stats":[{"Dream Catcher":10,"WristBlade":17,"Singing Bowl":23,"PreservedInsect":9,"Necronomicon":19,"Chemical X":5,"Question Card":8,"Ancient Tea Set":25,"Toy Ornithopter":26,"Ring of the Snake":0},{"Dream Catcher":6,"WristBlade":8,"Singing Bowl":12,"PreservedInsect":5,"Necronomicon":9,"Chemical X":3,"Question Card":5,"Ancient Tea Set":13,"Toy Ornithopter":13,"Ring of the Snake":0},{"Dream Catcher":23,"WristBlade":36,"Singing Bowl":49,"PreservedInsect":19,"Necronomicon":40,"Chemical X":12,"Question Card":19,"Ancient Tea Set":53,"Toy Ornithopter":53,"Ring of the Snake":0}],"Toy Ornithopter":0,"Ring of the Snake":[28]},"card_choices":[{"not_picked":["Caltrops","Outmaneuver"],"picked":"Blade Dance","floor":1.0},{"not_picked":["Underhanded Strike","Skewer","Outmaneuver"],"picked":"SKIP","floor":3.0},{"not_picked":["Prepared","Deflect"],"picked":"Accuracy","floor":4.0},{"not_picked":["Dodge and Roll","Blade Dance"],"picked":"Cloak And Dagger","floor":7.0},{"not_picked":["Bane","Slice"],"picked":"Caltrops","floor":8.0},{"not_picked":["Riddle With Holes","Sucker Punch","Bane"],"picked":"Tools of the Trade","floor":10.0},{"not_picked":["Underhanded Strike","Footwork","PiercingWail"],"picked":"Well Laid Plans","floor":12.0},{"not_picked":["Deflect","Slice","Poisoned Stab"],"picked":"Acrobatics","floor":13.0},{"not_picked":["Storm of Steel","After Image","Phantasmal Killer"],"picked":"Bullet Time","floor":16.0},{"not_picked":["Deflect","Outmaneuver","Finisher"],"picked":"Cloak And Dagger","floor":18.0},{"not_picked":["Catalyst","Flying Knee","Eviscerate"],"picked":"Backstab","floor":21.0},{"not_picked":["Quick Slash","Underhanded Strike","Cloak And Dagger"],"picked":"Prepared+1","floor":22.0},{"not_picked":["Deadly Poison","Dagger Spray","Bane+1","Dodge and Roll+1"],"picked":"Singing Bowl","floor":23.0},{"not_picked":["Poisoned Stab","Slice","Dagger Throw"],"picked":"Storm of Steel","floor":24.0},{"not_picked":["Riddle With Holes","Flechettes","Flying Knee","Catalyst"],"picked":"Singing Bowl","floor":25.0}],"player_experience":816691,"relics_obtained":[{"floor":8.0,"key":"Question Card"},{"floor":9.0,"key":"PreservedInsect"},{"floor":10.0,"key":"Dream Catcher"},{"floor":19.0,"key":"Necronomicon"},{"floor":23.0,"key":"Singing Bowl"},{"floor":25.0,"key":"Ancient Tea Set"},{"floor":26.0,"key":"Toy Ornithopter"}],"event_choices":[{"damage_healed":0.0,"max_hp_gain":0.0,"max_hp_loss":0.0,"gold_gain":0.0,"cards_transformed":["Strike_G"],"event_name":"Living Wall","player_choice":"Change","floor":2.0,"gold_loss":0.0,"damage_taken":0.0,"cards_obtained":["Night Terror"]},{"damage_healed":0.0,"max_hp_gain":0.0,"max_hp_loss":0.0,"gold_gain":0.0,"event_name":"World of Goop","player_choice":"Left Gold","floor":14.0,"gold_loss":24.0,"damage_taken":0.0},{"damage_healed":0.0,"max_hp_gain":0.0,"max_hp_loss":0.0,"gold_gain":0.0,"event_name":"Cursed Tome","player_choice":"Obtained Book","floor":19.0,"gold_loss":0.0,"damage_taken":16.0}],"is_beta":false,"boss_relics":[{"not_picked":["Velvet Choker","Calling Bell"],"picked":"WristBlade"}],"items_purged_floors":[11],"is_endless":false,"potions_floor_spawned":[1,4,12,18],"killed_by":"Centurion and Healer","ascension_level":14}}