{"host":"17j25xn3vk5d1e3v","time":1608775435,"event":{"mods":["AchievementEnabler","Act Like it!","BaseMod","GifTheSpireLib","Hermit","HexUI Lib","Hubris","Minty Spire (QoL Compilation)","Replay The Spire","StSLib"],"gold_per_floor":[110,110,127,127,140,166,166,166,166],"floor_reached":8,"playtime":236,"items_purged":[],"score":62,"play_id":"803d02cf-32d4-4fb4-8517-db7167eca70a","local_time":"20201224030355","is_ascension_mode":true,"campfire_choices":[{"floor":7,"key":"REST"}],"circlet_count":0,"master_deck":["Strike_P","Strike_P","Strike_P","Strike_P","Defend_P","Defend_P","Defend_P","Defend_P","Eruption","Vigilance","Evaluate","Protect","Perseverance","Protect+1"],"relics":["PureWater","NeowsBlessing","Garlic","Toxic Egg 2"],"acts_visited":["Exordium"],"potions_floor_usage":[6,6],"damage_taken":[{"damage":0,"enemies":"Small Slimes","floor":1,"turns":1},{"damage":0,"enemies":"2 Louse","floor":3,"turns":1},{"damage":0,"enemies":"Cultist","floor":5,"turns":1},{"damage":44,"enemies":"Gremlin Nob","floor":6,"turns":6},{"damage":5,"enemies":"Lagavulin","floor":8,"turns":7}],"seed_played":"1290600511116476963","potions_obtained":[{"floor":3,"key":"Flashbang"},{"floor":5,"key":"BottledMiracle"}],"is_trial":false,"path_per_floor":["M","?","M","$","M","E","R","E"],"character_chosen":"WATCHER","items_purchased":[],"campfire_rested":1,"item_purchase_floors":[],"current_hp_per_floor":[72,69,69,69,69,25,46,41,41],"gold":166,"neow_bonus":"THREE_ENEMY_KILL","is_daily":false,"chose_seed":false,"campfire_upgraded":0,"win_rate":0.0,"timestamp":1608775435,"path_taken":["M","?","M","$","M","E","R","E"],"items_purchased_type":[],"build_version":"2020-12-22","purchased_purges":0,"victory":false,"max_hp_per_floor":[72,72,72,72,72,72,72,72,72],"card_choices":[{"not_picked":["FlyingSleeves","Halt"],"picked":"Evaluate","floor":1},{"not_picked":["Adaptation","FlyingSleeves"],"picked":"Protect","floor":3},{"not_picked":["Replay:BluntJabs","Crescendo"],"picked":"Perseverance","floor":5},{"not_picked":["SandsOfTime","Halt+1"],"picked":"Protect+1","floor":6}],"player_experience":202439,"relics_obtained":[{"floor":6,"key":"Toxic Egg 2"}],"event_choices":[{"damage_healed":0,"gold_gain":0,"player_choice":"Success","damage_taken":3,"relics_obtained":["Garlic"],"max_hp_gain":0,"max_hp_loss":0,"event_name":"Scrap Ooze","floor":2,"gold_loss":0}],"is_beta":false,"boss_relics":[],"items_purged_floors":[],"is_endless":false,"potions_floor_spawned":[3,5],"killed_by":"Lagavulin","ascension_level":2}}