{"host":"wgutmjbkdh3egq5e","time":1608846046,"event":{"mods":["BaseMod","Bestiary","Colored Powertips","Defuse TimeMaze Blight","Minty Spire (QoL Compilation)","Relic Stats","StSLib"],"gold_per_floor":[109,126,136,150,150,150,175,175,230,245,245,263,292,242,242,344,344,354,371,371,371,390,418,418,443,443,458,458,488,81,93,93,93,93],"floor_reached":33,"playtime":5475,"items_purged":[],"score":453,"play_id":"386bd04b-0691-40fb-af4d-72b2e7f18ed9","local_time":"20201224224046","is_ascension_mode":true,"campfire_choices":[{"data":"Body Slam","floor":6.0,"key":"SMITH"},{"floor":8.0,"key":"REST"},{"data":"True Grit","floor":11,"key":"SMITH"},{"data":"Feel No Pain","floor":15,"key":"SMITH"},{"data":"J.A.X.","floor":24,"key":"SMITH"},{"floor":28,"key":"REST"},{"data":"Feel No Pain","floor":32,"key":"SMITH"}],"circlet_count":0,"master_deck":["Bash","Cleave+1","Sentinel","Berserk","Dark Embrace","Body Slam+1","Offering","Clothesline","Evolve","Iron Wave+1","Iron Wave","Headbutt","Reckless Charge","Ghostly Armor","True Grit+1","Hemokinesis","Feel No Pain+1","Feed","Pommel Strike","Feel No Pain+1","J.A.X.+1","Feel No Pain+1","Spot Weakness","Immolate+1","Spot Weakness","Heavy Blade+1","Rupture","Disarm","Juggernaut"],"relics":["Pandora\u0027s Box","Meat on the Bone","Bronze Scales","Whetstone","Mark of Pain","Molten Egg 2","Thread and Needle","Torii","CaptainsWheel","Ornamental Fan","Singing Bowl"],"acts_visited":["TheCity"],"potions_floor_usage":[16,16,23,25,25,33],"damage_taken":[{"damage":8.0,"enemies":"Cultist","floor":1.0,"turns":4.0},{"damage":6.0,"enemies":"Small Slimes","floor":2.0,"turns":2.0},{"damage":17.0,"enemies":"Jaw Worm","floor":3.0,"turns":3.0},{"damage":10.0,"enemies":"Exordium Thugs","floor":4.0,"turns":3.0},{"damage":28.0,"enemies":"Lagavulin","floor":7.0,"turns":6.0},{"damage":8,"enemies":"Gremlin Gang","floor":10,"turns":3},{"damage":6,"enemies":"2 Fungi Beasts","floor":12,"turns":2},{"damage":8,"enemies":"Gremlin Nob","floor":13,"turns":2},{"damage":9,"enemies":"The Guardian","floor":16,"turns":8},{"damage":8,"enemies":"Chosen","floor":18,"turns":4},{"damage":17,"enemies":"3 Byrds","floor":19,"turns":3},{"damage":19,"enemies":"Cultist and Chosen","floor":22,"turns":5},{"damage":17,"enemies":"Book of Stabbing","floor":23,"turns":5},{"damage":37,"enemies":"Slavers","floor":25,"turns":5},{"damage":6,"enemies":"3 Cultists","floor":27,"turns":4},{"damage":31,"enemies":"Gremlin Leader","floor":29,"turns":6},{"damage":3,"enemies":"Centurion and Healer","floor":31,"turns":4},{"damage":116,"enemies":"Automaton","floor":33,"turns":6}],"seed_played":"1137289267454522338","potions_obtained":[{"floor":1.0,"key":"GamblersBrew"},{"floor":2.0,"key":"Fire Potion"},{"floor":12,"key":"CultistPotion"},{"floor":13,"key":"AttackPotion"},{"floor":18,"key":"Swift Potion"},{"floor":22,"key":"EssenceOfSteel"},{"floor":29,"key":"Weak Potion"},{"floor":31,"key":"FearPotion"}],"is_trial":false,"path_per_floor":["M","M","M","M","?","R","E","R","T","M","R","M","E","?","R","B",null,"M","M","?","T","M","E","R","E","T","M","R","E","$","M","R","B"],"character_chosen":"IRONCLAD","items_purchased":["PowerPotion","Singing Bowl","Rupture","Disarm"],"campfire_rested":2,"item_purchase_floors":[30,30,30,30],"current_hp_per_floor":[72,66,49,39,39,39,11,35,35,39,39,45,49,49,49,52,73,68,54,54,54,50,48,48,26,26,32,60,41,41,50,50,0,0],"gold":93,"neow_bonus":"BOSS_RELIC","is_daily":false,"chose_seed":false,"campfire_upgraded":5,"win_rate":0.0,"timestamp":1608846046,"path_taken":["M","?","M","M","?","R","E","R","T","M","R","M","E","?","R","BOSS","M","M","?","?","M","E","R","E","T","?","R","E","$","M","R","BOSS"],"items_purchased_type":["Potion","Relic","Card","Card"],"build_version":"2020-12-22","purchased_purges":0,"victory":false,"max_hp_per_floor":[80,80,80,80,80,80,80,80,80,80,80,80,80,80,80,80,80,83,86,86,86,89,92,92,95,95,95,95,95,95,95,95,95,95],"relic_stats":{"Torii":7,"Singing Bowl":0,"counters":[13,57],"Ornamental Fan":[8],"Bronze Scales":[228],"Pandora\u0027s Box":[],"Whetstone":["Cleave","Iron Wave"],"obtain_stats":[{"CaptainsWheel":26,"Torii":25,"Singing Bowl":30,"Ornamental Fan":29,"Bronze Scales":9,"Pandora\u0027s Box":0,"Molten Egg 2":21,"Thread and Needle":23,"Mark of Pain":17,"Whetstone":13,"Meat on the Bone":0},{"CaptainsWheel":9,"Torii":9,"Singing Bowl":11,"Ornamental Fan":11,"Bronze Scales":0,"Pandora\u0027s Box":0,"Molten Egg 2":6,"Thread and Needle":8,"Mark of Pain":4,"Whetstone":3,"Meat on the Bone":0},{"CaptainsWheel":37,"Torii":37,"Singing Bowl":47,"Ornamental Fan":47,"Bronze Scales":0,"Pandora\u0027s Box":0,"Molten Egg 2":22,"Thread and Needle":32,"Mark of Pain":15,"Whetstone":7,"Meat on the Bone":0}],"Meat on the Bone":120},"card_choices":[{"not_picked":["Intimidate","Rampage"],"picked":"Iron Wave","floor":1.0},{"not_picked":["Thunderclap","Headbutt"],"picked":"Iron Wave","floor":2.0},{"not_picked":["Pommel Strike","Berserk"],"picked":"Headbutt","floor":3.0},{"not_picked":["Clash","Headbutt"],"picked":"Reckless Charge","floor":4.0},{"not_picked":["Uppercut","Rampage"],"picked":"Ghostly Armor","floor":7.0},{"not_picked":["Sword Boomerang","Twin Strike"],"picked":"True Grit","floor":10},{"not_picked":["Dropkick","Combust"],"picked":"Hemokinesis","floor":12},{"not_picked":["Perfected Strike","Hemokinesis"],"picked":"Feel No Pain","floor":13},{"not_picked":["Corruption","Brutality"],"picked":"Feed","floor":16},{"not_picked":["Rupture","Thunderclap+1"],"picked":"Pommel Strike","floor":18},{"not_picked":["Iron Wave","True Grit+1"],"picked":"Feel No Pain+1","floor":19},{"not_picked":["Body Slam+1","Sword Boomerang+1"],"picked":"Feel No Pain","floor":22},{"not_picked":["Shrug It Off+1","Bloodletting+1"],"picked":"Spot Weakness","floor":23},{"not_picked":["True Grit","Pummel+1"],"picked":"Immolate+1","floor":25},{"not_picked":["Havoc","Thunderclap+1"],"picked":"Spot Weakness","floor":27},{"not_picked":["Body Slam+1","Cleave+1"],"picked":"Heavy Blade+1","floor":29},{"not_picked":["Armaments","Warcry+1"],"picked":"Juggernaut","floor":31}],"player_experience":803809,"relics_obtained":[{"floor":7.0,"key":"Meat on the Bone"},{"floor":9,"key":"Bronze Scales"},{"floor":13,"key":"Whetstone"},{"floor":21,"key":"Molten Egg 2"},{"floor":23,"key":"Thread and Needle"},{"floor":25,"key":"Torii"},{"floor":26,"key":"CaptainsWheel"},{"floor":29,"key":"Ornamental Fan"}],"event_choices":[{"damage_healed":0.0,"max_hp_gain":0.0,"max_hp_loss":0.0,"gold_gain":0.0,"event_name":"Liars Game","player_choice":"Ignored","floor":5.0,"gold_loss":0.0,"damage_taken":0.0},{"cards_removed":["Clash"],"damage_healed":0,"gold_gain":0,"player_choice":"Card Removal","damage_taken":0,"max_hp_gain":0,"max_hp_loss":0,"event_name":"The Cleric","floor":14,"gold_loss":50},{"damage_healed":0,"gold_gain":0,"player_choice":"Obtain J.A.X.","damage_taken":0,"max_hp_gain":0,"max_hp_loss":0,"event_name":"Drug Dealer","floor":20,"gold_loss":0,"cards_obtained":["J.A.X."]}],"is_beta":false,"boss_relics":[{"not_picked":["Fusion Hammer","Tiny House"],"picked":"Mark of Pain"}],"items_purged_floors":[],"is_endless":false,"potions_floor_spawned":[1,2,12,13,18,22,29,31],"killed_by":"Automaton","ascension_level":5}}