{"host":"52jmisti11ysmja4","time":1608831128,"event":{"mods":["Aspiration","BaseMod","Better Third Choice","Hermit","Koishi","Minty Spire (QoL Compilation)","Remove Card Discount Mod","Shade Mod","StSLib","The Cursed","The Servant 0.9.4","The Vixen"],"gold_per_floor":[117,137,157,143,159,189,189,218,218,218,218],"floor_reached":10,"playtime":712,"items_purged":["Defend_R","Defend_R","Defend_R","Defend_R","Strike_R","Strike_R","Strike_R"],"score":156,"play_id":"18ad8e5f-6961-4f6e-ba37-b63d77d83a27","local_time":"20201224093208","is_ascension_mode":true,"campfire_choices":[],"circlet_count":0,"master_deck":["AscendersBane","Strike_R","Strike_R","Bash","Shrug It Off","Armaments","Armaments","Headbutt","Flame Barrier","Metallicize"],"relics":["Burning Blood","NeowsBlessing","Boot","Ginger","Blue Candle","Question Card"],"acts_visited":["Exordium"],"potions_floor_usage":[6,10],"damage_taken":[{"damage":0,"enemies":"Cultist","floor":1,"turns":1},{"damage":0,"enemies":"Small Slimes","floor":2,"turns":1},{"damage":0,"enemies":"Jaw Worm","floor":3,"turns":1},{"damage":9,"enemies":"Large Slime","floor":5,"turns":9},{"damage":30,"enemies":"3 Sentries","floor":6,"turns":10},{"damage":32,"enemies":"Lagavulin","floor":8,"turns":8},{"damage":17,"enemies":"Gremlin Nob","floor":10,"turns":4}],"seed_played":"-7127836354826247311","potions_obtained":[{"floor":1,"key":"Weak Potion"},{"floor":2,"key":"Regen Potion"},{"floor":8,"key":"SpeedPotion"}],"is_trial":false,"path_per_floor":["M","M","M","$","M","E","T","E","T","E"],"character_chosen":"IRONCLAD","items_purchased":[],"campfire_rested":0,"item_purchase_floors":[],"current_hp_per_floor":[74,75,75,75,72,63,63,37,37,20,20],"gold":218,"neow_bonus":"THREE_ENEMY_KILL","is_daily":false,"chose_seed":false,"campfire_upgraded":0,"win_rate":0.0,"timestamp":1608831128,"path_taken":["M","?","M","$","M","E","?","E","T","E"],"items_purchased_type":[],"build_version":"2020-12-22","purchased_purges":7,"victory":false,"max_hp_per_floor":[75,75,75,75,75,75,75,75,75,75,75],"card_choices":[{"not_picked":["Pommel Strike","Warcry"],"picked":"Shrug It Off","floor":1},{"not_picked":["Clash","Clothesline"],"picked":"Armaments","floor":2},{"not_picked":["Blood for Blood","Heavy Blade"],"picked":"Armaments","floor":3},{"not_picked":["Sword Boomerang","Clash"],"picked":"Headbutt","floor":5},{"not_picked":["Body Slam","Berserk"],"picked":"Flame Barrier","floor":6},{"not_picked":["Whirlwind","Corruption"],"picked":"Metallicize","floor":8}],"player_experience":607358,"relics_obtained":[{"floor":6,"key":"Boot"},{"floor":7,"key":"Ginger"},{"floor":8,"key":"Blue Candle"},{"floor":9,"key":"Question Card"}],"event_choices":[],"is_beta":false,"boss_relics":[],"items_purged_floors":[4,4,4,4,4,4,4],"is_endless":false,"potions_floor_spawned":[1,2,8],"killed_by":"Gremlin Nob","ascension_level":20}}