{"host":"r4e4q8yhb91dmdr8","time":1608779845,"event":{"mods":["AchievementEnabler","BaseMod","Better Note","Better Skull","Colored Map","Colored Powertips","Duelist Mod","GifTheSpireLib","Highlight Path","Jorbs\u0027s Wanderer Trilogy","Minty Spire (QoL Compilation)","Nova Terra(??·??)","Quick Restart","Random Character Button","Rare Cards Sparkle","Relic Stats","Shop Mod","StSLib","The Alterego","The Death Knight","The Fake Hero","The Marked","The Necromancer","The Wild Card","TheHero","TheWitcher"],"gold_per_floor":[12,29,0,3017,3017,3017,3030,2119,2119,2146,2160,2185,2195,2208,2208,2305,2305,2325,2425,1673,1688,1704,1704,1731,1731,1756,1773,1773,1802,1395,1395,1395,1493,1493,1511,1511,1530,1335,1353,1383,1401,1401,1401,1447,1458,1096,1126,1144,1144,1144],"floor_reached":51,"playtime":8299,"items_purged":["Bash"],"score":834,"play_id":"58a74652-aa63-4875-89ad-4d6210770ad7","local_time":"20201223191725","is_ascension_mode":false,"campfire_choices":[{"data":"1","floor":6,"key":"LIFT"},{"data":"2","floor":15,"key":"LIFT"},{"data":"3","floor":23,"key":"LIFT"},{"data":"Juggernaut","floor":28,"key":"SMITH"},{"data":"Madness","floor":32,"key":"SMITH"},{"data":"Armaments","floor":42,"key":"SMITH"},{"data":"Dual Wield","floor":49,"key":"SMITH"}],"circlet_count":0,"master_deck":["Strike_R+1","Strike_R","Strike_R","Strike_R+1","Strike_R","Defend_R","Defend_R","Defend_R","Defend_R","Perfected Strike","Iron Wave","Metallicize","Seeing Red","The Bomb+1","Pommel Strike","Trip","Flame Barrier","Perfected Strike","Feed","Body Slam","Headbutt","Feed","Pommel Strike+1","Swift Strike","Rage","True Grit","Warcry","Anger+1","Sword Boomerang+1","Juggernaut+1","Power Through+1","Madness+1","Shrug It Off","Madness+1","Double Tap","Infernal Blade+1","Armaments+1","Panache","Warcry+1","Twin Strike+1","Anger+1","Dual Wield+1","Parasite"],"relics":["Burning Blood","Girya","DeathKnight:SindragosasSkull","MerchantsRug","Sundial","TungstenRod","Mummified Hand","SlaversCollar","Anchor","Blood Vial","Strange Spoon","Molten Egg 2","Vajra","Meat on the Bone","Bottled Lightning","Black Star","Nunchaku","Dream Catcher","Bird Faced Urn","Orichalcum","Ice Cream","Charon\u0027s Ashes","PreservedInsect"],"acts_visited":["Exordium","TheCity","TheBeyond"],"potions_floor_usage":[12,21,29,41,47,50,50,50,50,50],"damage_taken":[{"damage":0,"enemies":"Jaw Worm","floor":1,"turns":2},{"damage":3,"enemies":"Small Slimes","floor":2,"turns":3},{"damage":0,"enemies":"2 Louse","floor":4,"turns":3},{"damage":0,"enemies":"Large Slime","floor":7,"turns":5},{"damage":10,"enemies":"Lagavulin","floor":10,"turns":5},{"damage":9,"enemies":"Looter","floor":11,"turns":3},{"damage":11,"enemies":"3 Sentries","floor":12,"turns":4},{"damage":0,"enemies":"Exordium Thugs","floor":13,"turns":4},{"damage":8,"enemies":"Lots of Slimes","floor":14,"turns":5},{"damage":38,"enemies":"Hexaghost","floor":16,"turns":8},{"damage":0,"enemies":"Chosen","floor":18,"turns":3},{"damage":7,"enemies":"2 Thieves","floor":21,"turns":4},{"damage":4,"enemies":"Chosen and Byrds","floor":22,"turns":4},{"damage":17,"enemies":"Book of Stabbing","floor":24,"turns":4},{"damage":6,"enemies":"Sentry and Sphere","floor":27,"turns":5},{"damage":4,"enemies":"Gremlin Leader","floor":29,"turns":3},{"damage":54,"enemies":"Automaton","floor":33,"turns":10},{"damage":2,"enemies":"Orb Walker","floor":35,"turns":3},{"damage":0,"enemies":"3 Shapes","floor":37,"turns":5},{"damage":36,"enemies":"Transient","floor":39,"turns":5},{"damage":5,"enemies":"Nemesis","floor":40,"turns":5},{"damage":10,"enemies":"4 Shapes","floor":41,"turns":6},{"damage":34,"enemies":"Maw","floor":45,"turns":8},{"damage":28,"enemies":"Giant Head","floor":47,"turns":7},{"damage":32,"enemies":"Writhing Mass","floor":48,"turns":6},{"damage":99,"enemies":"Awakened One","floor":50,"turns":11}],"seed_played":"-6017822623871482005","potions_obtained":[{"floor":1,"key":"Block Potion"},{"floor":2,"key":"SkillPotion"},{"floor":14,"key":"Fire Potion"},{"floor":27,"key":"SpeedPotion"},{"floor":37,"key":"EntropicBrew"},{"floor":45,"key":"Weak Potion"},{"floor":47,"key":"Strength Potion"}],"is_trial":false,"path_per_floor":["M","M","?","M","?","R","M","$","T","E","M","E","M","M","R","B",null,"M","?","$","M","M","R","E","?","T","M","R","E","$","?","R","B",null,"M","?","M","$","M","E","M","R","T","T","M","$","E","M","R","B",null],"character_chosen":"IRONCLAD","items_purchased":["The Bomb","Pommel Strike","DeathKnight:SindragosasSkull","Whetstone","Block Potion","MerchantsRug","Trip","Swift Strike","Anchor","Blood Vial","Strange Spoon","Rage","True Grit","Madness","Shrug It Off","Bottled Lightning","Panache","Ice Cream","Anger+1","ColorlessPotion"],"campfire_rested":0,"item_purchase_floors":[8,8,8,8,8,8,8,20,20,20,20,20,20,30,30,30,38,46,46,46],"current_hp_per_floor":[80,80,80,80,80,80,80,80,80,76,73,68,77,78,78,46,86,86,86,86,88,89,89,81,81,81,86,86,90,90,90,90,56,95,98,98,104,104,74,77,75,75,75,75,67,67,65,55,55,62],"gold":1144,"neow_bonus":"ONE_RARE_RELIC","is_daily":false,"chose_seed":false,"campfire_upgraded":4,"win_rate":0.0,"timestamp":1608779845,"path_taken":["M","M","?","M","?","R","?","$","T","E","M","E","M","M","R","BOSS","M","?","$","M","M","R","E","?","T","M","R","E","$","?","R","BOSS","M","?","?","$","M","E","M","R","T","?","M","$","E","M","R","BOSS"],"items_purchased_type":["Card","Card","Relic","Relic","Potion","Relic","Card","Card","Relic","Relic","Relic","Card","Card","Card","Card","Relic","Card","Relic","Card","Potion"],"build_version":"2020-12-22","purchased_purges":1,"victory":true,"max_hp_per_floor":[80,80,80,80,80,80,80,80,80,80,80,80,83,86,86,86,86,86,86,86,89,89,89,92,92,92,95,95,95,95,95,95,95,95,98,98,104,104,104,104,104,104,104,104,104,104,104,104,104,104],"relic_stats":{"counters":[26,131],"Charon\u0027s Ashes":[42],"PreservedInsect":0,"Orichalcum":[42],"Burning Blood":117,"Blood Vial":19,"Strange Spoon":[12],"Nunchaku":[7],"Dream Catcher":0,"Sundial":[4],"Mummified Hand":[24],"Bird Faced Urn":[20],"Black Star":2,"obtain_stats":[{"Ice Cream":46,"Girya":0,"MerchantsRug":8,"Vajra":26,"Charon\u0027s Ashes":47,"PreservedInsect":47,"Whetstone":8,"Orichalcum":44,"Burning Blood":0,"Blood Vial":20,"SlaversCollar":17,"Strange Spoon":20,"Anchor":20,"Nunchaku":40,"Dream Catcher":40,"Sundial":9,"Mummified Hand":12,"Bird Faced Urn":43,"Molten Egg 2":24,"Black Star":34,"Bottled Lightning":30,"TungstenRod":10,"DeathKnight:SindragosasSkull":8,"Meat on the Bone":29},{"Ice Cream":23,"Girya":0,"MerchantsRug":4,"Vajra":14,"Charon\u0027s Ashes":24,"PreservedInsect":24,"Whetstone":4,"Orichalcum":22,"Burning Blood":0,"Blood Vial":11,"SlaversCollar":10,"Strange Spoon":11,"Anchor":11,"Nunchaku":21,"Dream Catcher":21,"Sundial":4,"Mummified Hand":7,"Bird Faced Urn":22,"Molten Egg 2":14,"Black Star":17,"Bottled Lightning":16,"TungstenRod":5,"DeathKnight:SindragosasSkull":4,"Meat on the Bone":16},{"Ice Cream":107,"Girya":0,"MerchantsRug":13,"Vajra":57,"Charon\u0027s Ashes":114,"PreservedInsect":114,"Whetstone":13,"Orichalcum":99,"Burning Blood":0,"Blood Vial":45,"SlaversCollar":42,"Strange Spoon":45,"Anchor":45,"Nunchaku":93,"Dream Catcher":93,"Sundial":13,"Mummified Hand":25,"Bird Faced Urn":99,"Molten Egg 2":57,"Black Star":75,"Bottled Lightning":65,"TungstenRod":18,"DeathKnight:SindragosasSkull":13,"Meat on the Bone":65}],"TungstenRod":61,"Meat on the Bone":60},"card_choices":[{"not_picked":["Feel No Pain","Thunderclap"],"picked":"Perfected Strike","floor":1},{"not_picked":["Combust","Clothesline"],"picked":"Iron Wave","floor":2},{"not_picked":["Pommel Strike","Inflame"],"picked":"Metallicize","floor":4},{"not_picked":["Sword Boomerang","Sever Soul"],"picked":"Seeing Red","floor":7},{"not_picked":["Pommel Strike","Dual Wield"],"picked":"Flame Barrier","floor":10},{"not_picked":["Flex","True Grit"],"picked":"Perfected Strike","floor":11},{"not_picked":["Shrug It Off","Flame Barrier"],"picked":"Feed","floor":12},{"not_picked":["Second Wind","Heavy Blade"],"picked":"Body Slam","floor":13},{"not_picked":["Feel No Pain","Cleave"],"picked":"Headbutt","floor":14},{"not_picked":["Limit Break","Impervious"],"picked":"Feed","floor":16},{"not_picked":["Flex","Perfected Strike"],"picked":"Pommel Strike+1","floor":18},{"not_picked":["Headbutt","Heavy Blade"],"picked":"Warcry","floor":21},{"not_picked":["Heavy Blade","Body Slam"],"picked":"Anger+1","floor":22},{"not_picked":["Whirlwind+1","Feel No Pain"],"picked":"Sword Boomerang+1","floor":24},{"not_picked":["Carnage+1","Anger+1"],"picked":"Juggernaut","floor":27},{"not_picked":["Cleave+1","Headbutt+1"],"picked":"Power Through+1","floor":29},{"not_picked":["Corruption","Bludgeon+1"],"picked":"Double Tap","floor":33},{"not_picked":["Reckless Charge+1","Seeing Red+1"],"picked":"Infernal Blade+1","floor":35},{"not_picked":["Warcry+1","Rupture+1"],"picked":"Armaments","floor":37},{"not_picked":["Flex+1","True Grit","Twin Strike+1"],"picked":"SKIP","floor":39},{"not_picked":["Fire Breathing+1","Second Wind+1","Heavy Blade+1"],"picked":"SKIP","floor":40},{"not_picked":["Flex","Cleave+1"],"picked":"Warcry+1","floor":41},{"not_picked":["Disarm+1","Impervious"],"picked":"Twin Strike+1","floor":45},{"not_picked":["Rupture","Pommel Strike+1"],"picked":"Dual Wield","floor":47},{"not_picked":["Reckless Charge+1","Heavy Blade+1","Body Slam+1"],"picked":"SKIP","floor":48}],"player_experience":10647,"relics_obtained":[{"floor":9,"key":"Sundial"},{"floor":10,"key":"TungstenRod"},{"floor":12,"key":"Mummified Hand"},{"floor":24,"key":"Molten Egg 2"},{"floor":26,"key":"Vajra"},{"floor":29,"key":"Meat on the Bone"},{"floor":40,"key":"Nunchaku"},{"floor":40,"key":"Dream Catcher"},{"floor":43,"key":"Bird Faced Urn"},{"floor":44,"key":"Orichalcum"},{"floor":47,"key":"Charon\u0027s Ashes"},{"floor":47,"key":"PreservedInsect"}],"event_choices":[{"damage_healed":0,"gold_gain":0,"player_choice":"Left Gold","damage_taken":0,"max_hp_gain":0,"max_hp_loss":0,"event_name":"World of Goop","floor":3,"gold_loss":29},{"damage_healed":0,"gold_gain":0,"player_choice":"Ignored","damage_taken":0,"max_hp_gain":0,"max_hp_loss":0,"event_name":"Liars Game","floor":5,"gold_loss":0},{"damage_healed":0,"gold_gain":100,"player_choice":"Pray","damage_taken":0,"max_hp_gain":0,"max_hp_loss":0,"event_name":"Golden Shrine","floor":19,"gold_loss":0},{"damage_healed":0,"gold_gain":0,"player_choice":"Forge","damage_taken":0,"max_hp_gain":0,"max_hp_loss":0,"event_name":"Accursed Blacksmith","floor":25,"gold_loss":0,"cards_upgraded":["The Bomb"]},{"damage_healed":0,"gold_gain":0,"player_choice":"Copied","damage_taken":0,"max_hp_gain":0,"max_hp_loss":0,"event_name":"Duplicator","floor":31,"gold_loss":0,"cards_obtained":["Madness"]},{"damage_healed":0,"gold_gain":0,"player_choice":"Upgraded","damage_taken":0,"max_hp_gain":0,"max_hp_loss":0,"event_name":"Upgrade Shrine","floor":36,"gold_loss":0,"cards_upgraded":["Madness"]}],"is_beta":false,"boss_relics":[{"not_picked":["Runic Dome","Ectoplasm"],"picked":"SlaversCollar"},{"not_picked":["Tiny House","Fusion Hammer"],"picked":"Black Star"}],"items_purged_floors":[20],"is_endless":false,"potions_floor_spawned":[1,2,11,14,16,18,27,37,39,45,47],"ascension_level":0}}