{"host":"v0dnu0zs4qo0v13s","time":1608784331,"event":{"mods":["BaseMod","Colored Map","Colored Powertips","Minty Spire (QoL Compilation)","Relic Stats","StSLib","SuperFastMode","everything is the same but u backflip on backflip"],"gold_per_floor":[112,187,202,131,146,146,146,65,65,65,96,121,121,140,140,229,229,254,179,203,40,40,40,56,56,56,56,56,94,94,112,112,210,210,223,123,136,136,157,157,32,65,65,65,143,143,143,143],"floor_reached":47,"playtime":2348,"items_purged":["Strike_R","Strike_R","Strike_R"],"score":821,"play_id":"20a4e252-b7e7-4b5e-8782-cc259e53572f","local_time":"20201223233211","is_ascension_mode":true,"campfire_choices":[{"data":"Fiend Fire","floor":7.0,"key":"SMITH"},{"floor":13.0,"key":"REST"},{"data":"Bludgeon","floor":15.0,"key":"SMITH"},{"data":"Second Wind","floor":23.0,"key":"SMITH"},{"data":"Feel No Pain","floor":25.0,"key":"SMITH"},{"floor":27.0,"key":"REST"},{"data":"Power Through","floor":32.0,"key":"SMITH"},{"data":"Dark Embrace","floor":40.0,"key":"SMITH"},{"data":"Juggernaut","floor":44.0,"key":"SMITH"},{"data":"Body Slam","floor":46.0,"key":"SMITH"}],"circlet_count":0,"master_deck":["AscendersBane","Strike_R","Strike_R","Defend_R","Defend_R","Defend_R","Defend_R","Bash","Power Through+1","Fiend Fire+1","Corruption","Feel No Pain+1","Second Wind+1","Bludgeon+1","Reaper","Shockwave","Reaper","Evolve+1","Dark Embrace+1","Juggernaut+1","Uppercut+1","Disarm+1","Shockwave+1","Body Slam+1"],"relics":["Burning Blood","NeowsBlessing","Golden Idol","Omamori","Sundial","Mark of Pain","Bottled Lightning","Boot","Cursed Key","CeramicFish","Meat on the Bone","Thread and Needle"],"acts_visited":["Exordium","TheCity","TheBeyond"],"potions_floor_usage":[],"damage_taken":[{"damage":0.0,"enemies":"Cultist","floor":1.0,"turns":1.0},{"damage":0.0,"enemies":"Small Slimes","floor":3.0,"turns":1.0},{"damage":0.0,"enemies":"Jaw Worm","floor":5.0,"turns":1.0},{"damage":22.0,"enemies":"3 Sentries","floor":11.0,"turns":15.0},{"damage":8.0,"enemies":"Exordium Thugs","floor":12.0,"turns":7.0},{"damage":8.0,"enemies":"Blue Slaver","floor":14.0,"turns":5.0},{"damage":50.0,"enemies":"The Guardian","floor":16.0,"turns":10.0},{"damage":10.0,"enemies":"Spheric Guardian","floor":18.0,"turns":4.0},{"damage":7.0,"enemies":"3 Byrds","floor":20.0,"turns":3.0},{"damage":37.0,"enemies":"Sentry and Sphere","floor":24.0,"turns":6.0},{"damage":49.0,"enemies":"Book of Stabbing","floor":29.0,"turns":6.0},{"damage":6.0,"enemies":"Chosen and Byrds","floor":31.0,"turns":6.0},{"damage":86.0,"enemies":"Champ","floor":33.0,"turns":13.0},{"damage":20.0,"enemies":"3 Shapes","floor":35.0,"turns":5.0},{"damage":13.0,"enemies":"Orb Walker","floor":37.0,"turns":3.0},{"damage":15.0,"enemies":"Maw","floor":39.0,"turns":7.0},{"damage":24.0,"enemies":"Nemesis","floor":42.0,"turns":7.0},{"damage":46.0,"enemies":"2 Orb Walkers","floor":45.0,"turns":5.0},{"damage":0,"enemies":"3 Darklings","floor":47,"turns":1}],"seed_played":"1852354307551482447","potions_obtained":[{"floor":3.0,"key":"Block Potion"},{"floor":14.0,"key":"Fire Potion"},{"floor":18.0,"key":"LiquidBronze"},{"floor":20.0,"key":"EntropicBrew"},{"floor":22.0,"key":"FairyPotion"},{"floor":33.0,"key":"SkillPotion"},{"floor":37.0,"key":"Strength Potion"},{"floor":42.0,"key":"Dexterity Potion"}],"is_trial":false,"path_per_floor":["M","?","M","$","M","?","R","$","T","$","E","M","R","M","R","B",null,"M","$","M","$","?","R","M","R","T","R","$","E","?","M","R","B",null,"M","$","M","?","M","R","$","E","T","R","?","R","M"],"character_chosen":"IRONCLAD","items_purchased":["Fiend Fire","Feel No Pain","Reaper"],"campfire_rested":2,"item_purchase_floors":[4,8,21],"current_hp_per_floor":[74,63,69,69,75,49,49,49,49,49,33,31,53,51,51,7,58,54,54,53,53,68,68,37,37,37,59,59,39,39,51,51,28,63,54,54,47,47,53,53,53,47,47,47,30,30,30,30],"gold":143,"neow_bonus":"THREE_ENEMY_KILL","is_daily":false,"chose_seed":false,"campfire_upgraded":8,"win_rate":0.0,"timestamp":1608784331,"path_taken":["M","?","M","$","M","?","R","$","T","?","E","M","R","?","R","BOSS","M","$","M","$","?","R","M","R","T","R","?","E","?","M","R","BOSS","M","$","M","?","M","R","$","E","T","R","?","R","M"],"items_purchased_type":["Card","Card","Card"],"build_version":"2020-12-22","purchased_purges":3,"victory":false,"max_hp_per_floor":[75,75,75,75,75,75,75,75,75,75,75,75,75,75,75,75,75,75,75,75,75,75,75,75,75,75,75,75,75,75,75,75,75,75,75,75,75,75,75,75,75,75,75,75,75,75,75,75],"relic_stats":{"counters":[19,106],"Golden Idol":109,"Sundial":[24],"CeramicFish":9,"Boot":[6],"Cursed Key":1,"obtain_stats":[{"NeowsBlessing":0,"Golden Idol":6,"Sundial":11,"CeramicFish":42,"Thread and Needle":45,"Mark of Pain":17,"Omamori":9,"Bottled Lightning":26,"Boot":29,"Cursed Key":34,"Burning Blood":0,"Meat on the Bone":43},{"NeowsBlessing":0,"Golden Idol":3,"Sundial":4,"CeramicFish":17,"Thread and Needle":18,"Mark of Pain":7,"Omamori":3,"Bottled Lightning":10,"Boot":11,"Cursed Key":13,"Burning Blood":0,"Meat on the Bone":17},{"NeowsBlessing":0,"Golden Idol":3,"Sundial":18,"CeramicFish":100,"Thread and Needle":105,"Mark of Pain":40,"Omamori":3,"Bottled Lightning":53,"Boot":59,"Cursed Key":78,"Burning Blood":0,"Meat on the Bone":100}],"Burning Blood":108,"Meat on the Bone":12},"card_choices":[{"not_picked":["Armaments","Perfected Strike"],"picked":"Power Through","floor":1.0},{"not_picked":["Flex","Perfected Strike","Pommel Strike"],"picked":"SKIP","floor":3.0},{"not_picked":["Thunderclap","Havoc"],"picked":"Corruption","floor":5.0},{"not_picked":["Perfected Strike","Seeing Red"],"picked":"Second Wind","floor":11.0},{"not_picked":["Twin Strike","Pummel","Thunderclap"],"picked":"SKIP","floor":12.0},{"not_picked":["Havoc","Twin Strike"],"picked":"Bludgeon","floor":14.0},{"not_picked":["Juggernaut","Impervious"],"picked":"Reaper","floor":16.0},{"not_picked":["Clothesline","Heavy Blade+1"],"picked":"Shockwave","floor":18.0},{"not_picked":["Thunderclap","Clash","Cleave"],"picked":"SKIP","floor":20.0},{"not_picked":["Perfected Strike","Heavy Blade","Ghostly Armor"],"picked":"SKIP","floor":24.0},{"not_picked":["Flex+1","Thunderclap"],"picked":"Evolve+1","floor":29.0},{"not_picked":["Iron Wave","Whirlwind+1"],"picked":"Dark Embrace","floor":31.0},{"not_picked":["Demon Form","Offering"],"picked":"Juggernaut","floor":33.0},{"not_picked":["Flex+1","Power Through"],"picked":"Uppercut+1","floor":35.0},{"not_picked":["Havoc","True Grit+1"],"picked":"Disarm+1","floor":37.0},{"not_picked":["Body Slam","Flame Barrier"],"picked":"Shockwave+1","floor":39.0},{"not_picked":["Heavy Blade","Twin Strike","Thunderclap+1"],"picked":"SKIP","floor":42.0},{"not_picked":["Anger","Twin Strike"],"picked":"Body Slam","floor":45.0}],"player_experience":638161,"relics_obtained":[{"floor":9.0,"key":"Omamori"},{"floor":11.0,"key":"Sundial"},{"floor":26.0,"key":"Bottled Lightning"},{"floor":29.0,"key":"Boot"},{"floor":42.0,"key":"CeramicFish"},{"floor":43.0,"key":"Meat on the Bone"},{"floor":45.0,"key":"Thread and Needle"}],"event_choices":[{"damage_healed":0.0,"max_hp_gain":0.0,"max_hp_loss":0.0,"gold_gain":75.0,"event_name":"World of Goop","player_choice":"Gather Gold","floor":2.0,"gold_loss":0.0,"damage_taken":11.0},{"damage_healed":0.0,"max_hp_gain":0.0,"max_hp_loss":0.0,"gold_gain":0.0,"event_name":"Golden Idol","player_choice":"Take Damage","floor":6.0,"gold_loss":0.0,"damage_taken":26.0,"relics_obtained":["Golden Idol"]},{"damage_healed":0.0,"max_hp_gain":0.0,"max_hp_loss":0.0,"gold_gain":0.0,"event_name":"Lab","player_choice":"Got Potions","floor":22.0,"gold_loss":0.0,"damage_taken":0.0},{"damage_healed":0.0,"max_hp_gain":0.0,"max_hp_loss":0.0,"gold_gain":0.0,"event_name":"Ghosts","player_choice":"Ignored","floor":30.0,"gold_loss":0.0,"damage_taken":0.0},{"damage_healed":0.0,"max_hp_gain":0.0,"max_hp_loss":0.0,"gold_gain":0.0,"event_name":"Tomb of Lord Red Mask","player_choice":"Ignored","floor":38.0,"gold_loss":0.0,"damage_taken":0.0},{"damage_healed":0.0,"max_hp_gain":0.0,"max_hp_loss":0.0,"gold_gain":0.0,"event_name":"Mysterious Sphere","player_choice":"Fight","floor":45.0,"gold_loss":0.0,"damage_taken":0.0}],"is_beta":false,"boss_relics":[{"not_picked":["Busted Crown","Philosopher\u0027s Stone"],"picked":"Mark of Pain"},{"not_picked":["Fusion Hammer","Runic Dome"],"picked":"Cursed Key"}],"items_purged_floors":[19,36,41],"is_endless":false,"potions_floor_spawned":[3,14,18,20,33,37,42],"killed_by":"3 Darklings","ascension_level":15}}