{"host":"weghyrtrhzwgovqi","time":1608795133,"event":{"mods":["Act Like it!","BaseMod","Defuse TimeMaze Blight","Dota2Spire","Gensokyo","Lobotomy","LobotomyExtend","Minty Spire (QoL Compilation)","RumiaBox-Â¶Ã×æ«µÄÉñÃØºÐ×Ó","StSLib","Thieving Mod","Uncapped","UnlockEverythingMod","Youmu£¨»êÆÇÑýÃÎ£©","[IsaacMod]ÒÔÈö¼âËþ","noobMod"],"gold_per_floor":[112,112,126,126,126,182,212,232,232,72,117,117,117,42,42,176,176,189,189,206,206,256,285,335,366,366,496,515,1013,1013,1013,1013,1198,1198,1239,1257,1257,1257,1257,1257,1284,1327,1400,845,895,914,914,204,204,301,301,346,346,346,276,132,144,144,151,221,268,278,306,306,166,166,291,291,301,381,381,393,693,693,706,753,823,115,151,31,31,31,31,135,135,201,201,251,251,377,462,462,577,640,721,739,442,457,498,498,607,607,607,607],"floor_reached":103,"playtime":4753,"items_purged":["StrangeHalfBody","Malaise"],"score":2598,"play_id":"8e63b514-07f3-4023-bd11-f69814adbbaa","local_time":"20201224153213","daily_mods":["Shiny","Vintage","Diverse","Heirloom","Time Dilation","Flight","Lethality"],"is_ascension_mode":false,"campfire_choices":[{"data":"Justitia","floor":83.0,"key":"SMITH"}],"circlet_count":0,"master_deck":["QueenOfHatred","MeltingLove","MeltingLove","MeltingLove","BlueStar","Woodsman","CENSORED","BodiesMountain","Mercenary","LongBird","ApocalypseBird","PunishingBird","BigBird","Funeral","WhiteNight","TheSmile","Justitia+1","GoldRush","CENSORED_ego","Pinks","DaCapo","Twilight","ParadiseLost+3","Adoration","Mimicry","FastingOfTheYoungPreta","MatsuyoiReflectingSatelliteSlash","GreatEnlightenmentAppearingAndDisappearing","IrresoluteSoul","HeavenGodSword","ReincarnationSword","SlashOfTheEternalFuture","HellRealmSword","AsuraSword","CelestialStarSword","SuddenDivineSeveringOfKarmicWind","CherryBlossomSword","HeavenSword","VoidnessSword","SlashOfSaigyouSpringWind","ASingleThoughtAndInfiniteKalpas","Brilliance","Devotion","LessonLearned","Vault","Alpha","Establishment","DeusExMachina","Judgement","ConjureBlade","MasterReality","Blasphemy","Ragnarok+1","Scrawl","Wish","SpiritShield","DevaForm","Hyperbeam","Machine Learning","Buffer","Echo Form","All For One","Reboot","Fission","Multi-Cast","Biased Cognition","ElectricPowerLearning","Rainbow","Meteor Strike","Amplify","Creative AI","Corpse Explosion","Die Die Die","Envenom","Doppelganger","Burst","Wraith Form v2","Tools of the Trade","After Image","HereticApostle","Venomology","Phantasmal Killer","Night Terror","Unload","Bullet Time","Glass Knife","Double Tap","Demon Form","Fiend Fire","Berserk","Juggernaut","Brutality","Offering","Bludgeon","Feed","Corruption","Barricade","Reaper","Immolate","DisciplinaryCode","SecurityCode","Burning Pact+1","RecordCode","Gensokyo:CrescentMoonSlash","ExtractionCode","ParadiseLost+1","SwordSharpenedByTears+1","WelfareCode","Dark Embrace+1","FieryBird","HeroicMonk","SilentOrchestra","Necronomicurse","CentralCode","Omniscience+1"],"relics":["CogitoBucket","ice","HushsDoor","MoreBug","Dota2Spire:ArcaneBoots","DoctorsRemote","LetterFromLob","Gensokyo:Justice","Dota2Spire:HandOfMidas","SatanicBible","Mummified Hand","Gensokyo:CelestialsFlawlessClothing","Torii","Regal Pillow","Dota2Spire:PowerTreads","Dota2Spire:EyeOfSkadi","Dota2Spire:OctarineCore","Blood Vial","Oddly Smooth Stone","Necronomicon","SkinProphecy","Potion Belt","Gaze_r","Moonlight_r","Gensokyo:PortableGap","Lamp_r","Busted Crown","Bag of Preparation","Gensokyo:MosesMiracle","Dota2Spire:LotusOrb","Toy Ornithopter","Dota2Spire:EchoSabre","Singing Bowl","Happy Flower","Frozen Egg 2","Meat on the Bone","BlankCard","Ginger","BackwardClock","Anchor","SoulBox","BloodBag","DeathAngel","BelialBook","Dota2Spire:PhaseBoots","SolemnVow_r","TreeSap","AtMidnight","Dream Catcher","GodSword4","Art of War","MealTicket","TheBattery","CaptainsWheel","GodSword7","Incense Burner","Letter Opener","Sling","FleshIdol","Calling Bell","Lantern","Dota2Spire:CrimsonGuard","Leech","Smiling Mask","SumBook","GuppysTail","Mango","Vajra","Akabeko","Pantograph","Twilight","SalivaCoin","Mercury Hourglass","Prayer Wheel","Bag of Marbles","Justitia_r","TheBible","Centennial Puzzle","WantedRequest","TheSmile_r","GuppysHead","Bird Faced Urn","SacredBark","Ancient Tea Set","Molten Egg 2","Nunchaku","Gensokyo:DirgeOfMelancholy","Dota2Spire:MagicBottle","TheBean","Dota2Spire:ShadowBlade","White Beast Statue","OrangePellets","YumHeart","Gensokyo:MaskOfHope","Black Star","JudasShadow","CENSORED_r","Tiny Chest","Dota2Spire:Mjollnir","Logging_r","SoundOfStar_r","Adoration_r","Boot","HowToJump","Omamori","Frozen Eye","D4","InTheNameOfLoveAndHate_r","Dota2Spire:LinkenSphere","HellTrain","Dota2Spire:RefresherOrb","GuppysCollar","GuppysHairball","Incubus"],"acts_visited":["Exordium","Gensokyo:Gensokyo","TheBeyond","TheBeyond","Gensokyo:Gensokyo","TheBeyond","TheBeyond"],"potions_floor_usage":[],"damage_taken":[{"damage":0.0,"enemies":"Gensokyo:2_Kodama","floor":1.0,"turns":1.0},{"damage":1.0,"enemies":"Gensokyo:3_Fairies","floor":3.0,"turns":2.0},{"damage":0.0,"enemies":"Gensokyo:Aya","floor":6.0,"turns":2.0},{"damage":0.0,"enemies":"Gensokyo:Mamizou","floor":7.0,"turns":3.0},{"damage":0.0,"enemies":"Gensokyo:Python","floor":8.0,"turns":1.0},{"damage":33.0,"enemies":"Gensokyo:2_Rabbits","floor":11.0,"turns":1.0},{"damage":11.0,"enemies":"Gensokyo:2_Rabbits","floor":12.0,"turns":2.0},{"damage":1.0,"enemies":"Gensokyo:Reimu","floor":16.0,"turns":3.0},{"damage":3.0,"enemies":"Gensokyo:Chomper","floor":18.0,"turns":1.0},{"damage":8.0,"enemies":"Gensokyo:3_Dogs","floor":20.0,"turns":3.0},{"damage":12.0,"enemies":"Gensokyo:Wraith","floor":22.0,"turns":2.0},{"damage":1.0,"enemies":"Gensokyo:Reisen","floor":23.0,"turns":2.0},{"damage":0.0,"enemies":"Hiden Room Battle","floor":24.0,"turns":1.0},{"damage":0.0,"enemies":"Gensokyo:Tenshi","floor":25.0,"turns":1.0},{"damage":0.0,"enemies":"Gensokyo:Tenshi","floor":27.0,"turns":2.0},{"damage":0.0,"enemies":"Gensokyo:Slime_Group","floor":28.0,"turns":2.0},{"damage":17.0,"enemies":"Gensokyo:Eternal_Rivals","floor":33.0,"turns":5.0},{"damage":0.0,"enemies":"3 Darklings","floor":35.0,"turns":3.0},{"damage":0.0,"enemies":"3 Darklings","floor":36.0,"turns":2.0},{"damage":0.0,"enemies":"Nemesis","floor":41.0,"turns":2.0},{"damage":6.0,"enemies":"Orb Walker","floor":42.0,"turns":1.0},{"damage":0.0,"enemies":"Mind Bloom Boss Battle","floor":45.0,"turns":1.0},{"damage":6.0,"enemies":"Sphere and 2 Shapes","floor":46.0,"turns":1.0},{"damage":0.0,"enemies":"Time Eater","floor":50.0,"turns":1.0},{"damage":0.0,"enemies":"Gensokyo:2_Kodama","floor":52.0,"turns":1.0},{"damage":0.0,"enemies":"Gensokyo:Python","floor":57.0,"turns":1.0},{"damage":0.0,"enemies":"Gensokyo:Gryphon","floor":58.0,"turns":3.0},{"damage":0.0,"enemies":"Gensokyo:Gryphon","floor":61.0,"turns":1.0},{"damage":0.0,"enemies":"Gensokyo:3_Kodama","floor":62.0,"turns":1.0},{"damage":0.0,"enemies":"Gensokyo:Aya","floor":63.0,"turns":1.0},{"damage":0.0,"enemies":"Gensokyo:Kokoro","floor":67.0,"turns":1.0},{"damage":0.0,"enemies":"Gensokyo:3_Dogs","floor":69.0,"turns":1.0},{"damage":0.0,"enemies":"Hiden Room Battle","floor":70.0,"turns":1.0},{"damage":0.0,"enemies":"Gensokyo:CosmicMonolith","floor":72.0,"turns":1.0},{"damage":0.0,"enemies":"Gensokyo:Chomper_and_Gloop","floor":75.0,"turns":1.0},{"damage":0.0,"enemies":"Gensokyo:Wraith","floor":76.0,"turns":6.0},{"damage":0.0,"enemies":"Gensokyo:Koishi","floor":77.0,"turns":5.0},{"damage":0.0,"enemies":"Gensokyo:Tenshi","floor":79.0,"turns":1.0},{"damage":2.0,"enemies":"Gensokyo:Eiki","floor":84.0,"turns":2.0},{"damage":19,"enemies":"Orb Walker","floor":86,"turns":4},{"damage":0,"enemies":"2 Orb Walkers","floor":88,"turns":1},{"damage":29,"enemies":"Nemesis","floor":90,"turns":11},{"damage":0,"enemies":"Reptomancer","floor":91,"turns":13},{"damage":21,"enemies":"Nemesis","floor":93,"turns":15},{"damage":0,"enemies":"Reptomancer","floor":94,"turns":1},{"damage":63,"enemies":"3 Darklings","floor":95,"turns":8},{"damage":0,"enemies":"Sphere and 2 Shapes","floor":96,"turns":1},{"damage":0,"enemies":"4 Shapes","floor":98,"turns":1},{"damage":0,"enemies":"Writhing Mass","floor":99,"turns":1},{"damage":0,"enemies":"Donu and Deca","floor":101,"turns":1},{"damage":0,"enemies":"Gensokyo:2_Kodama","floor":103,"turns":1}],"seed_played":"-1032585035470201377","potions_obtained":[{"floor":16.0,"key":"Weak Potion"},{"floor":33.0,"key":"ThievingMod:ThievingPotion"},{"floor":35.0,"key":"Dota2Spire:HealingSalve"},{"floor":67.0,"key":"GamblersBrew"},{"floor":77.0,"key":"Dota2Spire:Clarity"},{"floor":79.0,"key":"SkillPotion"},{"floor":90,"key":"Block Potion"},{"floor":91,"key":"LiquidMemories"},{"floor":93,"key":"GamblersBrew"}],"is_trial":true,"path_per_floor":["M","?","M","?","?","E","E","M","T","?","M","?","?","$","R","B",null,"M","?","M","?","M","E","?","E","T","?","M","T","?","?","R","B",null,"M","M","?","?","?","R","E","M","T","$","?","M","?","$","R","B",null,"M","?","?","?","$","M","M","?","T","M","M","E","?","?","R","B",null,"M","?","?","M","?","R","M","M","E","$","E","?","?","?","R","B",null,"M","?","?","?","E","E","R","E","E","M","M","$","M","M","R","B",null,"M"],"character_chosen":"Angela","items_purchased":["Art of War","MealTicket","TheBattery","Incense Burner","Letter Opener","Sling","Damocles","Vajra","White Beast Statue","OrangePellets","YumHeart","JudasShadow","Omamori","Frozen Eye","GuppysCollar","GuppysHairball","Incubus","Omniscience+1"],"campfire_rested":0,"item_purchase_floors":[44,44,44,48,48,48,51,56,78,78,78,85,97,97,102,102,102,102],"current_hp_per_floor":[70,70,70,70,53,61,75,75,75,75,58,48,48,48,48,57,76,78,78,80,80,66,78,99,101,101,103,107,48,48,48,48,87,87,84,99,99,99,99,99,125,133,133,133,139,139,139,139,139,145,135,133,105,84,84,84,88,163,147,147,150,167,173,173,173,173,175,175,178,183,183,185,185,185,191,200,206,206,210,210,210,210,210,218,209,211,200,202,202,214,218,218,233,241,220,241,241,243,275,275,295,252,0,0],"gold":607,"neow_bonus":"","is_daily":false,"chose_seed":false,"campfire_upgraded":1,"win_rate":0.0,"timestamp":1608795133,"path_taken":["M","?","?","?","?","E","E","M","T","?","?","?","?","?","R","BOSS","M","?","?","?","M","E","?","E","T","?","?","?","?","?","R","BOSS","M","?","?","?","?","R","E","?","T","?","?","?","?","$","R","BOSS","M","?","?","?","?","?","M","?","T","M","?","E","?","?","R","BOSS","M","?","?","?","?","R","?","M","E","?","E","?","?","?","R","BOSS","M","?","?","?","?","E","R","E","E","M","?","?","M","M","R","BOSS","M"],"items_purchased_type":["Relic","Relic","Relic","Relic","Relic","Relic","Relic","Relic","Relic","Relic","Relic","Relic","Relic","Relic","Relic","Relic","Relic","Card"],"build_version":"2020-12-22","purchased_purges":2,"victory":false,"max_hp_per_floor":[70,70,70,70,70,70,75,75,75,75,75,77,70,70,70,76,76,78,78,80,80,82,84,99,101,101,103,107,107,107,107,107,113,113,124,130,123,123,123,123,129,137,137,137,139,141,141,141,141,145,135,141,141,155,155,155,161,163,163,163,165,171,173,173,173,173,179,179,181,183,183,189,189,189,198,204,212,212,216,216,216,216,216,222,209,211,200,210,212,216,218,218,239,247,265,271,271,273,279,279,299,252,254,254],"card_choices":[{"not_picked":["HappyTeddy","PunishingBird"],"picked":"BigBird","floor":1.0},{"not_picked":["Heavy Blade"],"picked":"Burning Pact","floor":6.0},{"not_picked":["SnowQueen","MHz"],"picked":"QueenOfHatred","floor":7.0},{"not_picked":["Clothesline","SwordExtraction"],"picked":"SKIP","floor":7.0},{"not_picked":["WallGazer","SpiderBud"],"picked":"PunishingBird","floor":16.0},{"not_picked":["Alpha"],"picked":"Omniscience","floor":16.0},{"not_picked":["NakedNest","FairyFestival"],"picked":"DespairKnight","floor":24.0},{"not_picked":["BlueStar","Laetitia"],"picked":"WhiteNight","floor":33.0},{"not_picked":["VoidDream","NakedNest"],"picked":"Funeral","floor":36.0},{"not_picked":["Scarecrow","NakedNest"],"picked":"Mercenary","floor":41.0},{"not_picked":["SpiderBud","BlackSwan"],"picked":"QueenOfHatred","floor":42.0},{"not_picked":["SilentOrchestra","Freischutz"],"picked":"Mercenary","floor":52.0},{"not_picked":["FieryBird","HappyTeddy"],"picked":"LongBird","floor":57.0},{"not_picked":["GalaxyChild","SingingMachine"],"picked":"BodiesMountain","floor":62.0},{"not_picked":["LittlePrince","NakedNest"],"picked":"QueenOfHatred","floor":67.0},{"not_picked":["BlackArmy","NothingThere"],"picked":"DespairKnight","floor":72.0},{"not_picked":["HeroicMonk","Yin"],"picked":"MeltingLove","floor":75.0},{"not_picked":["Yin","GreedKing","QueenBee"],"picked":"Singing Bowl","floor":76.0},{"not_picked":["Scarecrow","SnowQueen"],"picked":"BlueStar","floor":76.0},{"not_picked":["Rudolta","Porccubus"],"picked":"CENSORED","floor":77.0},{"not_picked":["Tough+1"],"picked":"Singing Bowl","floor":77.0},{"not_picked":["NothingThere","BlackArmy","NakedNest"],"picked":"Singing Bowl","floor":79.0},{"not_picked":["CUTE"],"picked":"Singing Bowl","floor":79.0},{"not_picked":["Rainbow+1"],"picked":"Singing Bowl","floor":84.0},{"not_picked":["BlackArmy","SilentOrchestra","NothingThere"],"picked":"Singing Bowl","floor":84.0},{"not_picked":["IrresoluteSoul+1"],"picked":"Singing Bowl","floor":84.0},{"not_picked":["Variant","BlackArmy","SilentOrchestra"],"picked":"Singing Bowl","floor":86},{"not_picked":["Porccubus","NothingThere"],"picked":"Woodsman","floor":88},{"not_picked":["Clothesline+1"],"picked":"Singing Bowl","floor":88},{"not_picked":["Stack+1"],"picked":"Singing Bowl","floor":88},{"not_picked":["Swift Strike+1"],"picked":"Singing Bowl","floor":89},{"not_picked":["Alriune","SingingMachine","Variant"],"picked":"Singing Bowl","floor":90},{"not_picked":["True Grit+1"],"picked":"Singing Bowl","floor":90},{"not_picked":["HappyTeddy","BlackArmy","NothingThere"],"picked":"Singing Bowl","floor":91},{"not_picked":[],"picked":"Dark Embrace+1","floor":91},{"not_picked":["Scarecrow","SilentOrchestra","BlackArmy"],"picked":"Singing Bowl","floor":93},{"not_picked":["NothingThere","SilentOrchestra"],"picked":"FieryBird","floor":93},{"not_picked":["Prostrate+1"],"picked":"Singing Bowl","floor":93},{"not_picked":["NothingThere","LittlePrince","BlackArmy"],"picked":"Singing Bowl","floor":94},{"not_picked":["SnowQueen","BlackArmy"],"picked":"Yin","floor":94},{"not_picked":["Blade Dance+1"],"picked":"Singing Bowl","floor":94},{"not_picked":["BlackArmy","QueenBee"],"picked":"HeroicMonk","floor":96},{"not_picked":["Rudolta","Alriune","HappyTeddy"],"picked":"Singing Bowl","floor":98},{"not_picked":["HappyTeddy","Scarecrow"],"picked":"SilentOrchestra","floor":99},{"not_picked":["A Thousand Cuts+1"],"picked":"Singing Bowl","floor":101},{"not_picked":["QueenBee","NothingThere","LittleHelper"],"picked":"Singing Bowl","floor":101},{"not_picked":["All For One+1"],"picked":"Singing Bowl","floor":101}],"player_experience":244623,"relics_obtained":[{"floor":1.0,"key":"Dota2Spire:ArcaneBoots"},{"floor":1.0,"key":"DoctorsRemote"},{"floor":1.0,"key":"LetterFromLob"},{"floor":3.0,"key":"Dota2Spire:HandOfMidas"},{"floor":3.0,"key":"SatanicBible"},{"floor":6.0,"key":"Torii"},{"floor":6.0,"key":"Regal Pillow"},{"floor":7.0,"key":"Dota2Spire:PowerTreads"},{"floor":7.0,"key":"Dota2Spire:EyeOfSkadi"},{"floor":8.0,"key":"Dota2Spire:OctarineCore"},{"floor":8.0,"key":"Blood Vial"},{"floor":9.0,"key":"Oddly Smooth Stone"},{"floor":11.0,"key":"Potion Belt"},{"floor":18.0,"key":"Bag of Preparation"},{"floor":20.0,"key":"Dota2Spire:LotusOrb"},{"floor":22.0,"key":"Toy Ornithopter"},{"floor":23.0,"key":"Gensokyo:MosesMiracle"},{"floor":23.0,"key":"Dota2Spire:EchoSabre"},{"floor":24.0,"key":"Singing Bowl"},{"floor":24.0,"key":"Happy Flower"},{"floor":25.0,"key":"Frozen Egg 2"},{"floor":26.0,"key":"Meat on the Bone"},{"floor":27.0,"key":"BlankCard"},{"floor":27.0,"key":"Ginger"},{"floor":28.0,"key":"Anchor"},{"floor":29.0,"key":"BloodDonationMachine"},{"floor":35.0,"key":"DeathAngel"},{"floor":36.0,"key":"BelialBook"},{"floor":41.0,"key":"Dota2Spire:PhaseBoots"},{"floor":42.0,"key":"AtMidnight"},{"floor":42.0,"key":"Dream Catcher"},{"floor":43.0,"key":"GodSword4"},{"floor":45.0,"key":"CaptainsWheel"},{"floor":46.0,"key":"GodSword7"},{"floor":51.0,"key":"Lantern"},{"floor":51.0,"key":"Dota2Spire:CrimsonGuard"},{"floor":51.0,"key":"Leech"},{"floor":52.0,"key":"Smiling Mask"},{"floor":52.0,"key":"SumBook"},{"floor":57.0,"key":"Akabeko"},{"floor":57.0,"key":"Pantograph"},{"floor":58.0,"key":"Twilight"},{"floor":58.0,"key":"SalivaCoin"},{"floor":60.0,"key":"Mercury Hourglass"},{"floor":61.0,"key":"Prayer Wheel"},{"floor":61.0,"key":"Bag of Marbles"},{"floor":62.0,"key":"TheBible"},{"floor":62.0,"key":"Centennial Puzzle"},{"floor":63.0,"key":"GuppysHead"},{"floor":69.0,"key":"Ancient Tea Set"},{"floor":70.0,"key":"Molten Egg 2"},{"floor":70.0,"key":"Nunchaku"},{"floor":72.0,"key":"Dota2Spire:MagicBottle"},{"floor":75.0,"key":"TheBean"},{"floor":76.0,"key":"Dota2Spire:ShadowBlade"},{"floor":86,"key":"Tiny Chest"},{"floor":88,"key":"Dota2Spire:Mjollnir"},{"floor":95,"key":"Boot"},{"floor":96,"key":"HowToJump"},{"floor":98,"key":"D4"},{"floor":99,"key":"Dota2Spire:LinkenSphere"}],"event_choices":[{"damage_healed":0.0,"max_hp_gain":0.0,"max_hp_loss":0.0,"gold_gain":0.0,"event_name":"HidenRoomEvent","player_choice":"Fight","floor":24.0,"gold_loss":0.0,"damage_taken":0.0},{"damage_healed":0.0,"max_hp_gain":0.0,"max_hp_loss":7.0,"gold_gain":0.0,"event_name":"Winding Halls","player_choice":"Max HP","floor":37.0,"gold_loss":0.0,"damage_taken":0.0},{"damage_healed":0.0,"max_hp_gain":0.0,"max_hp_loss":0.0,"gold_gain":0.0,"event_name":"Tomb of Lord Red Mask","player_choice":"Ignored","floor":38.0,"gold_loss":0.0,"damage_taken":0.0},{"cards_removed":["Thunder Strike"],"damage_healed":0.0,"max_hp_gain":0.0,"max_hp_loss":0.0,"gold_gain":0.0,"event_name":"Falling","player_choice":"Removed Attack","floor":39.0,"gold_loss":0.0,"damage_taken":0.0},{"damage_healed":0.0,"max_hp_gain":0.0,"max_hp_loss":0.0,"gold_gain":0.0,"event_name":"MindBloom","player_choice":"Fight","floor":45.0,"gold_loss":0.0,"damage_taken":0.0},{"damage_healed":0.0,"max_hp_gain":0.0,"max_hp_loss":0.0,"gold_gain":0.0,"event_name":"SensoryStone","player_choice":"Memory 1","floor":47.0,"gold_loss":0.0,"damage_taken":0.0},{"damage_healed":0.0,"max_hp_gain":0.0,"max_hp_loss":0.0,"gold_gain":0.0,"event_name":"HidenRoomEvent","player_choice":"Fight","floor":70.0,"gold_loss":0.0,"damage_taken":0.0},{"damage_healed":0,"gold_gain":0,"player_choice":"Max HP","damage_taken":0,"max_hp_gain":0,"max_hp_loss":11,"event_name":"Winding Halls","floor":87,"gold_loss":0},{"damage_healed":0,"gold_gain":0,"player_choice":"Fight","damage_taken":0,"max_hp_gain":0,"max_hp_loss":0,"event_name":"Mysterious Sphere","floor":88,"gold_loss":0},{"damage_healed":0,"gold_gain":0,"player_choice":"Memory 1","damage_taken":0,"max_hp_gain":0,"max_hp_loss":0,"event_name":"SensoryStone","floor":89,"gold_loss":0}],"is_beta":false,"boss_relics":[{"not_picked":["Sozu","Tiny House"],"picked":"Busted Crown"},{"not_picked":[]},{"not_picked":["Velvet Choker","Fusion Hammer"],"picked":"SoulBox"},{"not_picked":[]},{"not_picked":["Coffee Dripper","EasyGame_NEW"],"picked":"Calling Bell"},{"not_picked":[]},{"not_picked":["Runic Pyramid","Dota2Spire:Bloodstone"],"picked":"SacredBark"},{"not_picked":[]},{"not_picked":["ChampionBelt","Philosopher\u0027s Stone"],"picked":"Black Star"},{"not_picked":[]},{"not_picked":["Runic Dome","Snecko Eye"],"picked":"Dota2Spire:RefresherOrb"},{"not_picked":[]}],"items_purged_floors":[14,44],"is_endless":true,"potions_floor_spawned":[12,16,33,35,67,77,79,90,91,93,94],"killed_by":"Gensokyo:2_Kodama","ascension_level":0}}