{"host":"wwo1kwxjf4eyz37q","time":1608811351,"event":{"mods":["AchievementEnabler","BaseMod","Colored Map","Minty Spire (QoL Compilation)","Quick Restart","SuperFastMode"],"gold_per_floor":[211,286,286,0,11,11,31,31,108,123,23,42,42,68,68,170,170,181,199,68,68,88,88,88,122,169,198,198,198,218,231,231,336,336,352,292,90,102,152,178,178,178,259,294,57,70,70,83,83,83],"floor_reached":51,"playtime":2047,"items_purged":["Strike_R","Strike_R","Strike_R"],"score":1209,"play_id":"a3b306ed-7ae7-41b4-8761-d0c478c1f920","local_time":"20201224210231","is_ascension_mode":true,"campfire_choices":[{"data":"Battle Trance","floor":6.0,"key":"SMITH"},{"data":"Armaments","floor":8.0,"key":"SMITH"},{"data":"Twin Strike","floor":13.0,"key":"SMITH"},{"data":"Ghostly Armor","floor":15.0,"key":"SMITH"},{"data":"Heavy Blade","floor":23.0,"key":"SMITH"},{"floor":29.0,"key":"REST"},{"data":"Pummel","floor":32.0,"key":"SMITH"},{"data":"Heavy Blade","floor":41.0,"key":"SMITH"},{"data":"Offering","floor":47.0,"key":"SMITH"},{"floor":49.0,"key":"REST"}],"circlet_count":0,"master_deck":["AscendersBane","Strike_R","Defend_R","Defend_R+1","Defend_R","Defend_R","Bash+1","Battle Trance+1","Shrug It Off+1","Master of Strategy","Ghostly Armor+1","Armaments+1","Twin Strike+1","Demon Form+1","Reaper","Heavy Blade+1","Pummel+1","Shrug It Off","Evolve+1","Necronomicurse","True Grit+1","Headbutt","Immolate","Inflame+1","Pummel+1","Heavy Blade+1","Offering+1","Pummel"],"relics":["Burning Blood","Shuriken","Frozen Egg 2","Sozu","Necronomicon","Pear","PreservedInsect","Matryoshka","Busted Crown","FossilizedHelix","Regal Pillow","Ancient Tea Set","Darkstone Periapt","War Paint"],"acts_visited":["Exordium","TheCity","TheBeyond"],"potions_floor_usage":[],"damage_taken":[{"damage":7.0,"enemies":"Small Slimes","floor":1.0,"turns":4.0},{"damage":7.0,"enemies":"Jaw Worm","floor":5.0,"turns":3.0},{"damage":1.0,"enemies":"Cultist","floor":7.0,"turns":5.0},{"damage":0.0,"enemies":"Blue Slaver","floor":10.0,"turns":5.0},{"damage":2.0,"enemies":"2 Fungi Beasts","floor":12.0,"turns":4.0},{"damage":45.0,"enemies":"Gremlin Nob","floor":14.0,"turns":5.0},{"damage":25.0,"enemies":"Hexaghost","floor":16.0,"turns":8.0},{"damage":18.0,"enemies":"2 Thieves","floor":18.0,"turns":4.0},{"damage":8.0,"enemies":"3 Byrds","floor":19.0,"turns":5.0},{"damage":9.0,"enemies":"Snecko","floor":22.0,"turns":4.0},{"damage":58.0,"enemies":"Book of Stabbing","floor":25.0,"turns":5.0},{"damage":25.0,"enemies":"Gremlin Leader","floor":27.0,"turns":5.0},{"damage":24.0,"enemies":"Snake Plant","floor":30.0,"turns":3.0},{"damage":16.0,"enemies":"Shelled Parasite and Fungi","floor":31.0,"turns":4.0},{"damage":76.0,"enemies":"Automaton","floor":33.0,"turns":7.0},{"damage":26.0,"enemies":"3 Darklings","floor":35.0,"turns":4.0},{"damage":0.0,"enemies":"Orb Walker","floor":38.0,"turns":2.0},{"damage":0.0,"enemies":"Mind Bloom Boss Battle","floor":39.0,"turns":3.0},{"damage":9.0,"enemies":"Reptomancer","floor":40.0,"turns":3.0},{"damage":13.0,"enemies":"Giant Head","floor":44.0,"turns":5.0},{"damage":40.0,"enemies":"Writhing Mass","floor":46.0,"turns":5.0},{"damage":0.0,"enemies":"Maw","floor":48.0,"turns":4.0},{"damage":89,"enemies":"Donu and Deca","floor":50,"turns":6}],"seed_played":"3879747608391592134","potions_obtained":[{"floor":7.0,"key":"Swift Potion"},{"floor":10.0,"key":"BlessingOfTheForge"}],"is_trial":false,"path_per_floor":["M","?","?","$","M","R","M","R","T","M","$","M","R","E","R","B",null,"M","M","$","?","M","R","?","E","T","E","?","R","M","M","R","B",null,"M","?","$","M","?","E","R","?","T","E","$","M","R","M","R","B",null],"character_chosen":"IRONCLAD","items_purchased":["Shrug It Off","Master of Strategy","Shrug It Off","Evolve+1","Inflame+1","Offering","Pummel"],"campfire_rested":2,"item_purchase_floors":[4,4,20,20,37,45,45],"current_hp_per_floor":[71,60,60,60,59,59,64,64,64,70,70,74,74,35,35,16,64,68,75,75,59,71,71,71,36,36,41,23,51,33,54,54,26,78,58,58,58,64,70,67,67,67,67,60,60,35,35,59,95,20],"gold":83,"neow_bonus":"HUNDRED_GOLD","is_daily":false,"chose_seed":false,"campfire_upgraded":8,"win_rate":0.0,"timestamp":1608811351,"path_taken":["M","?","?","$","M","R","M","R","T","M","$","M","R","E","R","BOSS","M","M","$","?","M","R","?","E","T","E","?","R","M","M","R","BOSS","M","?","$","?","?","E","R","?","T","E","$","M","R","M","R","BOSS"],"items_purchased_type":["Card","Card","Card","Card","Card","Card","Card"],"build_version":"2020-12-22","purchased_purges":3,"victory":true,"max_hp_per_floor":[80,80,80,80,80,80,80,80,80,80,80,80,80,80,80,80,80,80,80,80,80,80,80,80,90,90,90,95,95,95,95,95,95,95,95,95,95,95,95,95,95,95,95,95,95,95,95,95,95,95],"card_choices":[{"not_picked":["Iron Wave","Hemokinesis"],"picked":"Battle Trance","floor":1.0},{"not_picked":["Uppercut","Warcry"],"picked":"Ghostly Armor","floor":5.0},{"not_picked":["Bloodletting","Sword Boomerang"],"picked":"Armaments","floor":7.0},{"not_picked":["Wild Strike","Reckless Charge","Flex"],"picked":"SKIP","floor":10.0},{"not_picked":["Perfected Strike","Second Wind"],"picked":"Twin Strike","floor":12.0},{"not_picked":["Inflame+1","Anger"],"picked":"Demon Form+1","floor":14.0},{"not_picked":["Juggernaut+1","Feed"],"picked":"Reaper","floor":16.0},{"not_picked":["Rampage","Havoc"],"picked":"Heavy Blade","floor":18.0},{"not_picked":["Carnage","True Grit"],"picked":"Pummel","floor":19.0},{"not_picked":["Havoc","Body Slam","Shrug It Off"],"picked":"SKIP","floor":22.0},{"not_picked":["Clothesline","Ghostly Armor","True Grit"],"picked":"SKIP","floor":25.0},{"not_picked":["Carnage","Metallicize+1"],"picked":"True Grit+1","floor":27.0},{"not_picked":["Clash","Corruption+1"],"picked":"Headbutt","floor":30.0},{"not_picked":["Infernal Blade","Pommel Strike","Shrug It Off"],"picked":"SKIP","floor":31.0},{"not_picked":["Corruption+1","Double Tap"],"picked":"Immolate","floor":33.0},{"not_picked":["Hemokinesis"],"picked":"SKIP","floor":35.0},{"not_picked":[],"picked":"Pummel","floor":38.0},{"not_picked":[],"picked":"Heavy Blade","floor":39.0},{"not_picked":["Infernal Blade"],"picked":"SKIP","floor":40.0},{"not_picked":["Headbutt+1"],"picked":"SKIP","floor":44.0},{"not_picked":["Warcry"],"picked":"SKIP","floor":46.0},{"not_picked":["Anger+1"],"picked":"SKIP","floor":48.0}],"player_experience":139925,"relics_obtained":[{"floor":9.0,"key":"Shuriken"},{"floor":14.0,"key":"Frozen Egg 2"},{"floor":21.0,"key":"Necronomicon"},{"floor":25.0,"key":"Pear"},{"floor":26.0,"key":"PreservedInsect"},{"floor":27.0,"key":"Matryoshka"},{"floor":39.0,"key":"FossilizedHelix"},{"floor":40.0,"key":"Regal Pillow"},{"floor":43.0,"key":"Ancient Tea Set"},{"floor":43.0,"key":"Darkstone Periapt"},{"floor":44.0,"key":"War Paint"}],"event_choices":[{"damage_healed":0.0,"max_hp_gain":0.0,"max_hp_loss":0.0,"gold_gain":75.0,"event_name":"World of Goop","player_choice":"Gather Gold","floor":2.0,"gold_loss":0.0,"damage_taken":11.0},{"damage_healed":0.0,"max_hp_gain":0.0,"max_hp_loss":0.0,"gold_gain":0.0,"event_name":"Accursed Blacksmith","player_choice":"Forge","floor":3.0,"gold_loss":0.0,"damage_taken":0.0,"cards_upgraded":["Bash"]},{"damage_healed":0.0,"max_hp_gain":0.0,"max_hp_loss":0.0,"gold_gain":0.0,"event_name":"Cursed Tome","player_choice":"Obtained Book","floor":21.0,"gold_loss":0.0,"damage_taken":16.0},{"damage_healed":0.0,"max_hp_gain":0.0,"max_hp_loss":0.0,"gold_gain":0.0,"event_name":"Vampires","player_choice":"Ignored","floor":24.0,"gold_loss":0.0,"damage_taken":0.0},{"damage_healed":0.0,"max_hp_gain":5.0,"max_hp_loss":0.0,"gold_gain":0.0,"event_name":"Forgotten Altar","player_choice":"Shed Blood","floor":28.0,"gold_loss":0.0,"damage_taken":23.0},{"cards_removed":["Strike_R"],"damage_healed":0.0,"max_hp_gain":0.0,"max_hp_loss":0.0,"gold_gain":0.0,"event_name":"Designer","player_choice":"Single Remove","floor":36.0,"gold_loss":60.0,"damage_taken":0.0},{"damage_healed":0.0,"max_hp_gain":0.0,"max_hp_loss":0.0,"gold_gain":0.0,"event_name":"MindBloom","player_choice":"Fight","floor":39.0,"gold_loss":0.0,"damage_taken":0.0},{"damage_healed":0.0,"max_hp_gain":0.0,"max_hp_loss":0.0,"gold_gain":0.0,"event_name":"Upgrade Shrine","player_choice":"Upgraded","floor":42.0,"gold_loss":0.0,"damage_taken":0.0,"cards_upgraded":["Pummel"]}],"is_beta":false,"boss_relics":[{"not_picked":["Mark of Pain","Cursed Key"],"picked":"Sozu"},{"not_picked":["Philosopher\u0027s Stone","Calling Bell"],"picked":"Busted Crown"}],"items_purged_floors":[4,11,37],"is_endless":false,"potions_floor_spawned":[7,10,14,16,18,22,25,30,35,39,46],"ascension_level":12}}