{"host":"reretk0dz0kj8f1n","time":1608822605,"event":{"mods":["Arknights The Spire","BaseMod","Colored Map","Minty Spire (QoL Compilation)","StSLib"],"gold_per_floor":[110,0,17,28,28,28,58,91,91,11,11,30,63,75,75,173,173,192,291,302,316,197,226,226,226],"floor_reached":24,"playtime":973,"items_purged":["ats:Strike V","ats:Strike S"],"score":226,"play_id":"588281b4-741b-4998-8eeb-dc2c5a0ce953","local_time":"20201225001005","is_ascension_mode":false,"campfire_choices":[{"data":"ats:Emotion Absorption","floor":6,"key":"SMITH"},{"floor":15,"key":"REST"}],"circlet_count":0,"master_deck":["ats:Strike C","ats:Strike G+1","ats:Armor Crushing Shot+1","ats:Defend","ats:Defend+1","ats:Defend","ats:Defend","ats:Emotion Absorption+1","Purity","ats:Ignite+1","ats:Sunburst","ats:Sunburst","ats:Disruption Kick","ats:Nebulous Foxfire","ats:Ignite+1","ats:Sunburst","ats:Ignite"],"relics":["ats:Sanity","The Courier","ats:Originium","ats:MaxSp4","Whetstone","Question Card","ats:Originium","Mango","ats:Tactical Delivery","Orrery","ats:Originium","Pantograph"],"acts_visited":["Exordium","TheCity"],"potions_floor_usage":[16,16,16,24],"damage_taken":[{"damage":15,"enemies":"Cultist","floor":1,"turns":5},{"damage":10,"enemies":"Small Slimes","floor":3,"turns":3},{"damage":3,"enemies":"Jaw Worm","floor":4,"turns":4},{"damage":5,"enemies":"3 Sentries","floor":8,"turns":6},{"damage":2,"enemies":"Looter","floor":12,"turns":2},{"damage":20,"enemies":"Gremlin Nob","floor":13,"turns":4},{"damage":10,"enemies":"Exordium Wildlife","floor":14,"turns":3},{"damage":45,"enemies":"Hexaghost","floor":16,"turns":9},{"damage":12,"enemies":"Shell Parasite","floor":18,"turns":5},{"damage":0,"enemies":"Spheric Guardian","floor":20,"turns":2},{"damage":20,"enemies":"3 Cultists","floor":21,"turns":6},{"damage":65,"enemies":"Book of Stabbing","floor":23,"turns":7},{"damage":10,"enemies":"Chosen and Byrds","floor":24,"turns":4}],"seed_played":"1298507179556949623","potions_obtained":[{"floor":3,"key":"Dexterity Potion"},{"floor":8,"key":"SteroidPotion"},{"floor":12,"key":"Regen Potion"},{"floor":14,"key":"LiquidMemories"},{"floor":21,"key":"Explosive Potion"}],"is_trial":false,"path_per_floor":["M","$","M","M","?","R","?","E","T","$","T","M","E","M","R","B",null,"M","?","M","M","$","E","M"],"character_chosen":"DOCTOR_CLASS","items_purchased":["ats:Sunburst","Orrery"],"campfire_rested":1,"item_purchase_floors":[2,22],"current_hp_per_floor":[57,57,47,44,30,30,30,25,25,25,25,23,17,7,32,2,86,76,76,78,63,63,6,0,0],"gold":226,"neow_bonus":"RANDOM_COLORLESS","is_daily":false,"chose_seed":false,"campfire_upgraded":1,"win_rate":0.0,"timestamp":1608822605,"path_taken":["M","$","M","M","?","R","?","E","T","$","?","M","E","M","R","BOSS","M","?","M","M","$","E","M"],"items_purchased_type":["Card","Relic"],"build_version":"2020-12-22","purchased_purges":2,"victory":false,"max_hp_per_floor":[72,72,72,72,72,72,72,72,72,72,72,72,86,86,86,86,86,86,86,86,86,86,86,86,86],"card_choices":[{"not_picked":["Dark Shackles","Panacea"],"picked":"Purity","floor":0},{"not_picked":["ats:Childhood Dance","ats:Revitalization"],"picked":"ats:Ignite","floor":1},{"not_picked":["ats:Healing Drone","ats:Powerful Strike","ats:Rapid Magazine"],"picked":"SKIP","floor":3},{"not_picked":["ats:Assault Order","ats:Leaping Hammer"],"picked":"ats:Sunburst","floor":4},{"not_picked":["ats:Curse Doll","ats:Childhood Dance","ats:Hook Shot"],"picked":"SKIP","floor":8},{"not_picked":["ats:Flexible Camouflage","ats:Thermite Blade","ats:Poison Spread"],"picked":"ats:Disruption Kick","floor":12},{"not_picked":["ats:Thermite Blade","ats:Explosion Area Strengthen","ats:Leaping Hammer","ats:Beaten Up"],"picked":"SKIP","floor":13},{"not_picked":["ats:Flexible Camouflage","ats:Rapid Magazine","ats:Spore Proliferation","ats:LN2 Cannon"],"picked":"SKIP","floor":14},{"not_picked":["ats:Disruption Kick","ats:Ambush","ats:Shadow Assault"],"picked":"ats:Nebulous Foxfire","floor":16},{"not_picked":["ats:Explosion Area Strengthen","ats:Red Shift","ats:Hammer On"],"picked":"ats:Ignite+1","floor":18},{"not_picked":["ats:Assault Order","ats:Rapid Magazine","ats:Cat Scratch+1","ats:Healing Strengthening+1"],"picked":"SKIP","floor":20},{"not_picked":["ats:Powerful Strike","ats:Soul Rend","ats:Apocalypse","ats:Cat Scratch"],"picked":"SKIP","floor":21},{"not_picked":["ats:Composite Medical Shells","ats:Curse Doll","ats:Hammer On+1"],"picked":"ats:Sunburst","floor":22},{"not_picked":["ats:Curse Doll+1","ats:Ambush","ats:Healing Drone+1"],"picked":"ats:Ignite","floor":22},{"not_picked":["ats:Directed Diagnosis","ats:Shadow Raid","ats:Powerful Strike","ats:Thermite Blade"],"picked":"SKIP","floor":23}],"player_experience":234489,"relics_obtained":[{"floor":8,"key":"ats:Originium"},{"floor":8,"key":"ats:MaxSp4"},{"floor":9,"key":"Whetstone"},{"floor":11,"key":"Question Card"},{"floor":13,"key":"ats:Originium"},{"floor":13,"key":"Mango"},{"floor":23,"key":"ats:Originium"},{"floor":23,"key":"Pantograph"}],"event_choices":[{"damage_healed":0,"gold_gain":0,"player_choice":"Entered Light","damage_taken":14,"max_hp_gain":0,"max_hp_loss":0,"event_name":"Shining Light","floor":5,"gold_loss":0,"cards_upgraded":["ats:Defend","ats:Armor Crushing Shot"]},{"damage_healed":0,"gold_gain":30,"player_choice":"Searched \u00273\u0027 times","damage_taken":0,"relics_obtained":["The Courier"],"max_hp_gain":0,"max_hp_loss":0,"event_name":"Dead Adventurer","floor":7,"gold_loss":0},{"damage_healed":0,"gold_gain":99,"player_choice":"Stole From Cult","damage_taken":0,"max_hp_gain":0,"max_hp_loss":0,"event_name":"Nest","floor":19,"gold_loss":0}],"is_beta":false,"boss_relics":[{"not_picked":["Philosopher\u0027s Stone","Astrolabe"],"picked":"ats:Tactical Delivery"}],"items_purged_floors":[2,10],"is_endless":false,"potions_floor_spawned":[3,8,12,14,21],"killed_by":"Chosen and Byrds","ascension_level":0}}