{"host":"mjau5a91be6b66g4","time":1608812973,"event":{"mods":["BaseMod","Minty Spire (QoL Compilation)","StSLib","The Animator","The Bug Knight","The Jungle"],"gold_per_floor":[218,218,231,242,262,262,282,301,301,253,270,270,150,168,168,263,313,324,324,324,324,338,338,351,351,375,392,392,392,119,138,138,138,138],"floor_reached":33,"playtime":1763,"items_purged":["Writhe"],"score":241,"play_id":"b40a31ef-93ba-49f3-a5f1-7a139e20e6c3","local_time":"20201224202933","is_ascension_mode":false,"campfire_choices":[{"data":"HollowMod:FocusHealStart","floor":6,"key":"SMITH"},{"floor":12,"key":"REST"},{"data":"HollowMod:NewJinnsSoul","floor":15,"key":"SMITH"},{"floor":23,"key":"REST"},{"data":"HollowMod:DescendingDark","floor":25,"key":"SMITH"},{"floor":32,"key":"REST"}],"circlet_count":0,"master_deck":["HollowMod:NailStrikeStart","HollowMod:NailStrikeStart","HollowMod:NailStrikeStart","HollowMod:QuickDashStart","HollowMod:QuickDashStart","HollowMod:QuickDashStart","HollowMod:QuickDashStart","HollowMod:FocusHealStart+1","HollowMod:PogoStrike+1","HollowMod:DescendingDark+1","HollowMod:HuntersJournal","HollowMod:NewJinnsSoul+1","HollowMod:DoubleDash","HollowMod:ShadowDash+1","HollowMod:CloakDash+1","HollowMod:MantisMark+1","HollowMod:WraithStrike+1","HollowMod:ZotesMagnificence","HollowMod:LordofShades","HollowMod:DashSlash","HollowMod:DreamGate+1","HollowMod:Hiveblood+1","HollowMod:HuntersJournal+1","HollowMod:GoodIntentions+1","HollowMod:WraithStrike","HollowMod:VengefulVoid"],"relics":["HollowMod:VesselMask","Toxic Egg 2","Tiny House","Enchiridion","Juzu Bracelet","Eternal Feather","Bag of Marbles","Strawberry"],"acts_visited":["Exordium","TheCity"],"potions_floor_usage":[8,18,24,24,31,31,33],"damage_taken":[{"damage":7,"enemies":"2 Louse","floor":1,"turns":2},{"damage":0,"enemies":"Cultist","floor":3,"turns":2},{"damage":8,"enemies":"Jaw Worm","floor":4,"turns":3},{"damage":4,"enemies":"Large Slime","floor":5,"turns":5},{"damage":23,"enemies":"Gremlin Gang","floor":7,"turns":4},{"damage":6,"enemies":"Exordium Wildlife","floor":8,"turns":2},{"damage":8,"enemies":"3 Louse","floor":11,"turns":2},{"damage":5,"enemies":"Looter","floor":14,"turns":2},{"damage":76,"enemies":"HollowMod:FalseKnight","floor":16,"turns":11},{"damage":15,"enemies":"Chosen","floor":18,"turns":5},{"damage":58,"enemies":"3 Byrds","floor":22,"turns":7},{"damage":24,"enemies":"Centurion and Healer","floor":24,"turns":8},{"damage":61,"enemies":"Cultist and Chosen","floor":27,"turns":7},{"damage":50,"enemies":"Snake Plant","floor":31,"turns":3},{"damage":129,"enemies":"HollowMod:NKGrimm","floor":33,"turns":14}],"seed_played":"142447502334389978","potions_obtained":[{"floor":1,"key":"EssenceOfSteel"},{"floor":4,"key":"Explosive Potion"},{"floor":16,"key":"Dexterity Potion"},{"floor":17,"key":"HauntedGourdPotion"},{"floor":22,"key":"Block Potion"},{"floor":24,"key":"LiquidBronze"},{"floor":27,"key":"EssenceOfSteel"}],"is_trial":false,"path_per_floor":["M","?","M","M","M","R","M","M","T","$","M","R","$","M","R","B",null,"M","?","?","?","M","R","M","R","T","M","T","?","$","M","R","B"],"character_chosen":"THE_BUGKNIGHT","items_purchased":["HollowMod:ShadowDash+1","HollowMod:MantisMark+1","HollowMod:WraithStrike","HollowMod:WraithStrike","Strawberry"],"campfire_rested":3,"item_purchase_floors":[10,13,13,30,30],"current_hp_per_floor":[68,68,68,60,62,62,49,49,49,49,47,69,69,70,70,6,80,73,57,57,57,31,55,71,71,71,45,45,45,52,2,43,0,0],"gold":138,"neow_bonus":"HUNDRED_GOLD","is_daily":false,"chose_seed":false,"campfire_upgraded":3,"win_rate":0.0,"timestamp":1608812973,"path_taken":["M","?","?","M","M","R","M","M","T","$","M","R","?","M","R","BOSS","M","?","?","?","?","R","M","R","T","M","?","?","$","M","R","BOSS"],"items_purchased_type":["Card","Card","Card","Card","Relic"],"build_version":"2020-12-22","purchased_purges":1,"victory":false,"max_hp_per_floor":[75,75,75,75,75,75,75,75,75,75,75,75,75,75,75,75,80,80,80,80,80,80,80,80,80,80,80,80,80,87,87,87,87,87],"card_choices":[{"not_picked":["HollowMod:DesolateDive","HollowMod:SharpenedShadows"],"picked":"HollowMod:DescendingDark","floor":1},{"not_picked":["HollowMod:NewGlowingWomb","HollowMod:HowlingWraiths"],"picked":"HollowMod:HuntersJournal","floor":3},{"not_picked":["HollowMod:LifebloodCocoon","HollowMod:NewLittleFool"],"picked":"HollowMod:NewJinnsSoul","floor":4},{"not_picked":["HollowMod:HeavyBlow","HollowMod:BaldurShell"],"picked":"HollowMod:Weaversong","floor":5},{"not_picked":["HollowMod:SoulStrike","HollowMod:SharpenedNail"],"picked":"HollowMod:DoubleDash","floor":7},{"not_picked":["HollowMod:SiblingsSouls","HollowMod:NewLittleFool","HollowMod:GoodIntentions"],"picked":"SKIP","floor":8},{"not_picked":["HollowMod:InfectedAttack","HollowMod:PureNailStrike"],"picked":"HollowMod:CloakDash+1","floor":11},{"not_picked":["HollowMod:BaldurShell","HollowMod:CoiledNail"],"picked":"HollowMod:ZotesMagnificence","floor":14},{"not_picked":["HollowMod:VoidDash+1","HollowMod:SlysStrikes"],"picked":"HollowMod:LordofShades","floor":16},{"not_picked":["HollowMod:InfectedCysts","HollowMod:CloakDash+1"],"picked":"HollowMod:DashSlash","floor":17},{"not_picked":["HollowMod:LifebloodCocoon+1","HollowMod:CycloneSlash"],"picked":"HollowMod:DreamGate+1","floor":18},{"not_picked":["HollowMod:LifebloodCore+1","HollowMod:TaintedHusks+1","HollowMod:NewJinnsSoul+1"],"picked":"SKIP","floor":22},{"not_picked":["HollowMod:InfectedCysts","HollowMod:NewJinnsSoul+1"],"picked":"HollowMod:HuntersJournal+1","floor":24},{"not_picked":["HollowMod:ChannelNail+1","HollowMod:MawleksShell+1"],"picked":"HollowMod:GoodIntentions+1","floor":27},{"not_picked":["HollowMod:DashSlash","HollowMod:NewLittleFool"],"picked":"HollowMod:VengefulVoid","floor":31}],"player_experience":216867,"relics_obtained":[{"floor":9,"key":"Toxic Egg 2"},{"floor":19,"key":"Enchiridion"},{"floor":26,"key":"Juzu Bracelet"},{"floor":28,"key":"Eternal Feather"}],"event_choices":[{"damage_healed":0,"gold_gain":0,"player_choice":"Forge","damage_taken":0,"max_hp_gain":0,"max_hp_loss":0,"event_name":"Accursed Blacksmith","floor":2,"gold_loss":0,"cards_upgraded":["HollowMod:PogoStrike"]},{"damage_healed":0,"gold_gain":0,"player_choice":"Obtained Book","damage_taken":16,"max_hp_gain":0,"max_hp_loss":0,"event_name":"Cursed Tome","floor":19,"gold_loss":0},{"damage_healed":0,"gold_gain":0,"cards_transformed":["HollowMod:Weaversong","HollowMod:NailStrikeStart"],"player_choice":"Became Test Subject","damage_taken":0,"max_hp_gain":0,"max_hp_loss":0,"event_name":"Drug Dealer","floor":20,"gold_loss":0,"cards_obtained":["HollowMod:Hiveblood","HollowMod:ChannelNail"]},{"cards_removed":["HollowMod:ChannelNail"],"damage_healed":0,"gold_gain":0,"player_choice":"Purged","damage_taken":0,"max_hp_gain":0,"max_hp_loss":0,"event_name":"Purifier","floor":21,"gold_loss":0},{"damage_healed":0,"gold_gain":0,"player_choice":"Opened","damage_taken":0,"relics_obtained":["Bag of Marbles"],"max_hp_gain":0,"max_hp_loss":0,"event_name":"The Mausoleum","floor":29,"gold_loss":0,"cards_obtained":["Writhe"]}],"is_beta":false,"boss_relics":[{"not_picked":["Runic Dome","SacredBark"],"picked":"Tiny House"}],"items_purged_floors":[30],"is_endless":false,"potions_floor_spawned":[1,4,16,22,24,27],"killed_by":"HollowMod:NKGrimm","ascension_level":0}}