{"host":"7l2t4psy44vpcd9q","time":1608811290,"event":{"mods":["AchievementEnabler","BaseMod","DeckTracker","Minty Spire (QoL Compilation)","SuperFastMode"],"gold_per_floor":[12,29,29,29,54,73,113,113,140,179,199,199,199,223,223,312,312,336,261,211,43,0,0,41,54,54,72,72,32,75,96,96,96,96],"floor_reached":33,"playtime":1443,"items_purged":[],"score":590,"play_id":"dafb80df-f46b-4c3f-99e3-bea5a3d06285","local_time":"20201224210130","is_ascension_mode":true,"campfire_choices":[{"floor":8,"key":"REST"},{"floor":12,"key":"REST"},{"data":"Fire Breathing","floor":15,"key":"SMITH"},{"data":"Perfected Strike","floor":23,"key":"SMITH"},{"floor":28,"key":"REST"},{"floor":32,"key":"REST"}],"circlet_count":0,"master_deck":["AscendersBane","Strike_R","Strike_R","Strike_R","Strike_R","Strike_R","Defend_R","Defend_R+1","Defend_R","Defend_R","Bash","Headbutt","Fire Breathing+1","Cleave","Perfected Strike+1","Armaments+1","Perfected Strike","Wild Strike","Fiend Fire","Headbutt","Shrug It Off","Shockwave+1","Twin Strike","Pommel Strike","Evolve"],"relics":["Burning Blood","Golden Idol","Orichalcum","Toy Ornithopter","Omamori","SlaversCollar","Juzu Bracelet","War Paint","Regal Pillow","Turnip"],"acts_visited":["Exordium","TheCity"],"potions_floor_usage":[7,11,18,24,25,27,33],"damage_taken":[{"damage":9,"enemies":"2 Louse","floor":1,"turns":4},{"damage":4,"enemies":"Small Slimes","floor":2,"turns":4},{"damage":1,"enemies":"Cultist","floor":5,"turns":3},{"damage":17,"enemies":"Blue Slaver","floor":6,"turns":5},{"damage":55,"enemies":"Lagavulin","floor":7,"turns":8},{"damage":22,"enemies":"3 Sentries","floor":10,"turns":5},{"damage":24,"enemies":"Exordium Thugs","floor":11,"turns":4},{"damage":5,"enemies":"Gremlin Gang","floor":14,"turns":4},{"damage":32,"enemies":"Slime Boss","floor":16,"turns":6},{"damage":29,"enemies":"2 Thieves","floor":18,"turns":5},{"damage":47,"enemies":"Slavers","floor":24,"turns":5},{"damage":22,"enemies":"Spheric Guardian","floor":25,"turns":4},{"damage":11,"enemies":"Snecko","floor":27,"turns":4},{"damage":12,"enemies":"Gremlin Leader","floor":30,"turns":5},{"damage":20,"enemies":"3 Cultists","floor":31,"turns":5},{"damage":85,"enemies":"Collector","floor":33,"turns":6}],"seed_played":"3977791123361530630","potions_obtained":[{"floor":5,"key":"SneckoOil"},{"floor":6,"key":"Fruit Juice"},{"floor":10,"key":"Swift Potion"},{"floor":14,"key":"SpeedPotion"},{"floor":18,"key":"Weak Potion"},{"floor":25,"key":"DistilledChaos"},{"floor":30,"key":"SteroidPotion"}],"is_trial":false,"path_per_floor":["M","M","?","?","M","M","E","R","T","E","M","R","?","M","R","B",null,"M","?","$","$","?","R","E","M","T","M","R","$","E","M","R","B"],"character_chosen":"IRONCLAD","items_purchased":["Shrug It Off","Juzu Bracelet","Evolve"],"campfire_rested":4,"item_purchase_floors":[20,21,29],"current_hp_per_floor":[79,81,50,79,84,73,29,57,57,41,28,56,56,57,57,31,78,60,60,60,60,60,60,24,13,13,13,56,56,50,36,79,0,0],"gold":96,"neow_bonus":"TWENTY_PERCENT_HP_BONUS","is_daily":false,"chose_seed":false,"campfire_upgraded":2,"win_rate":0.0,"timestamp":1608811290,"path_taken":["M","M","?","?","M","M","E","R","T","E","M","R","?","?","R","BOSS","M","?","?","$","?","R","E","M","T","M","R","$","E","M","R","BOSS"],"items_purchased_type":["Card","Relic","Card"],"build_version":"2020-12-22","purchased_purges":0,"victory":false,"max_hp_per_floor":[89,89,89,89,89,89,94,94,94,94,94,94,94,94,94,94,94,94,94,94,94,94,94,94,94,94,94,94,94,94,94,94,94,94],"card_choices":[{"not_picked":["Sword Boomerang","Heavy Blade"],"picked":"Headbutt","floor":1},{"not_picked":["Flex","Shrug It Off"],"picked":"Fire Breathing","floor":2},{"not_picked":["Demon Form","Heavy Blade"],"picked":"Clothesline","floor":5},{"not_picked":["Wild Strike","Rupture"],"picked":"Cleave","floor":6},{"not_picked":["Searing Blow","Headbutt"],"picked":"Perfected Strike","floor":7},{"not_picked":["Sever Soul","Feel No Pain"],"picked":"Armaments","floor":10},{"not_picked":["Heavy Blade","Whirlwind"],"picked":"Perfected Strike","floor":11},{"not_picked":["Combust","Thunderclap"],"picked":"Wild Strike","floor":14},{"not_picked":["Demon Form","Barricade"],"picked":"Fiend Fire","floor":16},{"not_picked":["Second Wind","Havoc"],"picked":"Headbutt","floor":18},{"not_picked":["Ghostly Armor","Perfected Strike"],"picked":"Shockwave","floor":24},{"not_picked":["Shrug It Off","True Grit"],"picked":"Twin Strike","floor":25},{"not_picked":["Metallicize","Dropkick"],"picked":"Pommel Strike","floor":27},{"not_picked":["Clothesline","Sword Boomerang","Pummel"],"picked":"SKIP","floor":30},{"not_picked":["Warcry","Barricade","Armaments"],"picked":"SKIP","floor":31}],"player_experience":1132936,"relics_obtained":[{"floor":7,"key":"Orichalcum"},{"floor":9,"key":"Toy Ornithopter"},{"floor":10,"key":"Omamori"},{"floor":24,"key":"War Paint"},{"floor":26,"key":"Regal Pillow"},{"floor":30,"key":"Turnip"}],"event_choices":[{"damage_healed":0,"gold_gain":0,"player_choice":"Take Damage","damage_taken":31,"relics_obtained":["Golden Idol"],"max_hp_gain":0,"max_hp_loss":0,"event_name":"Golden Idol","floor":3,"gold_loss":0},{"damage_healed":29,"gold_gain":0,"player_choice":"Banana","damage_taken":0,"max_hp_gain":0,"max_hp_loss":0,"event_name":"Big Fish","floor":4,"gold_loss":0},{"damage_healed":0,"gold_gain":0,"player_choice":"Forge","damage_taken":0,"max_hp_gain":0,"max_hp_loss":0,"event_name":"Accursed Blacksmith","floor":13,"gold_loss":0,"cards_upgraded":["Armaments"]},{"cards_removed":["Clothesline"],"damage_healed":0,"gold_gain":0,"player_choice":"Gave Gold","damage_taken":0,"max_hp_gain":0,"max_hp_loss":0,"event_name":"Beggar","floor":19,"gold_loss":75},{"damage_healed":0,"gold_gain":0,"player_choice":"Paid Fearfully","damage_taken":0,"max_hp_gain":0,"max_hp_loss":0,"event_name":"Masked Bandits","floor":22,"gold_loss":43}],"is_beta":false,"boss_relics":[{"not_picked":["Empty Cage","Pandora\u0027s Box"],"picked":"SlaversCollar"}],"items_purged_floors":[],"is_endless":false,"potions_floor_spawned":[5,6,10,14,18,25,30],"killed_by":"Collector","ascension_level":20}}