{"host":"f6tqpspb2ou2a4h5","time":1608816383,"event":{"mods":["2.2 Compatiblity","Ascension Unlocker","BaseMod","Colored Map","DeckTracker","Hermit","Highlight Path","KOR Keyword Fix","Keyboard Shortcuts","Minty Spire (QoL Compilation)","Permanent Neow","Quick Restart","Random Character Button","StSLib","SuperFastMode","The Poker Player","everything is the same but u backflip on backflip"],"gold_per_floor":[116,136,136,150,225,225,236,236,236,80,97,113,113,133,133,205,205,218,236,236,256,37,69,89,89,171,171,183,183,183,183],"floor_reached":30,"playtime":941,"items_purged":["Strike_G","Strike_G"],"score":513,"play_id":"dbd1b77c-0e6d-41b0-aa43-cab47a14abff","local_time":"20201224222623","is_ascension_mode":true,"campfire_choices":[{"data":"1","floor":6.0,"key":"LIFT"},{"data":"2","floor":8.0,"key":"LIFT"},{"data":"3","floor":13.0,"key":"LIFT"},{"data":"Blade Dance","floor":15.0,"key":"SMITH"},{"floor":25.0,"key":"REST"},{"floor":27.0,"key":"REST"}],"circlet_count":0,"master_deck":["AscendersBane","Strike_G","Strike_G+1","Strike_G","Defend_G","Defend_G","Defend_G+1","Defend_G","Defend_G","Survivor","Neutralize","Cloak And Dagger+1","Slice+1","Masterful Stab","Leg Sweep","Dash","Blade Dance+1","Cloak And Dagger","Backflip","Glass Knife","CurseOfTheBell","Slice+1","Slice","Decay","Acrobatics","Finisher","Blade Dance","Slice","Terror"],"relics":["Ring of the Snake","Girya","War Paint","Calling Bell","Bag of Preparation","InkBottle","The Specimen","Shuriken","Matryoshka"],"acts_visited":["Exordium","TheCity"],"potions_floor_usage":[],"damage_taken":[{"damage":6.0,"enemies":"Jaw Worm","floor":1.0,"turns":7.0},{"damage":0.0,"enemies":"Small Slimes","floor":2.0,"turns":5.0},{"damage":0.0,"enemies":"Cultist","floor":4.0,"turns":4.0},{"damage":1.0,"enemies":"Red Slaver","floor":7.0,"turns":3.0},{"damage":0.0,"enemies":"Blue Slaver","floor":11.0,"turns":3.0},{"damage":2.0,"enemies":"Exordium Wildlife","floor":12.0,"turns":3.0},{"damage":0.0,"enemies":"Lots of Slimes","floor":14.0,"turns":3.0},{"damage":18.0,"enemies":"Hexaghost","floor":16.0,"turns":8.0},{"damage":0.0,"enemies":"3 Byrds","floor":18.0,"turns":5.0},{"damage":11.0,"enemies":"Shell Parasite","floor":19.0,"turns":4.0},{"damage":23.0,"enemies":"Shelled Parasite and Fungi","floor":21.0,"turns":4.0},{"damage":8.0,"enemies":"Slavers","floor":23.0,"turns":4.0},{"damage":0.0,"enemies":"Snecko","floor":24.0,"turns":2.0},{"damage":13,"enemies":"Centurion and Healer","floor":28,"turns":2},{"damage":15,"enemies":"Colosseum Slavers","floor":29,"turns":3},{"damage":22,"enemies":"Snake Plant","floor":30,"turns":2}],"seed_played":"-4470163656062425925","potions_obtained":[{"floor":7.0,"key":"AttackPotion"},{"floor":11.0,"key":"Weak Potion"},{"floor":14.0,"key":"Regen Potion"},{"floor":19.0,"key":"Fire Potion"},{"floor":21.0,"key":"Fire Potion"}],"is_trial":false,"path_per_floor":["M","M","?","M","?","R","M","R","T","$","M","M","R","M","R","B",null,"M","M","?","M","$","E","M","R","T","R","M","?","M"],"character_chosen":"THE_SILENT","items_purchased":["Dash","Finisher","Blade Dance"],"campfire_rested":2,"item_purchase_floors":[10,22,22],"current_hp_per_floor":[53,53,35,35,24,24,23,23,23,23,23,21,21,21,21,18,50,50,39,39,16,16,8,8,26,26,44,31,16,0,0],"gold":183,"neow_bonus":"ONE_RARE_RELIC","is_daily":false,"chose_seed":false,"campfire_upgraded":1,"win_rate":0.0,"timestamp":1608816383,"path_taken":["M","M","?","M","?","R","M","R","T","$","M","M","R","M","R","BOSS","M","M","?","M","$","E","M","R","T","R","M","?","M"],"items_purchased_type":["Card","Card","Card"],"build_version":"2020-12-22","purchased_purges":2,"victory":false,"max_hp_per_floor":[60,60,60,60,60,60,60,60,60,60,60,60,60,60,60,60,60,60,60,60,60,60,60,60,60,60,60,60,60,60,60],"card_choices":[{"not_picked":["Slice","Distraction"],"picked":"Cloak And Dagger","floor":1.0},{"not_picked":["Outmaneuver","Acrobatics"],"picked":"Slice","floor":2.0},{"not_picked":["Acrobatics","Cloak And Dagger"],"picked":"Masterful Stab","floor":4.0},{"not_picked":["PiercingWail","Predator"],"picked":"Leg Sweep","floor":7.0},{"not_picked":["Dash","Acrobatics"],"picked":"Blade Dance","floor":11.0},{"not_picked":["Dagger Throw","Dodge and Roll"],"picked":"Cloak And Dagger","floor":12.0},{"not_picked":["PiercingWail","Dodge and Roll"],"picked":"Backflip","floor":14.0},{"not_picked":["Night Terror","Tools of the Trade"],"picked":"Glass Knife","floor":16.0},{"not_picked":["Cloak And Dagger","Poisoned Stab"],"picked":"Slice+1","floor":18.0},{"not_picked":["Distraction","Dagger Throw"],"picked":"Slice","floor":19.0},{"not_picked":["Backflip","Crippling Poison"],"picked":"Acrobatics","floor":21.0},{"not_picked":["Dash+1","Glass Knife","Caltrops"],"picked":"SKIP","floor":23.0},{"not_picked":["Flying Knee","Dagger Throw"],"picked":"Slice","floor":24.0},{"not_picked":["Choke","Flying Knee"],"picked":"Terror","floor":28}],"player_experience":44662,"relics_obtained":[{"floor":9.0,"key":"War Paint"},{"floor":17.0,"key":"Bag of Preparation"},{"floor":17.0,"key":"InkBottle"},{"floor":17.0,"key":"The Specimen"},{"floor":23.0,"key":"Shuriken"},{"floor":26.0,"key":"Matryoshka"}],"event_choices":[{"damage_healed":0.0,"max_hp_gain":0.0,"max_hp_loss":0.0,"gold_gain":0.0,"event_name":"Shining Light","player_choice":"Entered Light","floor":3.0,"gold_loss":0.0,"damage_taken":18.0,"cards_upgraded":["Strike_G","Slice"]},{"damage_healed":0.0,"max_hp_gain":0.0,"max_hp_loss":0.0,"gold_gain":75.0,"event_name":"World of Goop","player_choice":"Gather Gold","floor":5.0,"gold_loss":0.0,"damage_taken":11.0},{"damage_healed":0.0,"max_hp_gain":0.0,"max_hp_loss":0.0,"gold_gain":0.0,"event_name":"Forgotten Altar","player_choice":"Smashed Altar","floor":20.0,"gold_loss":0.0,"damage_taken":0.0,"cards_obtained":["Decay"]},{"damage_healed":0,"gold_gain":0,"player_choice":"Fight","damage_taken":0,"max_hp_gain":0,"max_hp_loss":0,"event_name":"Colosseum","floor":29,"gold_loss":0},{"damage_healed":0,"gold_gain":0,"player_choice":"Fled From Nobs","damage_taken":0,"max_hp_gain":0,"max_hp_loss":0,"event_name":"Colosseum","floor":29,"gold_loss":0}],"is_beta":false,"boss_relics":[{"not_picked":["Fusion Hammer","SacredBark"],"picked":"Calling Bell"}],"items_purged_floors":[10,22],"is_endless":false,"potions_floor_spawned":[7,11,14,19,21,29],"killed_by":"Snake Plant","ascension_level":20}}