{"host":"3wnvf1tkxc6p198c","time":1608818119,"event":{"mods":["AchievementEnabler","BaseMod","Colored Map","DeckTracker","Keyboard Shortcuts","Minty Spire (QoL Compilation)","Permanent Neow","Quick Restart","Rare Cards Sparkle","StSLib","SuperFastMode"],"gold_per_floor":[320,331,348,19,19,19,46,46,97,110,123,23,51,62,62,139,139,158,58,77,96,21,21,21,21],"floor_reached":24,"playtime":972,"items_purged":["Strike_G","Strike_G"],"score":416,"play_id":"403c4cac-9d0c-41f1-909e-cb14bfd67a2e","local_time":"20201224225519","is_ascension_mode":true,"campfire_choices":[{"data":"Poisoned Stab","floor":6.0,"key":"SMITH"},{"data":"All Out Attack","floor":8.0,"key":"SMITH"},{"floor":15.0,"key":"REST"},{"data":"Corpse Explosion","floor":23,"key":"SMITH"}],"circlet_count":0,"master_deck":["AscendersBane","Strike_G","Strike_G+1","Defend_G","Defend_G","Defend_G","Defend_G","Defend_G","Survivor","Neutralize+1","Poisoned Stab+1","Dagger Throw+1","Predator","All Out Attack+1","Blade Dance","Backflip","PiercingWail","Outmaneuver","Deadly Poison","Corpse Explosion+1"],"relics":["Ring of the Snake","Old Coin","TungstenRod","Whetstone","Dream Catcher","InkBottle","Snecko Eye"],"acts_visited":["Exordium","TheCity"],"potions_floor_usage":[16],"damage_taken":[{"damage":4.0,"enemies":"Jaw Worm","floor":1.0,"turns":5.0},{"damage":4.0,"enemies":"Small Slimes","floor":2.0,"turns":3.0},{"damage":0.0,"enemies":"2 Louse","floor":3.0,"turns":2.0},{"damage":9.0,"enemies":"3 Sentries","floor":7.0,"turns":7.0},{"damage":2.0,"enemies":"Looter","floor":10.0,"turns":3.0},{"damage":3.0,"enemies":"Exordium Wildlife","floor":11.0,"turns":3.0},{"damage":20.0,"enemies":"Gremlin Nob","floor":13.0,"turns":4.0},{"damage":0.0,"enemies":"Exordium Thugs","floor":14.0,"turns":4.0},{"damage":23,"enemies":"Slime Boss","floor":16,"turns":12},{"damage":0,"enemies":"3 Byrds","floor":18,"turns":2},{"damage":0,"enemies":"2 Thieves","floor":20,"turns":2},{"damage":0,"enemies":"Cultist and Chosen","floor":21,"turns":3},{"damage":28,"enemies":"Book of Stabbing","floor":24,"turns":5}],"seed_played":"-2812738031383294064","potions_obtained":[{"floor":3.0,"key":"DistilledChaos"},{"floor":14.0,"key":"ColorlessPotion"},{"floor":16,"key":"Strength Potion"},{"floor":21,"key":"Dexterity Potion"}],"is_trial":false,"path_per_floor":["M","M","M","$","?","R","E","R","T","M","M","$","E","M","R","B",null,"M","$","M","M","?","R","E"],"character_chosen":"THE_SILENT","items_purchased":["TungstenRod","Backflip"],"campfire_rested":1,"item_purchase_floors":[4,12],"current_hp_per_floor":[55,51,51,51,51,51,42,42,42,40,37,37,17,17,36,13,53,53,53,53,53,53,53,25,25],"gold":21,"neow_bonus":"ONE_RARE_RELIC","is_daily":false,"chose_seed":false,"campfire_upgraded":3,"win_rate":0.0,"timestamp":1608818119,"path_taken":["M","M","M","$","?","R","E","R","T","M","M","$","E","M","R","BOSS","M","$","M","M","?","R","E"],"items_purchased_type":["Relic","Card"],"build_version":"2020-12-22","purchased_purges":2,"victory":false,"max_hp_per_floor":[66,66,66,66,66,66,66,66,66,66,66,66,66,66,66,66,66,66,66,66,66,66,66,66,66],"card_choices":[{"not_picked":["PiercingWail","Dodge and Roll"],"picked":"Poisoned Stab","floor":1.0},{"not_picked":["Reflex","Poisoned Stab"],"picked":"Dagger Throw","floor":2.0},{"not_picked":["Underhanded Strike","PiercingWail"],"picked":"Predator","floor":3.0},{"not_picked":["Tactician","Setup"],"picked":"All Out Attack","floor":7.0},{"not_picked":["Flying Knee","Eviscerate","Endless Agony"],"picked":"SKIP","floor":10.0},{"not_picked":["Die Die Die","Dagger Spray"],"picked":"Blade Dance","floor":11.0},{"not_picked":["Heel Hook","Masterful Stab"],"picked":"PiercingWail","floor":13.0},{"not_picked":["Prepared","Noxious Fumes"],"picked":"Outmaneuver","floor":14.0},{"not_picked":["Acrobatics","Dodge and Roll"],"picked":"Deadly Poison","floor":15.0},{"not_picked":["Bullet Time","Phantasmal Killer"],"picked":"Corpse Explosion","floor":16},{"not_picked":["Dagger Throw","Heel Hook","Cloak And Dagger"],"picked":"SKIP","floor":18},{"not_picked":["Flying Knee","Quick Slash","Poisoned Stab"],"picked":"SKIP","floor":20},{"not_picked":["Sucker Punch","Dodge and Roll","Accuracy+1"],"picked":"SKIP","floor":21}],"player_experience":901013,"relics_obtained":[{"floor":7.0,"key":"Whetstone"},{"floor":9.0,"key":"Dream Catcher"},{"floor":13.0,"key":"InkBottle"}],"event_choices":[{"damage_healed":0.0,"max_hp_gain":0.0,"max_hp_loss":0.0,"gold_gain":0.0,"event_name":"Living Wall","player_choice":"Grow","floor":5.0,"gold_loss":0.0,"damage_taken":0.0,"cards_upgraded":["Neutralize"]},{"cards_removed":["Strike_G"],"damage_healed":0,"gold_gain":0,"player_choice":"Gave Gold","damage_taken":0,"max_hp_gain":0,"max_hp_loss":0,"event_name":"Beggar","floor":22,"gold_loss":75}],"is_beta":false,"boss_relics":[{"not_picked":["Tiny House","Busted Crown"],"picked":"Snecko Eye"}],"items_purged_floors":[12,19],"is_endless":false,"potions_floor_spawned":[3,14,16,21],"killed_by":"Book of Stabbing","ascension_level":20}}