{"host":"cij6922spxtbkai3","time":1608839258,"event":{"mods":["2.2 Compatiblity","AchievementEnabler","BaseMod","Colored Map","DeckTracker","Highlight Path","Keyboard Shortcuts","Minty Spire (QoL Compilation)","Permanent Neow","Quick Restart","Rare Cards Sparkle","SuperFastMode","everything is the same but u backflip on backflip"],"gold_per_floor":[19,37,112,126,126,146,180,105,105,5,29,53,53,77,77,201,201,224,224,224,247,97,137,157,157,157],"floor_reached":25,"playtime":1906,"items_purged":["Strike_R","Strike_R"],"score":225,"play_id":"a8eb80a4-7953-4983-b7b1-a63724598448","local_time":"20201225044738","is_ascension_mode":false,"campfire_choices":[{"data":"Apotheosis","floor":15,"key":"SMITH"}],"circlet_count":0,"master_deck":["Strike_R","Defend_R","Defend_R","Defend_R","Bash","Apotheosis+1","Pummel","Second Wind","Heavy Blade","Ghostly Armor","Flex","Shrug It Off","Clash+1","Perfected Strike+1","Sword Boomerang+1","Ghostly Armor"],"relics":["Burning Blood","Golden Idol","Centennial Puzzle","Eternal Feather","Astrolabe","HornCleat","Sling","InkBottle"],"acts_visited":["Exordium","TheCity"],"potions_floor_usage":[7,12,16,24,25],"damage_taken":[{"damage":5,"enemies":"Jaw Worm","floor":1,"turns":4},{"damage":12,"enemies":"2 Louse","floor":2,"turns":4},{"damage":1,"enemies":"Cultist","floor":4,"turns":5},{"damage":12,"enemies":"Looter","floor":6,"turns":4},{"damage":15,"enemies":"3 Sentries","floor":7,"turns":9},{"damage":6,"enemies":"Large Slime","floor":11,"turns":8},{"damage":7,"enemies":"Blue Slaver","floor":12,"turns":5},{"damage":3,"enemies":"Gremlin Gang","floor":14,"turns":6},{"damage":21,"enemies":"The Guardian","floor":16,"turns":14},{"damage":6,"enemies":"Shell Parasite","floor":18,"turns":8},{"damage":24,"enemies":"3 Byrds","floor":21,"turns":10},{"damage":28,"enemies":"Book of Stabbing","floor":23,"turns":7},{"damage":25,"enemies":"Centurion and Healer","floor":24,"turns":9},{"damage":51,"enemies":"3 Cultists","floor":25,"turns":6}],"seed_played":"-7273517115930207997","potions_obtained":[{"floor":1,"key":"Dexterity Potion"},{"floor":4,"key":"BlessingOfTheForge"},{"floor":12,"key":"ColorlessPotion"},{"floor":21,"key":"BloodPotion"},{"floor":23,"key":"ColorlessPotion"},{"floor":24,"key":"Ancient Potion"}],"is_trial":false,"path_per_floor":["M","M","?","M","?","M","E","$","T","$","M","M","?","M","R","B",null,"M","?","?","M","$","E","M","M"],"character_chosen":"IRONCLAD","items_purchased":["Sling"],"campfire_rested":0,"item_purchase_floors":[22],"current_hp_per_floor":[80,74,63,68,48,42,33,33,33,33,33,32,58,61,70,55,80,80,80,80,62,62,40,37,0,0],"gold":157,"neow_bonus":"RANDOM_COLORLESS_2","is_daily":false,"chose_seed":false,"campfire_upgraded":1,"win_rate":0.0,"timestamp":1608839258,"path_taken":["M","M","?","M","?","M","E","$","T","?","M","?","?","M","R","BOSS","M","?","?","M","?","E","M","M"],"items_purchased_type":["Relic"],"build_version":"2020-12-22","purchased_purges":2,"victory":false,"max_hp_per_floor":[80,80,80,80,80,80,80,80,80,80,80,80,80,80,80,80,80,80,80,80,80,80,80,80,80,80],"card_choices":[{"not_picked":["Secret Weapon","Transmutation"],"picked":"Apotheosis","floor":0},{"not_picked":["Anger","Iron Wave"],"picked":"Pummel","floor":1},{"not_picked":["Iron Wave","Perfected Strike"],"picked":"Second Wind","floor":2},{"not_picked":["Cleave","Clothesline"],"picked":"Heavy Blade","floor":4},{"not_picked":["Anger","Clothesline"],"picked":"Ghostly Armor","floor":6},{"not_picked":["Twin Strike","Fire Breathing"],"picked":"Flex","floor":7},{"not_picked":["Headbutt","Sever Soul","Power Through"],"picked":"SKIP","floor":11},{"not_picked":["Headbutt","Cleave"],"picked":"Shrug It Off","floor":12},{"not_picked":["Anger","Clash","Rampage"],"picked":"SKIP","floor":14},{"not_picked":["Headbutt","Body Slam"],"picked":"Ghostly Armor","floor":18},{"not_picked":["Metallicize+1","Bloodletting","Warcry"],"picked":"SKIP","floor":21},{"not_picked":["Hemokinesis","Fire Breathing","Warcry"],"picked":"SKIP","floor":23},{"not_picked":["Body Slam","True Grit","Warcry"],"picked":"SKIP","floor":24}],"player_experience":22456,"relics_obtained":[{"floor":7,"key":"Centennial Puzzle"},{"floor":9,"key":"Eternal Feather"},{"floor":23,"key":"InkBottle"}],"event_choices":[{"damage_healed":0,"gold_gain":75,"player_choice":"Gather Gold","damage_taken":11,"max_hp_gain":0,"max_hp_loss":0,"event_name":"World of Goop","floor":3,"gold_loss":0},{"damage_healed":0,"gold_gain":0,"player_choice":"Take Damage","damage_taken":20,"relics_obtained":["Golden Idol"],"max_hp_gain":0,"max_hp_loss":0,"event_name":"Golden Idol","floor":5,"gold_loss":0},{"damage_healed":26,"gold_gain":0,"player_choice":"Banana","damage_taken":0,"max_hp_gain":0,"max_hp_loss":0,"event_name":"Big Fish","floor":13,"gold_loss":0},{"damage_healed":0,"gold_gain":0,"player_choice":"Ignored","damage_taken":0,"max_hp_gain":0,"max_hp_loss":0,"event_name":"Ghosts","floor":19,"gold_loss":0},{"damage_healed":0,"gold_gain":0,"player_choice":"Opened","damage_taken":0,"relics_obtained":["HornCleat"],"max_hp_gain":0,"max_hp_loss":0,"event_name":"The Mausoleum","floor":20,"gold_loss":0}],"is_beta":false,"boss_relics":[{"not_picked":["Fusion Hammer","Runic Pyramid"],"picked":"Astrolabe"}],"items_purged_floors":[8,10],"is_endless":false,"potions_floor_spawned":[1,4,12,21,23,24],"killed_by":"3 Cultists","ascension_level":0}}