{"host":"88gj1a6q1iuldet9","time":1608777809,"event":{"mods":["Act Like it!","BaseMod","BetterRewards","Conspire","Downfall","Energized Spire","Gensokyo","GungeonMod","Hubris","KomeijiMod","Magitek Elite","Minty Spire (QoL Compilation)","Quick Restart","Reimu??????","Replay The Spire","Robot Space Explorer","Shop Mod","StSLib","The Clintock","The Dragon Tamer","The Hayseed","The Judge","The Mystic","The Necromancer","The Problem Sleuth","The Runesmith","The Sage","The Vixen","TheArtist","Wandering Minibosses"],"gold_per_floor":[112,112,37,49,124,147,167,61,61,61,74,71,71],"floor_reached":12,"playtime":4748,"items_purged":["Poor:ReiMu"],"score":78,"play_id":"c8047bd0-f16e-4fc8-b952-db867b41b4d7","local_time":"20201223214329","is_ascension_mode":false,"campfire_choices":[{"floor":10,"key":"DIG"}],"circlet_count":0,"master_deck":["Strike_Komeiji","Strike_Komeiji","Strike_Komeiji","Strike_Komeiji","Defend_Komeiji","Defend_Komeiji","Defend_Komeiji","Defend_Komeiji","Dash_Komeiji","DemoMod:TableTechSight","theSleuth:Strike","DochyakuKami+1","KimairaNoYoku","NingyouKisou+1","ShanghaiNingyou+1","SenseofElegance"],"relics":["KomeijisEye","SpellCardsRule","MusicBox","conspire:GiftBox","YidongShenshe:ReiMu","Replay:Bottled Steam","Shovel","DemoMod:MonsterBlood"],"acts_visited":["Exordium"],"potions_floor_usage":[12],"damage_taken":[{"damage":7,"enemies":"2 Louse","floor":1,"turns":4},{"damage":0,"enemies":"Small Slimes","floor":4,"turns":4},{"damage":21,"enemies":"3 Sentries","floor":6,"turns":12},{"damage":0,"enemies":"Jaw Worm","floor":7,"turns":5},{"damage":2,"enemies":"3 Louse","floor":11,"turns":3},{"damage":23,"enemies":"Lagavulin","floor":12,"turns":4}],"seed_played":"-2365877713155130413","potions_obtained":[{"floor":4,"key":"Strength Potion"},{"floor":7,"key":"LiquidBronze"}],"is_trial":false,"path_per_floor":["M","?","$","M","?","E","M","$","T","R","M","E"],"character_chosen":"KomeijiSatori","items_purchased":["ShanghaiNingyou+1"],"campfire_rested":0,"item_purchase_floors":[8],"current_hp_per_floor":[43,43,43,43,32,15,15,15,15,22,20,0,0],"gold":71,"neow_bonus":"ONE_RARE_RELIC","is_daily":false,"chose_seed":false,"campfire_upgraded":0,"win_rate":0.0,"timestamp":1608777809,"path_taken":["M","?","$","M","?","E","M","$","T","R","M","E"],"items_purchased_type":["Card"],"build_version":"2020-12-22","purchased_purges":1,"victory":false,"max_hp_per_floor":[50,50,50,50,50,50,50,50,50,57,57,57,57],"card_choices":[{"not_picked":["YuumeiNoKurin","EverywhereHibernate"],"picked":"WumiGaWareru","floor":0.0},{"not_picked":["NingyouChiyari+1","Sabishigari+1"],"picked":"DochyakuKami+1","floor":1},{"not_picked":["HagoromoMizu","SenyouGoraku+1"],"picked":"KimairaNoYoku","floor":4},{"not_picked":["YoukiSo+1","MusuNoYume"],"picked":"NingyouKisou+1","floor":6},{"not_picked":["ShyakuBuku","MusuNoYume","SenyouGoraku+1"],"picked":"SKIP","floor":7},{"not_picked":["ArtfulChanter","SeekerWire+1"],"picked":"SenseofElegance","floor":11}],"player_experience":911679,"relics_obtained":[{"floor":6,"key":"Replay:Bottled Steam"},{"floor":9,"key":"Shovel"},{"floor":10,"key":"DemoMod:MonsterBlood"}],"event_choices":[{"damage_healed":0,"gold_gain":0,"player_choice":"Take Tiny Shrine away","damage_taken":0,"relics_obtained":["YidongShenshe:ReiMu"],"max_hp_gain":0,"max_hp_loss":0,"event_name":"yidonshenshe","floor":2,"gold_loss":0,"cards_obtained":["Poor:ReiMu"]},{"damage_healed":0,"gold_gain":75,"player_choice":"Gather Gold","damage_taken":11,"max_hp_gain":0,"max_hp_loss":0,"event_name":"World of Goop","floor":5,"gold_loss":0}],"is_beta":false,"boss_relics":[],"items_purged_floors":[3],"is_endless":false,"potions_floor_spawned":[4,7],"killed_by":"Lagavulin","ascension_level":0}}