{"host":"a5lz0e76zb3fcwkm","time":1608814468,"event":{"mods":["AchievementEnabler","BaseMod","Colored Map","Colored Powertips","Minty Spire (QoL Compilation)","StSLib","SuperFastMode"],"gold_per_floor":[113,113,124,142,52,52,80,80,80,90,90,13,13,29,29,102,102,113,113,131,56,71,71,84,84,164,191,207,207,207,234,234,305,305,315,315,265,280,293,318,318,318,318,345,345,345,379,389,389,389,389,389,389,37,71,71],"floor_reached":57,"playtime":2055,"items_purged":["Strike_R"],"score":3006,"play_id":"aa2c7909-b3e9-40c7-87e8-21f650546b55","local_time":"20201224215428","is_ascension_mode":true,"campfire_choices":[{"data":"Shockwave","floor":6.0,"key":"SMITH"},{"data":"Fire Breathing","floor":8.0,"key":"SMITH"},{"data":"Seeing Red","floor":15.0,"key":"SMITH"},{"data":"Offering","floor":23.0,"key":"SMITH"},{"floor":25,"key":"REST"},{"data":"Second Wind","floor":30,"key":"SMITH"},{"floor":32,"key":"REST"},{"floor":42,"key":"RECALL"},{"data":"Fiend Fire","floor":46,"key":"SMITH"},{"data":"Body Slam","floor":49,"key":"SMITH"},{"data":"Feel No Pain","floor":53,"key":"SMITH"}],"circlet_count":0,"master_deck":["AscendersBane","Defend_R+1","Defend_R","Defend_R","Defend_R+1","Bash","Fire Breathing+1","Shockwave+1","Flame Barrier","Seeing Red+1","Offering+1","Battle Trance","Shrug It Off","Second Wind+1","Feel No Pain+1","Fiend Fire+1","True Grit+1","Shrug It Off+1","Body Slam+1","Offering","Panacea","Metamorphosis"],"relics":["Burning Blood","Dead Branch","Singing Bowl","Toy Ornithopter","Sozu","Meat on the Bone","Bag of Preparation","Coffee Dripper","Vajra","PreservedInsect","Lantern","Turnip","Centennial Puzzle"],"acts_visited":["Exordium","TheCity","TheBeyond","TheEnding"],"potions_floor_usage":[56,56],"damage_taken":[{"damage":17.0,"enemies":"Small Slimes","floor":1.0,"turns":5.0},{"damage":14.0,"enemies":"Jaw Worm","floor":3.0,"turns":6.0},{"damage":12.0,"enemies":"2 Louse","floor":4.0,"turns":3.0},{"damage":14.0,"enemies":"3 Sentries","floor":7.0,"turns":4.0},{"damage":5.0,"enemies":"Red Slaver","floor":10.0,"turns":4.0},{"damage":9.0,"enemies":"Lots of Slimes","floor":14.0,"turns":5.0},{"damage":16.0,"enemies":"Slime Boss","floor":16.0,"turns":6.0},{"damage":18.0,"enemies":"Shell Parasite","floor":18.0,"turns":3.0},{"damage":6.0,"enemies":"3 Byrds","floor":20.0,"turns":3.0},{"damage":6.0,"enemies":"Snecko","floor":22.0,"turns":2.0},{"damage":16,"enemies":"3 Cultists","floor":24,"turns":6},{"damage":24,"enemies":"Gremlin Leader","floor":27,"turns":5},{"damage":9,"enemies":"Snake Plant","floor":28,"turns":4},{"damage":15,"enemies":"Slavers","floor":31,"turns":4},{"damage":38,"enemies":"Collector","floor":33,"turns":5},{"damage":8,"enemies":"3 Darklings","floor":35,"turns":3},{"damage":0,"enemies":"3 Shapes","floor":38,"turns":4},{"damage":31,"enemies":"Transient","floor":39,"turns":6},{"damage":6,"enemies":"Reptomancer","floor":40,"turns":4},{"damage":6,"enemies":"Nemesis","floor":44,"turns":3},{"damage":6,"enemies":"Giant Head","floor":47,"turns":5},{"damage":6,"enemies":"Maw","floor":48,"turns":8},{"damage":10,"enemies":"Donu and Deca","floor":50,"turns":7},{"damage":28,"enemies":"Awakened One","floor":51,"turns":10},{"damage":25,"enemies":"Shield and Spear","floor":55,"turns":4},{"damage":53,"enemies":"The Heart","floor":56,"turns":6}],"seed_played":"-8694381816813420334","potions_obtained":[{"floor":3.0,"key":"PowerPotion"},{"floor":4.0,"key":"SpeedPotion"},{"floor":14.0,"key":"Swift Potion"},{"floor":16.0,"key":"LiquidBronze"}],"is_trial":false,"path_per_floor":["M","?","M","M","$","R","E","R","T","M","?","$","?","M","R","B",null,"M","?","M","$","M","R","M","R","T","E","M","?","R","E","R","B",null,"M","?","?","M","M","E","$","R","T","E","$","R","E","M","R","B","B",null,"R","$","E","B",null],"character_chosen":"IRONCLAD","items_purchased":["Shockwave","Seeing Red","Offering","Panacea","Metamorphosis"],"campfire_rested":2,"item_purchase_floors":[5,12,54,54,54],"current_hp_per_floor":[57,57,49,43,43,43,35,35,35,38,31,31,31,30,30,20,59,49,49,49,49,51,51,43,66,66,48,57,57,57,48,71,51,71,69,69,69,77,54,54,54,54,54,56,56,56,56,58,58,54,44,76,76,76,59,34],"gold":71,"neow_bonus":"ONE_RARE_RELIC","is_daily":false,"chose_seed":false,"campfire_upgraded":8,"win_rate":0.0,"timestamp":1608814468,"path_taken":["M","?","M","M","$","R","E","R","T","M","?","?","?","M","R","BOSS","M","?","M","$","?","R","?","R","T","E","M","?","R","E","R","BOSS","M","?","?","M","?","E","$","R","T","E","$","R","E","M","R","BOSS","BOSS","R","$","E","BOSS"],"items_purchased_type":["Card","Card","Card","Card","Card"],"build_version":"2020-12-22","purchased_purges":1,"victory":true,"max_hp_per_floor":[68,68,68,68,68,68,68,68,68,70,70,70,70,72,72,72,72,74,74,74,74,76,76,78,78,78,78,78,78,78,78,78,78,78,78,78,78,80,82,82,82,82,82,84,84,84,84,86,86,86,86,86,86,86,88,88],"card_choices":[{"not_picked":["Havoc","Rampage","Disarm"],"picked":"SKIP","floor":1.0},{"not_picked":["Uppercut","Twin Strike"],"picked":"Fire Breathing","floor":3.0},{"not_picked":["Thunderclap","Cleave","Twin Strike"],"picked":"SKIP","floor":4.0},{"not_picked":["Infernal Blade","Flex"],"picked":"Flame Barrier","floor":7.0},{"not_picked":["Feel No Pain","Havoc","Anger"],"picked":"Singing Bowl","floor":10.0},{"not_picked":["Clash","Heavy Blade","Perfected Strike"],"picked":"Singing Bowl","floor":14.0},{"not_picked":["Immolate","Fiend Fire"],"picked":"Offering","floor":16.0},{"not_picked":["Sword Boomerang+1","Armaments","Bloodletting"],"picked":"Singing Bowl","floor":18.0},{"not_picked":["Clothesline","Rage+1"],"picked":"Battle Trance","floor":20.0},{"not_picked":["Cleave","Clash","Power Through"],"picked":"Singing Bowl","floor":22.0},{"not_picked":["Bloodletting","Wild Strike+1","Cleave"],"picked":"Singing Bowl","floor":24},{"not_picked":["Thunderclap","Warcry"],"picked":"Shrug It Off","floor":27},{"not_picked":["Clash","Armaments"],"picked":"Second Wind","floor":28},{"not_picked":["Twin Strike","Brutality"],"picked":"Feel No Pain","floor":31},{"not_picked":["Demon Form","Barricade"],"picked":"Fiend Fire","floor":33},{"not_picked":["Iron Wave","Fire Breathing"],"picked":"True Grit+1","floor":35},{"not_picked":["True Grit+1","Armaments","Anger"],"picked":"Singing Bowl","floor":38},{"not_picked":["Twin Strike","Sever Soul","Perfected Strike"],"picked":"Singing Bowl","floor":39},{"not_picked":["Clash+1","Flex+1"],"picked":"Shrug It Off+1","floor":40},{"not_picked":["Juggernaut","Pommel Strike+1","Rampage+1"],"picked":"Singing Bowl","floor":44},{"not_picked":["Cleave","Intimidate"],"picked":"Body Slam","floor":47},{"not_picked":["Searing Blow","Shrug It Off","Headbutt"],"picked":"Singing Bowl","floor":48},{"not_picked":["True Grit","Cleave","Dropkick"],"picked":"Singing Bowl","floor":55}],"player_experience":1641346,"relics_obtained":[{"floor":7.0,"key":"Singing Bowl"},{"floor":9.0,"key":"Toy Ornithopter"},{"floor":27,"key":"Meat on the Bone"},{"floor":31,"key":"Bag of Preparation"},{"floor":40,"key":"Vajra"},{"floor":43,"key":"PreservedInsect"},{"floor":44,"key":"Lantern"},{"floor":47,"key":"Turnip"},{"floor":55,"key":"Centennial Puzzle"}],"event_choices":[{"damage_healed":0.0,"max_hp_gain":0.0,"max_hp_loss":0.0,"gold_gain":0.0,"event_name":"Liars Game","player_choice":"Ignored","floor":2.0,"gold_loss":0.0,"damage_taken":0.0},{"cards_removed":["Strike_R"],"damage_healed":0.0,"max_hp_gain":0.0,"max_hp_loss":0.0,"gold_gain":0.0,"event_name":"Golden Wing","player_choice":"Card Removal","floor":11.0,"gold_loss":0.0,"damage_taken":7.0},{"cards_removed":["Strike_R"],"damage_healed":0.0,"max_hp_gain":0.0,"max_hp_loss":0.0,"gold_gain":0.0,"event_name":"Living Wall","player_choice":"Forget","floor":13.0,"gold_loss":0.0,"damage_taken":0.0},{"cards_removed":["Strike_R"],"damage_healed":0.0,"max_hp_gain":0.0,"max_hp_loss":0.0,"gold_gain":0.0,"event_name":"Bonfire Elementals","player_choice":"Offered Basic","floor":19.0,"gold_loss":0.0,"damage_taken":0.0},{"cards_removed":["Strike_R"],"damage_healed":0,"gold_gain":0,"player_choice":"Elegance","damage_taken":0,"max_hp_gain":0,"max_hp_loss":0,"event_name":"Back to Basics","floor":29,"gold_loss":0},{"damage_healed":0,"gold_gain":0,"player_choice":"Ignored","damage_taken":0,"max_hp_gain":0,"max_hp_loss":0,"event_name":"Tomb of Lord Red Mask","floor":36,"gold_loss":0},{"damage_healed":0,"gold_gain":0,"player_choice":"Upgraded Two","damage_taken":0,"max_hp_gain":0,"max_hp_loss":0,"event_name":"Designer","floor":37,"gold_loss":50,"cards_upgraded":["Defend_R","Defend_R"]}],"is_beta":false,"boss_relics":[{"not_picked":["Busted Crown","Tiny House"],"picked":"Sozu"},{"not_picked":["Pandora\u0027s Box","Runic Dome"],"picked":"Coffee Dripper"}],"items_purged_floors":[21],"is_endless":false,"potions_floor_spawned":[3,4,14,16,20,31,33,35,40],"ascension_level":20}}