{"host":"tgr1xoidyjfo4u0n","time":1608809544,"event":{"mods":["Act Like it!","BaseMod","Better Vampires","CapriCore","Colored Powertips","GifTheSpireLib","Highlight Path","Minty Spire (QoL Compilation)","StSLib","The Immortal"],"gold_per_floor":[109,122,132,142,142,170,170,184,208,208,223,223,173,198,198,198,198],"floor_reached":16,"playtime":816,"items_purged":[],"score":118,"play_id":"7f4590ab-bddf-4155-9341-6f88bb145f47","local_time":"20201224193224","is_ascension_mode":true,"campfire_choices":[{"data":"Brutality","floor":7,"key":"SMITH"},{"data":"True Grit","floor":10,"key":"SMITH"},{"data":"True Grit","floor":12,"key":"SMITH"},{"data":"Evolve","floor":15,"key":"SMITH"}],"circlet_count":0,"master_deck":["Strike_R","Strike_R","Strike_R","Strike_R","Defend_R","Defend_R","Defend_R","Defend_R","Bash","Immolate","Evolve+1","Brutality+1","True Grit+1","True Grit+1","Iron Wave","Offering"],"relics":["Burning Blood","Eternal Feather","Strawberry","Lantern","Centennial Puzzle"],"acts_visited":["Exordium"],"potions_floor_usage":[6,6,16],"damage_taken":[{"damage":0.0,"enemies":"Small Slimes","floor":1.0,"turns":2.0},{"damage":0.0,"enemies":"2 Louse","floor":2.0,"turns":1.0},{"damage":11.0,"enemies":"Jaw Worm","floor":3.0,"turns":2.0},{"damage":19.0,"enemies":"Gremlin Gang","floor":4.0,"turns":3.0},{"damage":8,"enemies":"Gremlin Nob","floor":6,"turns":3},{"damage":1,"enemies":"3 Louse","floor":8,"turns":2},{"damage":20,"enemies":"Exordium Thugs","floor":11,"turns":4},{"damage":12,"enemies":"3 Sentries","floor":14,"turns":5},{"damage":60,"enemies":"The Guardian","floor":16,"turns":15}],"seed_played":"3059223451129364622","potions_obtained":[{"floor":2.0,"key":"LiquidMemories"},{"floor":4.0,"key":"Energy Potion"},{"floor":11,"key":"PowerPotion"}],"is_trial":false,"path_per_floor":["M","M","M","M","?","E","R","M","T","R","M","R","?","E","R","B"],"character_chosen":"IRONCLAD","items_purchased":[],"campfire_rested":0,"item_purchase_floors":[],"current_hp_per_floor":[72,72,67,54,42,47,56,61,61,70,56,65,65,59,68,8,8],"gold":198,"neow_bonus":"THREE_RARE_CARDS","is_daily":false,"chose_seed":false,"campfire_upgraded":4,"win_rate":0.0,"timestamp":1608809544,"path_taken":["M","M","M","M","?","E","R","M","T","R","M","R","?","E","R","BOSS"],"items_purchased_type":[],"build_version":"2020-12-22","purchased_purges":0,"victory":false,"max_hp_per_floor":[72,72,72,72,72,79,79,79,79,79,79,79,79,79,79,79,79],"card_choices":[{"not_picked":["Feed","Fiend Fire"],"picked":"Immolate","floor":0.0},{"not_picked":["Heavy Blade","Cleave","Headbutt"],"picked":"SKIP","floor":1.0},{"not_picked":["Pommel Strike","Clash"],"picked":"Evolve","floor":2.0},{"not_picked":["Inflame","Cleave"],"picked":"Brutality","floor":3.0},{"not_picked":["Heavy Blade","Flex"],"picked":"True Grit","floor":4.0},{"not_picked":["Wild Strike","Rupture"],"picked":"True Grit","floor":6},{"not_picked":["Warcry","Anger","Rampage"],"picked":"SKIP","floor":8},{"not_picked":["Warcry","Anger","Rampage"],"picked":"SKIP","floor":8},{"not_picked":["Heavy Blade","Wild Strike"],"picked":"Iron Wave","floor":11},{"not_picked":["True Grit","Rage"],"picked":"Offering","floor":14}],"player_experience":304374,"relics_obtained":[{"floor":6,"key":"Strawberry"},{"floor":9,"key":"Lantern"},{"floor":14,"key":"Centennial Puzzle"}],"event_choices":[{"damage_healed":0.0,"max_hp_gain":0.0,"max_hp_loss":0.0,"gold_gain":0.0,"event_name":"Scrap Ooze","player_choice":"Success","floor":5.0,"gold_loss":0.0,"damage_taken":12.0,"relics_obtained":["Eternal Feather"]},{"cards_removed":["Strike_R"],"damage_healed":0,"gold_gain":0,"player_choice":"Card Removal","damage_taken":0,"max_hp_gain":0,"max_hp_loss":0,"event_name":"The Cleric","floor":13,"gold_loss":50}],"is_beta":false,"boss_relics":[],"items_purged_floors":[],"is_endless":false,"potions_floor_spawned":[2,4,11],"killed_by":"The Guardian","ascension_level":1}}