{"host":"hjw1ay65n7jm40lc","time":1608848389,"event":{"mods":["AchievementEnabler","BaseMod","Block Reminder","Colored Map","Colored Powertips","Downfall","Googly Eyes","Highlight Path","Minty Spire (QoL Compilation)","Quick Restart","Relic Stats","StSLib"],"gold_per_floor":[99,114,29,39,53,53,53,65,165,165,196,196,196,196,210,311,311,236,254,265,14,14,31,31,62,62,97,97,126,126,144,155,255,255,255,275,288,299,299,331,331,343,382,319,351,118,118,118,135,135],"floor_reached":51,"playtime":7260,"items_purged":["Guardian:Strike_Guardian+1"],"score":1378,"play_id":"9e3faa0d-6815-4766-bdc4-0704352758ba","local_time":"20201224171949","is_ascension_mode":true,"campfire_choices":[{"data":"Guardian:TwinSlam","floor":1.0,"key":"SMITH"},{"data":"Guardian:TimeSifter","floor":6,"key":"SMITH"},{"floor":10,"key":"RECALL"},{"data":"Guardian:BaubleBeam","floor":18,"key":"SMITH"},{"floor":30,"key":"REST"},{"data":"Guardian:FierceBash","floor":35,"key":"SMITH"},{"data":"Guardian:CompilePackage","floor":42,"key":"SMITH"},{"data":"Guardian:TimeCapacitor","floor":44,"key":"SMITH"},{"floor":47,"key":"REST"}],"circlet_count":0,"master_deck":["Guardian:Strike_Guardian+1","Guardian:Strike_Guardian+1","Guardian:Defend_Guardian+1","Guardian:Defend_Guardian+1","Guardian:Defend_Guardian+1","Guardian:Defend_Guardian+1","Guardian:CurlUp","Guardian:TwinSlam+1","Guardian:Recover","Guardian:TimeSifter+1","Guardian:TimeCapacitor+1","Guardian:RollAttack","Guardian:StasisField","Guardian:BaubleBeam+1","Guardian:Reroute+1","Guardian:FuturePlans","Guardian:StasisEngine","Guardian:CompilePackage+1","Guardian:Clone","Guardian:FierceBash+1","Guardian:Orbwalk","expansioncontent:CaCaw","expansioncontent:Hexaburn","expansioncontent:TimeRipple","Guardian:DecasProtection+1","Guardian:DonusPower+1"],"relics":["SlaversCollar","Gremlin Horn","Letter Opener","Dead Branch","Snecko Eye","downfall:HeartBlessingRed","Happy Flower","Red Mask","Bottled Tornado","Regal Pillow","CaptainsWheel","Philosopher\u0027s Stone","Question Card","MawBank","Dream Catcher","downfall:HeartBlessingGreen","Guardian:StasisUpgradeRelic","HornCleat","CeramicFish"],"acts_visited":["Exordium","TheCity","TheBeyond"],"potions_floor_usage":[16,25,27,33,45,45,50,50],"damage_taken":[{"damage":0.0,"enemies":"Small Slimes","floor":2.0,"turns":3.0},{"damage":0.0,"enemies":"downfall:FleeingMerchant","floor":3.0,"turns":4.0},{"damage":2.0,"enemies":"2 Louse","floor":4.0,"turns":3.0},{"damage":7,"enemies":"Jaw Worm","floor":5,"turns":4},{"damage":2,"enemies":"Large Slime","floor":8,"turns":9},{"damage":15,"enemies":"Lagavulin","floor":11,"turns":6},{"damage":12,"enemies":"Exordium Thugs","floor":15,"turns":3},{"damage":26,"enemies":"downfall:Defect","floor":16,"turns":8},{"damage":4,"enemies":"3 Byrds","floor":19,"turns":2},{"damage":0,"enemies":"Snecko","floor":20,"turns":3},{"damage":0,"enemies":"downfall:FleeingMerchant","floor":21,"turns":4},{"damage":5,"enemies":"Centurion and Healer","floor":23,"turns":3},{"damage":0,"enemies":"Masked Bandits","floor":25,"turns":3},{"damage":0,"enemies":"Gremlin Leader","floor":27,"turns":3},{"damage":14,"enemies":"Book of Stabbing","floor":29,"turns":5},{"damage":0,"enemies":"3 Cultists","floor":31,"turns":3},{"damage":0,"enemies":"Snecko","floor":32,"turns":3},{"damage":0,"enemies":"downfall:Watcher","floor":33,"turns":5},{"damage":0,"enemies":"Orb Walker","floor":36,"turns":3},{"damage":3,"enemies":"3 Darklings","floor":37,"turns":2},{"damage":8,"enemies":"Transient","floor":38,"turns":5},{"damage":0,"enemies":"Reptomancer","floor":40,"turns":1},{"damage":6,"enemies":"Giant Head","floor":43,"turns":2},{"damage":0,"enemies":"Spire Growth","floor":45,"turns":2},{"damage":0,"enemies":"downfall:FleeingMerchant","floor":46,"turns":3},{"damage":2,"enemies":"3 Darklings","floor":49,"turns":2},{"damage":6,"enemies":"downfall:Ironclad","floor":50,"turns":4}],"seed_played":"-3453957077689105528","potions_obtained":[{"floor":4.0,"key":"AttackPotion"},{"floor":5,"key":"LiquidMemories"},{"floor":8,"key":"BlessingOfTheForge"},{"floor":23,"key":"EssenceOfSteel"},{"floor":27,"key":"champ:CounterPotion"},{"floor":31,"key":"ColorlessPotion"},{"floor":33,"key":"BlessingOfTheForge"},{"floor":40,"key":"DistilledChaos"},{"floor":49,"key":"SkillPotion"}],"is_trial":false,"path_per_floor":["R","M","$","M","M","R","T","M","?","R","E","?","?","?","M","B",null,"R","M","M","$","?","M","T","?","T","E","?","E","R","M","M","B",null,"R","M","M","M","?","E","T","R","E","R","M","$","R","T","M","B",null],"character_chosen":"GUARDIAN","items_purchased":["Guardian:TimeCapacitor","Guardian:StasisEngine","Guardian:Gem_Fragmented","Guardian:StasisUpgradeRelic","HornCleat","Strength Potion","SkillPotion"],"campfire_rested":2,"item_purchase_floors":[3,21,21,46,46,46,46],"current_hp_per_floor":[72,72,72,70,63,63,63,61,61,61,46,39,65,65,53,27,67,67,63,63,63,63,58,58,58,58,58,58,44,80,80,80,80,80,80,80,77,69,59,59,59,59,53,53,53,53,80,80,78,72],"gold":135,"neow_bonus":"BOSS_RELIC","is_daily":false,"chose_seed":false,"campfire_upgraded":6,"win_rate":0.0,"timestamp":1608848389,"path_taken":["R","M","$","M","M","R","T","M","?","R","E","?","?","?","M","BOSS","R","M","M","$","?","M","T","?","?","E","?","E","R","M","M","BOSS","R","M","M","M","?","E","T","R","E","R","M","$","R","?","M","BOSS"],"items_purchased_type":["Card","Card","Card","Relic","Relic","Potion","Potion"],"build_version":"2020-12-22","purchased_purges":1,"victory":true,"max_hp_per_floor":[80,80,80,80,80,80,80,80,80,80,80,80,80,80,80,80,80,80,80,80,80,80,80,80,80,80,80,80,80,80,80,80,80,80,80,80,80,80,80,80,80,80,80,80,80,80,80,80,80,80],"relic_stats":{"Regal Pillow":15,"Dream Catcher":1,"Gremlin Horn":[17,17],"Happy Flower":[15],"counters":[27,98],"Dead Branch":[212],"CeramicFish":0,"Snecko Eye":[135,140,114,129],"Letter Opener":[509],"Question Card":5,"MawBank":60,"obtain_stats":[{"Regal Pillow":27,"Gremlin Horn":7,"downfall:HeartBlessingRed":18,"Happy Flower":24,"Dead Branch":12,"CeramicFish":48,"Guardian:ModeShifter":0,"downfall:HeartBlessingGreen":44,"Letter Opener":11,"Bottled Tornado":26,"Question Card":40,"MawBank":41,"SlaversCollar":0,"Guardian:StasisUpgradeRelic":46,"CaptainsWheel":29,"Dream Catcher":43,"HornCleat":46,"Snecko Eye":17,"Philosopher\u0027s Stone":34,"Red Mask":25},{"Regal Pillow":14,"Gremlin Horn":4,"downfall:HeartBlessingRed":8,"Happy Flower":12,"Dead Branch":6,"CeramicFish":25,"Guardian:ModeShifter":0,"downfall:HeartBlessingGreen":23,"Letter Opener":6,"Bottled Tornado":13,"Question Card":22,"MawBank":22,"SlaversCollar":0,"Guardian:StasisUpgradeRelic":25,"CaptainsWheel":15,"Dream Catcher":23,"HornCleat":25,"Snecko Eye":8,"Philosopher\u0027s Stone":18,"Red Mask":13},{"Regal Pillow":58,"Gremlin Horn":14,"downfall:HeartBlessingRed":40,"Happy Flower":52,"Dead Branch":29,"CeramicFish":92,"Guardian:ModeShifter":0,"downfall:HeartBlessingGreen":87,"Letter Opener":29,"Bottled Tornado":55,"Question Card":85,"MawBank":85,"SlaversCollar":0,"Guardian:StasisUpgradeRelic":92,"CaptainsWheel":63,"Dream Catcher":87,"HornCleat":92,"Snecko Eye":40,"Philosopher\u0027s Stone":74,"Red Mask":55}]},"card_choices":[{"not_picked":["Guardian:VentSteam","Guardian:Gem_Lightblue"],"picked":"Guardian:Recover","floor":2.0},{"not_picked":["Guardian:Reroute","Guardian:ArmoredProtocol"],"picked":"Guardian:TimeSifter","floor":3.0},{"not_picked":["Guardian:Gem_Lightblue","Guardian:PiercingHide"],"picked":"Guardian:Gem_Blue","floor":4.0},{"not_picked":["Guardian:PolyBeam","Guardian:Recover"],"picked":"Guardian:Gem_Cyan","floor":5},{"not_picked":["Guardian:PolyBeam","Guardian:TemporalStrike"],"picked":"Guardian:RollAttack","floor":8},{"not_picked":["Guardian:Gem_Red","Guardian:Harden"],"picked":"Guardian:StasisField","floor":11},{"not_picked":["Guardian:TemporalStrike","Guardian:Suspension"],"picked":"Guardian:Gem_Cyan","floor":15},{"not_picked":["Guardian:ExploitGems","Guardian:FastForward"],"picked":"Guardian:BaubleBeam","floor":16},{"not_picked":["Guardian:TimeCapacitor","Guardian:Gem_Green"],"picked":"Guardian:Reroute+1","floor":19},{"not_picked":["Guardian:RollAttack+1","Guardian:SpikerProtocol"],"picked":"Guardian:Gem_Cyan","floor":20},{"not_picked":["Guardian:RefractedBeam","Guardian:ChargeCore"],"picked":"Guardian:FuturePlans","floor":21},{"not_picked":["Guardian:Gem_Green","Guardian:Incinerate","Guardian:PiercingHide"],"picked":"SKIP","floor":23},{"not_picked":["Guardian:Incinerate+1","Guardian:Reroute"],"picked":"Guardian:Gem_Yellow","floor":25},{"not_picked":["Guardian:Suspension+1","Guardian:Recover+1","Guardian:PiercingHide"],"picked":"SKIP","floor":27},{"not_picked":["Guardian:CrystalBeam","Guardian:Gem_Cyan"],"picked":"Guardian:CompilePackage","floor":29},{"not_picked":["Guardian:ChargeCore+1","Guardian:SpikerProtocol"],"picked":"Guardian:Clone","floor":31},{"not_picked":["Guardian:WalkerClaw","Guardian:PrimingBeam","Guardian:Recover"],"picked":"SKIP","floor":32},{"not_picked":["Guardian:GatlingBeam","Guardian:ConstructionForm"],"picked":"Guardian:FierceBash","floor":33},{"not_picked":["Guardian:Reroute","Guardian:Suspension","Guardian:Gem_Purple"],"picked":"SKIP","floor":36},{"not_picked":["Guardian:FloatingOrbs","Guardian:ShieldCharger+1"],"picked":"Guardian:Orbwalk","floor":37},{"not_picked":["Guardian:PiercingHide","Guardian:SpikerProtocol+1","Guardian:ChargeCore"],"picked":"SKIP","floor":38},{"not_picked":["expansioncontent:PolyBeam","expansioncontent:DefensiveStance"],"picked":"expansioncontent:CaCaw","floor":39},{"not_picked":["expansioncontent:Torchfire","expansioncontent:SuperHexaguard"],"picked":"expansioncontent:Hexaburn","floor":39},{"not_picked":["expansioncontent:DarkVoid","expansioncontent:PrepareCrush"],"picked":"expansioncontent:TimeRipple","floor":39},{"not_picked":["Guardian:TemporalStrike","Guardian:Preprogram","Guardian:RefractedBeam+1"],"picked":"SKIP","floor":40},{"not_picked":["Guardian:ConstructionForm","Guardian:PolyBeam","Guardian:WalkerClaw","Guardian:Incinerate+1"],"picked":"SKIP","floor":43},{"not_picked":["Guardian:WalkerClaw","Guardian:VentSteam","Guardian:Reroute"],"picked":"Guardian:DecasProtection+1","floor":45},{"not_picked":["Guardian:Gem_Cyan","Guardian:Gem_Lightblue","Guardian:PolyBeam","Guardian:Repulse+1"],"picked":"SKIP","floor":46},{"not_picked":["Guardian:VentSteam","Guardian:PrimingBeam","Guardian:Planning+1"],"picked":"Guardian:DonusPower+1","floor":47},{"not_picked":["Guardian:TemporalShield","Guardian:CrystalBeam+1","Guardian:TemporalStrike","Guardian:PrimingBeam"],"picked":"SKIP","floor":49},{"not_picked":["Guardian:TemporalShield","Guardian:CrystalBeam+1","Guardian:TemporalStrike","Guardian:PrimingBeam"],"picked":"SKIP","floor":49}],"player_experience":555244,"relics_obtained":[{"floor":7,"key":"Gremlin Horn"},{"floor":11,"key":"Letter Opener"},{"floor":24,"key":"Happy Flower"},{"floor":25,"key":"Red Mask"},{"floor":26,"key":"Bottled Tornado"},{"floor":27,"key":"Regal Pillow"},{"floor":29,"key":"CaptainsWheel"},{"floor":40,"key":"Question Card"},{"floor":41,"key":"MawBank"},{"floor":43,"key":"Dream Catcher"},{"floor":48,"key":"CeramicFish"}],"event_choices":[{"damage_healed":0,"gold_gain":0,"player_choice":"Success","damage_taken":7,"relics_obtained":["Dead Branch"],"max_hp_gain":0,"max_hp_loss":0,"event_name":"Scrap Ooze","floor":12,"gold_loss":0},{"damage_healed":26,"gold_gain":0,"player_choice":"Banana","damage_taken":0,"max_hp_gain":0,"max_hp_loss":0,"event_name":"Big Fish","floor":13,"gold_loss":0},{"damage_healed":0,"gold_gain":0,"player_choice":"Simplicity","damage_taken":0,"max_hp_gain":0,"max_hp_loss":0,"event_name":"Back to Basics","floor":22,"gold_loss":0,"cards_upgraded":["Guardian:Strike_Guardian","Guardian:Strike_Guardian","Guardian:Strike_Guardian","Guardian:Defend_Guardian","Guardian:Defend_Guardian","Guardian:Defend_Guardian","Guardian:Defend_Guardian"]},{"damage_healed":0,"gold_gain":0,"player_choice":"Fought Bandits","damage_taken":0,"max_hp_gain":0,"max_hp_loss":0,"event_name":"Masked Bandits","floor":25,"gold_loss":0},{"damage_healed":0,"gold_gain":0,"player_choice":"Ignored","damage_taken":0,"max_hp_gain":0,"max_hp_loss":0,"event_name":"Ghosts","floor":28,"gold_loss":0}],"is_beta":false,"boss_relics":[{"not_picked":["Guardian:StasisSlotReductionRelic","Astrolabe"],"picked":"Snecko Eye"},{"not_picked":["Velvet Choker","Black Star"],"picked":"Philosopher\u0027s Stone"}],"items_purged_floors":[46],"is_endless":false,"potions_floor_spawned":[4,5,8,11,15,23,27,31,32,33,40,49],"ascension_level":8}}