{"host":"id4dtnaxob941dwk","time":1608849417,"event":{"mods":["AchievementEnabler","BaseMod","BetterRewards","Colored Powertips","Minty Spire (QoL Compilation)","Quick Restart","Rare Cards Sparkle","Replay The Spire","StSLib","Synergy Search","The Construct"],"gold_per_floor":[111,30,41,116,116,116,146,165,165,165,185,218,218,234,234,335,335,345,359,49,59,71,71,71,71,71,71,71,144,144,177,177,295,295,332,0,36,36,69,69,112,112,112,112,152,176,39,78,78,84,84],"floor_reached":50,"playtime":8826,"items_purged":["construct:Strike_Gold","ReplayTheSpireMod:Splinters"],"score":532,"play_id":"44db3452-b2c7-4ff4-a387-39a1c30d0f71","local_time":"20201224203657","is_ascension_mode":false,"campfire_choices":[{"data":"construct:AttackMode","floor":6.0,"key":"SMITH"},{"data":"Pot Of Greed","floor":10.0,"key":"SMITH"},{"data":"Pot Of Greed","floor":13.0,"key":"SMITH"},{"floor":15.0,"key":"REST"},{"floor":23.0,"key":"REST"},{"data":"Apotheosis","floor":25.0,"key":"SMITH"},{"data":"Pot Of Greed","floor":28.0,"key":"SMITH"},{"data":"construct:Overcharge","floor":32.0,"key":"SMITH"},{"data":"construct:ClockworkEgg","floor":40.0,"key":"SMITH"},{"floor":42.0,"key":"REST"}],"circlet_count":0,"master_deck":["construct:Strike_Gold","construct:Strike_Gold","construct:Strike_Gold","construct:Defend_Gold","construct:Defend_Gold","construct:Defend_Gold","construct:Defend_Gold","construct:Defend_Gold","construct:AttackMode+1","construct:DefenseMode","construct:FocusedBeam","construct:PointDefense","construct:Failsafe","construct:Backup","construct:Autoturret+1","Pot Of Greed+1","Pot Of Greed+1","construct:ShiftStrike","construct:Overcharge+1","construct:FlameCore","construct:Reserves","construct:LaserCore","Apotheosis+1","construct:ScopeCore","Pot Of Greed+1","construct:SweepLaser+1","construct:ShiftStrike","construct:ForceCore","construct:Enhance","construct:ScrapCannon+1","Madness+1"],"relics":["construct:Cogwheel","NeowsBlessing","Mummified Hand","Grinning Jar","Smiling Mask","Busted Crown","Replay:Bandana","Centennial Puzzle","construct:ClawGrip","Red Mask","Molten Egg 2","Toxic Egg 2","Frozen Egg 2","construct:ClockworkPhoenix","Torii","Lizard Tail"],"acts_visited":["Exordium","TheCity","TheBeyond"],"potions_floor_usage":[50],"damage_taken":[{"damage":0.0,"enemies":"Jaw Worm","floor":1.0,"turns":1.0},{"damage":0.0,"enemies":"Small Slimes","floor":3.0,"turns":2.0},{"damage":0.0,"enemies":"Replay:BlueRogue","floor":7.0,"turns":1.0},{"damage":2.0,"enemies":"Cultist","floor":8.0,"turns":4.0},{"damage":18.0,"enemies":"Exordium Thugs","floor":11.0,"turns":5.0},{"damage":30.0,"enemies":"Gremlin Nob","floor":12.0,"turns":4.0},{"damage":10.0,"enemies":"2 Fungi Beasts","floor":14.0,"turns":3.0},{"damage":29.0,"enemies":"The Guardian","floor":16.0,"turns":8.0},{"damage":12.0,"enemies":"Chosen","floor":18.0,"turns":4.0},{"damage":28.0,"enemies":"Shell Parasite","floor":19.0,"turns":5.0},{"damage":13.0,"enemies":"Snake Plant","floor":21.0,"turns":2.0},{"damage":20.0,"enemies":"Centurion and Healer","floor":22.0,"turns":4.0},{"damage":10.0,"enemies":"Chosen and Byrds","floor":31.0,"turns":3.0},{"damage":22.0,"enemies":"Automaton","floor":33.0,"turns":6.0},{"damage":24.0,"enemies":"3 Darklings","floor":35.0,"turns":3.0},{"damage":29.0,"enemies":"3 Shapes","floor":37.0,"turns":3.0},{"damage":12.0,"enemies":"Spire Growth","floor":39.0,"turns":3.0},{"damage":14.0,"enemies":"Nemesis","floor":41.0,"turns":6.0},{"damage":7.0,"enemies":"Jaw Worm Horde","floor":45.0,"turns":3.0},{"damage":14.0,"enemies":"Sphere and 2 Shapes","floor":46.0,"turns":6.0},{"damage":2.0,"enemies":"4 Shapes","floor":48.0,"turns":5.0},{"damage":94,"enemies":"Time Eater","floor":50,"turns":8}],"seed_played":"-1590437904160161804","potions_obtained":[{"floor":3.0,"key":"ColorlessPotion"},{"floor":5.0,"key":"Cursed Concoction"},{"floor":5.0,"key":"EssenceOfSteel"},{"floor":5.0,"key":"DuplicationPotion"},{"floor":16.0,"key":"Fire Potion"},{"floor":18.0,"key":"AttackPotion"},{"floor":35.0,"key":"SkillPotion"},{"floor":37.0,"key":"Adrenaline Potion"},{"floor":45.0,"key":"Weak Potion"}],"is_trial":false,"path_per_floor":["M","$","M","?","?","R","E","M","T","R","M","E","R","M","R","B",null,"M","M","$","M","M","R","?","R","T","?","R","?","?","M","R","B",null,"M","?","M","$","M","R","E","R","T","?","M","M","$","M","R","B"],"character_chosen":"THE_CONSTRUCT_MOD","items_purchased":["construct:PointDefense","Apotheosis","construct:ScopeCore","Madness+1"],"campfire_rested":3,"item_purchase_floors":[2,20,20,47],"current_hp_per_floor":[85,85,85,74,74,74,74,72,72,72,54,24,24,14,39,10,85,73,45,45,32,12,37,65,65,65,65,65,65,65,55,55,33,85,61,61,32,32,20,20,6,31,31,31,24,10,10,8,33,0,0],"gold":84,"neow_bonus":"THREE_ENEMY_KILL","is_daily":false,"chose_seed":false,"campfire_upgraded":7,"win_rate":0.0,"timestamp":1608849417,"path_taken":["M","$","M","?","?","R","E","M","T","R","?","E","R","M","R","BOSS","M","M","$","M","M","R","?","R","T","?","R","?","?","M","R","BOSS","M","?","M","$","M","R","E","R","T","?","M","M","$","M","R","BOSS"],"items_purchased_type":["Card","Card","Card","Card"],"build_version":"2020-12-22","purchased_purges":2,"victory":false,"max_hp_per_floor":[85,85,85,85,85,85,85,85,85,85,85,85,85,85,85,85,85,85,85,85,85,85,85,85,85,85,85,85,85,85,85,85,85,85,85,85,85,85,85,85,85,85,85,85,85,85,85,85,85,85,85],"card_choices":[{"not_picked":["construct:Anticipate","construct:ScrapCannon"],"picked":"construct:FocusedBeam","floor":1.0},{"not_picked":["construct:Analyze","construct:Electrocute"],"picked":"construct:Failsafe","floor":3.0},{"not_picked":["construct:Backfire","construct:HyperBeam"],"picked":"construct:Backup","floor":7.0},{"not_picked":["construct:FierceBash","construct:Versatility"],"picked":"construct:Autoturret","floor":8.0},{"not_picked":["construct:SyphonStrike","construct:ClusterMines"],"picked":"construct:ShiftStrike","floor":11.0},{"not_picked":["construct:Dampening","construct:ModeShift"],"picked":"construct:Overcharge","floor":12.0},{"not_picked":["construct:ClusterMines","construct:HeavyBolt"],"picked":"construct:FlameCore","floor":14.0},{"not_picked":["construct:GoldenBullet","construct:PanicFire"],"picked":"construct:Reserves","floor":16.0},{"not_picked":[],"picked":"construct:LaserCore","floor":18.0},{"not_picked":["construct:Versatility"],"picked":"SKIP","floor":19.0},{"not_picked":["construct:HardReboot"],"picked":"SKIP","floor":21.0},{"not_picked":[],"picked":"construct:SweepLaser+1","floor":22.0},{"not_picked":[],"picked":"construct:ShiftStrike","floor":29.0},{"not_picked":[],"picked":"construct:ForceCore","floor":29.0},{"not_picked":["construct:VentSteam"],"picked":"SKIP","floor":31.0},{"not_picked":[],"picked":"construct:ClockworkEgg","floor":33.0},{"not_picked":[],"picked":"construct:Enhance","floor":35.0},{"not_picked":["construct:SaveState"],"picked":"SKIP","floor":37.0},{"not_picked":["construct:HardReboot"],"picked":"SKIP","floor":39.0},{"not_picked":[],"picked":"construct:ScrapCannon+1","floor":41.0},{"not_picked":["construct:ShiftStrike+1"],"picked":"SKIP","floor":45.0},{"not_picked":["construct:Versatility+1"],"picked":"SKIP","floor":46.0},{"not_picked":["construct:OneWayMirror+1"],"picked":"SKIP","floor":48.0}],"player_experience":173592,"relics_obtained":[{"floor":7.0,"key":"Mummified Hand"},{"floor":9.0,"key":"Grinning Jar"},{"floor":12.0,"key":"Smiling Mask"},{"floor":26.0,"key":"Replay:Bandana"},{"floor":29.0,"key":"Centennial Puzzle"},{"floor":41.0,"key":"Torii"},{"floor":43.0,"key":"Lizard Tail"}],"event_choices":[{"damage_healed":0.0,"max_hp_gain":0.0,"max_hp_loss":0.0,"gold_gain":75.0,"event_name":"World of Goop","player_choice":"Gather Gold","floor":4.0,"gold_loss":0.0,"damage_taken":11.0},{"damage_healed":0.0,"max_hp_gain":0.0,"max_hp_loss":0.0,"gold_gain":0.0,"event_name":"Lab","player_choice":"Got Potions","floor":5.0,"gold_loss":0.0,"damage_taken":0.0},{"damage_healed":28.0,"max_hp_gain":0.0,"max_hp_loss":0.0,"gold_gain":0.0,"event_name":"The Library","player_choice":"Heal","floor":24.0,"gold_loss":0.0,"damage_taken":0.0},{"damage_healed":0.0,"max_hp_gain":0.0,"max_hp_loss":0.0,"gold_gain":0.0,"event_name":"Vampires","player_choice":"Ignored","floor":27.0,"gold_loss":0.0,"damage_taken":0.0},{"damage_healed":0.0,"max_hp_gain":0.0,"max_hp_loss":0.0,"gold_gain":0.0,"event_name":"Cursed Tome","player_choice":"Ignored","floor":30.0,"gold_loss":0.0,"damage_taken":0.0},{"damage_healed":0.0,"max_hp_gain":0.0,"max_hp_loss":0.0,"gold_gain":0.0,"event_name":"Tomb of Lord Red Mask","player_choice":"Paid","floor":36.0,"gold_loss":332.0,"damage_taken":0.0,"relics_obtained":["Red Mask"]},{"cards_removed":["construct:Strike_Gold"],"damage_healed":0.0,"max_hp_gain":0.0,"max_hp_loss":0.0,"gold_gain":0.0,"event_name":"Falling","player_choice":"Removed Attack","floor":44.0,"gold_loss":0.0,"damage_taken":0.0}],"is_beta":false,"boss_relics":[{"not_picked":["Runic Dome","Pandora\u0027s Box"],"picked":"Busted Crown"},{"not_picked":["Astrolabe","Ring of Chaos"],"picked":"construct:ClawGrip"}],"items_purged_floors":[20,47],"is_endless":false,"potions_floor_spawned":[3,7,16,18,35,37,45],"killed_by":"Time Eater","ascension_level":0}}