{"host":"d50bw6kybq14xu1u","time":1608821654,"event":{"mods":["BaseMod","Colored Map","Colored Powertips","Minty Spire (QoL Compilation)","Quick Restart"],"gold_per_floor":[115,182,198,373,384,409,409,429,429,448,448,448],"floor_reached":11,"playtime":247,"items_purged":[],"score":79,"play_id":"a986dcf7-aa9b-4520-88a8-0a89798175d4","local_time":"20201224225414","is_ascension_mode":true,"campfire_choices":[],"circlet_count":0,"master_deck":["Strike_R","Strike_R","Strike_R","Strike_R","Strike_R","Defend_R","Bash","Dropkick+1","Power Through+1","Feed+1","Pommel Strike","Flex","Doubt","Iron Wave","Clothesline+1","Spot Weakness+1"],"relics":["Astrolabe","Pocketwatch","Molten Egg 2","Toxic Egg 2"],"acts_visited":["Exordium"],"potions_floor_usage":[],"damage_taken":[{"damage":8,"enemies":"Small Slimes","floor":1,"turns":4},{"damage":11,"enemies":"Jaw Worm","floor":3,"turns":2},{"damage":0,"enemies":"Cultist","floor":5,"turns":2},{"damage":25,"enemies":"Gremlin Nob","floor":6,"turns":5},{"damage":12,"enemies":"Blue Slaver","floor":8,"turns":2},{"damage":10,"enemies":"Looter","floor":10,"turns":2},{"damage":21,"enemies":"Lagavulin","floor":11,"turns":4}],"seed_played":"3843484772419181588","potions_obtained":[{"floor":1,"key":"AttackPotion"},{"floor":3,"key":"Ancient Potion"},{"floor":5,"key":"CultistPotion"},{"floor":10,"key":"BlessingOfTheForge"}],"is_trial":false,"path_per_floor":["M","?","M","?","M","E","?","M","T","M","E"],"character_chosen":"IRONCLAD","items_purchased":[],"campfire_rested":0,"item_purchase_floors":[],"current_hp_per_floor":[76,76,65,65,65,40,37,25,25,19,0,0],"gold":448,"neow_bonus":"BOSS_RELIC","is_daily":false,"chose_seed":false,"campfire_upgraded":0,"win_rate":0.0,"timestamp":1608821654,"path_taken":["M","?","M","?","M","E","?","?","T","M","E"],"items_purchased_type":[],"build_version":"2020-12-22","purchased_purges":0,"victory":false,"max_hp_per_floor":[84,84,84,84,84,84,84,84,84,88,88,88],"card_choices":[{"not_picked":["Hemokinesis","Sword Boomerang"],"picked":"Pommel Strike","floor":1},{"not_picked":["Rage","Metallicize"],"picked":"Flex","floor":3},{"not_picked":["Anger","Heavy Blade"],"picked":"Iron Wave","floor":5},{"not_picked":["Body Slam","Heavy Blade","Feed"],"picked":"SKIP","floor":6},{"not_picked":["Shrug It Off","Infernal Blade"],"picked":"Clothesline+1","floor":8},{"not_picked":["Searing Blow+1","Sword Boomerang+1"],"picked":"Spot Weakness+1","floor":10}],"player_experience":5700,"relics_obtained":[{"floor":6,"key":"Pocketwatch"},{"floor":9,"key":"Toxic Egg 2"}],"event_choices":[{"damage_healed":0,"gold_gain":67,"player_choice":"Gained Gold","damage_taken":0,"max_hp_gain":0,"max_hp_loss":0,"event_name":"Golden Wing","floor":2,"gold_loss":0},{"damage_healed":0,"gold_gain":175,"player_choice":"AGREE","damage_taken":0,"max_hp_gain":0,"max_hp_loss":0,"event_name":"Liars Game","floor":4,"gold_loss":0,"cards_obtained":["Doubt"]},{"damage_healed":0,"gold_gain":0,"player_choice":"Success","damage_taken":3,"relics_obtained":["Molten Egg 2"],"max_hp_gain":0,"max_hp_loss":0,"event_name":"Scrap Ooze","floor":7,"gold_loss":0}],"is_beta":false,"boss_relics":[],"items_purged_floors":[],"is_endless":false,"potions_floor_spawned":[1,3,5,10],"killed_by":"Lagavulin","ascension_level":1}}