{"host":"cjhtzh7tp54jdfyv","time":1608831074,"event":{"mods":["AchievementEnabler","BaseMod","Colored Map","Colored Powertips","Curses Come First","DeckTracker","Filter the Spire","Minty Spire (QoL Compilation)","RNG Fix","Relic Sorter","Relic Stats","StSLib","The Cursed","Waifu the Spire","ojb\u0027s Better Paths Mod","ojb\u0027s Info Mod"],"gold_per_floor":[361,375,375,8,21,49,49,64,64,84,115,115,142,64,64,143,143,163,179,179,179,179,212,137,148,174,206,206,234,234,251,251,325,325,337,349,367,14,33,33,50,50,50],"floor_reached":42,"playtime":5031,"items_purged":["TheCursedMod:Torture","Pain"],"score":1086,"play_id":"2116da80-aa82-4ae5-a906-b3afc914bd59","local_time":"20201224123114","is_ascension_mode":true,"campfire_choices":[{"data":"TheCursedMod:CleanUpWorkshop","floor":7.0,"key":"SMITH"},{"data":"TheCursedMod:PrepareRite","floor":15.0,"key":"SMITH"},{"floor":28.0,"key":"REST"},{"data":"TheCursedMod:CircleOfWindfury","floor":30.0,"key":"SMITH"},{"data":"Regret","floor":32.0,"key":"PURGE"},{"floor":40,"key":"REST"}],"circlet_count":0,"master_deck":["AscendersBane","TheCursedMod:CursedWand","TheCursedMod:CleanUpWorkshop+1","TheCursedMod:Dregs","TheCursedMod:SurpriseAttack","TheCursedMod:SoulCrush","TheCursedMod:HellfireBreathing","TheCursedMod:Stretching","TheCursedMod:Hemoplague","TheCursedMod:SpitefulPlan+1","TheCursedMod:PrepareRite+1","TheCursedMod:LuckyCharm","TheCursedMod:ManaCirculation","TheCursedMod:ReleasedKnowledge","TheCursedMod:PrepareRite","TheCursedMod:CollectTribute","TheCursedMod:ReleasedStrength","TheCursedMod:CircleOfWindfury+1","TheCursedMod:NeowsMight","TheCursedMod:Mangle","TheCursedMod:CursedAmulet","TheCursedMod:Obscuration","TheCursedMod:SpitefulPlan","TheCursedMod:RapidMovement","TheCursedMod:AntiAging","TheCursedMod:CursedAmulet+1","TheCursedMod:RapidMovement"],"relics":["TheCursedMod:BlackMagic101","OrangePellets","PreservedInsect","Pantograph","Dream Catcher","Odd Mushroom","Pandora\u0027s Box","WarpedTongs","HornCleat","Regal Pillow","Peace Pipe","Mercury Hourglass","Philosopher\u0027s Stone","Frozen Eye"],"acts_visited":["Exordium","TheCity","TheBeyond"],"potions_floor_usage":[41],"damage_taken":[{"damage":19.0,"enemies":"Jaw Worm","floor":1.0,"turns":5.0},{"damage":4.0,"enemies":"2 Louse","floor":2.0,"turns":3.0},{"damage":4.0,"enemies":"Cultist","floor":5.0,"turns":3.0},{"damage":1.0,"enemies":"Gremlin Nob","floor":6.0,"turns":3.0},{"damage":6.0,"enemies":"3 Louse","floor":8.0,"turns":4.0},{"damage":3.0,"enemies":"Large Slime","floor":10.0,"turns":6.0},{"damage":13.0,"enemies":"Lagavulin","floor":11.0,"turns":7.0},{"damage":12.0,"enemies":"The Mushroom Lair","floor":13.0,"turns":4.0},{"damage":13.0,"enemies":"Hexaghost","floor":16.0,"turns":9.0},{"damage":25.0,"enemies":"3 Byrds","floor":18.0,"turns":4.0},{"damage":18.0,"enemies":"Spheric Guardian","floor":19.0,"turns":5.0},{"damage":24.0,"enemies":"Slavers","floor":23.0,"turns":3.0},{"damage":4.0,"enemies":"Centurion and Healer","floor":25.0,"turns":6.0},{"damage":13.0,"enemies":"Book of Stabbing","floor":27.0,"turns":5.0},{"damage":35.0,"enemies":"Slavers","floor":29.0,"turns":6.0},{"damage":12.0,"enemies":"Snecko","floor":31.0,"turns":5.0},{"damage":3.0,"enemies":"Collector","floor":33.0,"turns":3.0},{"damage":52.0,"enemies":"3 Shapes","floor":35.0,"turns":5.0},{"damage":2.0,"enemies":"3 Darklings","floor":36.0,"turns":4.0},{"damage":17.0,"enemies":"4 Shapes","floor":37.0,"turns":4.0},{"damage":0,"enemies":"Maw","floor":39,"turns":3},{"damage":46,"enemies":"Sphere and 2 Shapes","floor":41,"turns":4},{"damage":13,"enemies":"Reptomancer","floor":42,"turns":2}],"seed_played":"8152473621266715670","potions_obtained":[{"floor":3.0,"key":"LiquidMemories"},{"floor":3.0,"key":"EssenceOfSteel"},{"floor":5.0,"key":"Explosive Potion"},{"floor":10.0,"key":"ColorlessPotion"},{"floor":11.0,"key":"Weak Potion"},{"floor":13.0,"key":"PowerPotion"},{"floor":18.0,"key":"SkillPotion"},{"floor":25.0,"key":"Fire Potion"},{"floor":29.0,"key":"Fire Potion"},{"floor":31.0,"key":"Regen Potion"},{"floor":36.0,"key":"LiquidMemories"}],"is_trial":false,"path_per_floor":["M","M","?","$","M","E","R","M","T","M","E","?","?","$","R","B",null,"M","M","?","?","?","E","$","M","T","E","R","E","R","M","R","B",null,"M","M","M","$","M","R","M","E"],"character_chosen":"THE_CURSED","items_purchased":["OrangePellets","PreservedInsect","TheCursedMod:HellfireBreathing","TheCursedMod:LuckyCharm","Frozen Eye","LiquidMemories"],"campfire_rested":2,"item_purchase_floors":[4,4,4,14,38,38],"current_hp_per_floor":[45,41,41,41,37,36,36,30,30,27,14,14,2,2,2,14,57,32,14,71,71,71,47,47,43,43,30,66,31,31,19,19,41,64,14,14,11,11,14,53,9,0,0],"gold":50,"neow_bonus":"TWO_FIFTY_GOLD","is_daily":false,"chose_seed":false,"campfire_upgraded":3,"win_rate":0.0,"timestamp":1608831074,"path_taken":["M","M","?","$","M","E","R","M","T","?","E","?","?","$","R","BOSS","M","?","?","?","?","E","$","M","T","E","R","E","R","M","R","BOSS","M","?","?","$","M","R","M","E"],"items_purchased_type":["Relic","Relic","Card","Card","Relic","Potion"],"build_version":"2020-12-22","purchased_purges":2,"victory":false,"max_hp_per_floor":[71,71,71,71,71,71,71,71,71,71,71,71,71,71,71,71,71,71,71,71,71,71,71,71,71,71,71,71,71,71,71,71,71,71,73,75,77,77,80,80,82,82,82],"relic_stats":{"Peace Pipe":1,"OrangePellets":[15],"Dream Catcher":2,"Regal Pillow":30,"counters":[23,98],"Pantograph":50,"Pandora\u0027s Box":["TheCursedMod:FuryStrike","TheCursedMod:ReleasedKnowledge","TheCursedMod:PrepareRite","TheCursedMod:CollectTribute","TheCursedMod:ReleasedStrength","TheCursedMod:CircleOfWindfury","TheCursedMod:NeowsMight","TheCursedMod:Mangle"],"PreservedInsect":238,"obtain_stats":[{"TheCursedMod:BlackMagic101":0,"Regal Pillow":26,"PreservedInsect":4,"Odd Mushroom":13,"WarpedTongs":22,"Mercury Hourglass":29,"Peace Pipe":27,"OrangePellets":4,"Frozen Eye":38,"Dream Catcher":11,"HornCleat":23,"Pantograph":6,"Pandora\u0027s Box":17,"Philosopher\u0027s Stone":34},{"TheCursedMod:BlackMagic101":0,"Regal Pillow":13,"PreservedInsect":2,"Odd Mushroom":8,"WarpedTongs":11,"Mercury Hourglass":15,"Peace Pipe":14,"OrangePellets":2,"Frozen Eye":20,"Dream Catcher":7,"HornCleat":12,"Pantograph":4,"Pandora\u0027s Box":9,"Philosopher\u0027s Stone":17},{"TheCursedMod:BlackMagic101":0,"Regal Pillow":60,"PreservedInsect":8,"Odd Mushroom":34,"WarpedTongs":51,"Mercury Hourglass":70,"Peace Pipe":65,"OrangePellets":8,"Frozen Eye":89,"Dream Catcher":31,"HornCleat":54,"Pantograph":14,"Pandora\u0027s Box":43,"Philosopher\u0027s Stone":77}],"WarpedTongs":[47],"Mercury Hourglass":[192]},"card_choices":[{"not_picked":["TheCursedMod:CircleOfAmplification","TheCursedMod:CircleOfCorruption"],"picked":"TheCursedMod:SurpriseAttack","floor":1.0},{"not_picked":["TheCursedMod:CursedShiv","TheCursedMod:FleshFromBone"],"picked":"TheCursedMod:SoulCrush","floor":2.0},{"not_picked":["TheCursedMod:CircleOfFlame","TheCursedMod:RavingStaff"],"picked":"TheCursedMod:Stretching","floor":5.0},{"not_picked":["TheCursedMod:SaltUponWound","TheCursedMod:AbyssShockwave"],"picked":"TheCursedMod:Hemoplague","floor":6.0},{"not_picked":["TheCursedMod:VitalStrike","TheCursedMod:UltimatePain","TheCursedMod:CircleOfFocus"],"picked":"SKIP","floor":8.0},{"not_picked":["TheCursedMod:TroublousMinions","TheCursedMod:CursedArmor"],"picked":"TheCursedMod:Torture","floor":10.0},{"not_picked":["TheCursedMod:Obscuration","TheCursedMod:ManaBullet"],"picked":"TheCursedMod:SpitefulPlan","floor":11.0},{"not_picked":["TheCursedMod:CircleOfCorruption","TheCursedMod:TacticalStrike"],"picked":"TheCursedMod:PrepareRite","floor":13.0},{"not_picked":["TheCursedMod:ForbiddenAlchemy","TheCursedMod:VoidForm"],"picked":"TheCursedMod:ManaCirculation","floor":16.0},{"not_picked":["TheCursedMod:CursedArmor","TheCursedMod:SaltUponWound"],"picked":"TheCursedMod:CursedAmulet","floor":18.0},{"not_picked":["TheCursedMod:SaltUponWound","TheCursedMod:AbyssShockwave"],"picked":"TheCursedMod:Obscuration","floor":19.0},{"not_picked":["TheCursedMod:CursedBoomerang","TheCursedMod:Grudge"],"picked":"TheCursedMod:SpitefulPlan","floor":23.0},{"not_picked":["TheCursedMod:Stretching","TheCursedMod:Evocation","TheCursedMod:CircleOfFocus+1"],"picked":"SKIP","floor":25.0},{"not_picked":["TheCursedMod:CircleOfCorruption","TheCursedMod:StingEye","TheCursedMod:SpreadPlague"],"picked":"SKIP","floor":27.0},{"not_picked":["TheCursedMod:Stigma","TheCursedMod:SoulCrush","TheCursedMod:SpreadPlague"],"picked":"SKIP","floor":29.0},{"not_picked":["TheCursedMod:CursedMace","TheCursedMod:Torture"],"picked":"TheCursedMod:RapidMovement","floor":31.0},{"not_picked":["TheCursedMod:ShockAndAwe","TheCursedMod:UltimatePain"],"picked":"TheCursedMod:AntiAging","floor":33.0},{"not_picked":["TheCursedMod:SpitefulStrike","TheCursedMod:SmokeScreen+1","TheCursedMod:TacticalStrike+1"],"picked":"SKIP","floor":35.0},{"not_picked":["TheCursedMod:TroublousMinions+1","TheCursedMod:SmokeScreen","TheCursedMod:SpitefulStrike"],"picked":"SKIP","floor":36.0},{"not_picked":["TheCursedMod:Stretching","TheCursedMod:FleshFromBone"],"picked":"TheCursedMod:CursedAmulet+1","floor":37.0},{"not_picked":["TheCursedMod:VitalStrike","TheCursedMod:Stigma","TheCursedMod:CursedArmor+1"],"picked":"SKIP","floor":39},{"not_picked":["TheCursedMod:RavingStaff+1","TheCursedMod:PrepareRite"],"picked":"TheCursedMod:RapidMovement","floor":41}],"player_experience":4390629,"relics_obtained":[{"floor":6.0,"key":"Pantograph"},{"floor":11.0,"key":"Dream Catcher"},{"floor":13.0,"key":"Odd Mushroom"},{"floor":23.0,"key":"HornCleat"},{"floor":26.0,"key":"Regal Pillow"},{"floor":27.0,"key":"Peace Pipe"},{"floor":29.0,"key":"Mercury Hourglass"}],"event_choices":[{"damage_healed":0.0,"max_hp_gain":0.0,"max_hp_loss":0.0,"gold_gain":0.0,"event_name":"Lab","player_choice":"Got Potions","floor":3.0,"gold_loss":0.0,"damage_taken":0.0},{"damage_healed":0.0,"max_hp_gain":0.0,"max_hp_loss":0.0,"gold_gain":0.0,"event_name":"Living Wall","player_choice":"Grow","floor":12.0,"gold_loss":0.0,"damage_taken":0.0,"cards_upgraded":["TheCursedMod:SpitefulPlan"]},{"damage_healed":0.0,"max_hp_gain":0.0,"max_hp_loss":0.0,"gold_gain":0.0,"event_name":"Mushrooms","player_choice":"Fought Mushrooms","floor":13.0,"gold_loss":0.0,"damage_taken":0.0},{"cards_removed":["TheCursedMod:FuryStrike"],"damage_healed":57.0,"max_hp_gain":0.0,"max_hp_loss":0.0,"gold_gain":0.0,"event_name":"Bonfire Elementals","player_choice":"Offered Uncommon","floor":20.0,"gold_loss":0.0,"damage_taken":0.0},{"damage_healed":0.0,"max_hp_gain":0.0,"max_hp_loss":0.0,"gold_gain":0.0,"event_name":"Vampires","player_choice":"Ignored","floor":21.0,"gold_loss":0.0,"damage_taken":0.0},{"damage_healed":0.0,"max_hp_gain":0.0,"max_hp_loss":0.0,"gold_gain":0.0,"event_name":"Accursed Blacksmith","player_choice":"Rummage","floor":22.0,"gold_loss":0.0,"damage_taken":0.0,"relics_obtained":["WarpedTongs"],"cards_obtained":["Pain"]}],"is_beta":false,"boss_relics":[{"not_picked":["Sozu","Runic Dome"],"picked":"Pandora\u0027s Box"},{"not_picked":["Astrolabe","Busted Crown"],"picked":"Philosopher\u0027s Stone"}],"items_purged_floors":[24,38],"is_endless":false,"potions_floor_spawned":[5,10,11,13,18,25,29,31,36],"killed_by":"Reptomancer","ascension_level":20}}