{"host":"szp1d6dso4pv7ddl","time":1608832018,"event":{"mods":["AchievementEnabler","Alarm Clock","BaseMod","Bestiary","Block Reminder","Colored Map","Colored Powertips","Curses Come First","Displayed Cursed Tome","Highlight Path","Minty Spire (QoL Compilation)","Permanent Neow","Quick Restart","Relic Sorter","Relic Stats","StSLib","Synergy Search"],"gold_per_floor":[18,18,33,50,50,50,84,102,178,178,178],"floor_reached":10,"playtime":643,"items_purged":[],"score":102,"play_id":"0739962b-989c-4961-9874-af6c4203f032","local_time":"20201224094658","is_ascension_mode":true,"campfire_choices":[{"data":"Neutralize","floor":6,"key":"SMITH"}],"circlet_count":0,"master_deck":["AscendersBane","Strike_G","Strike_G","Strike_G","Strike_G","Strike_G","Defend_G","Defend_G","Defend_G","Defend_G","Defend_G","Survivor","Neutralize+1","Concentrate","Dagger Throw","Prepared"],"relics":["Ring of the Snake","Tingsha","StoneCalendar","Ornamental Fan"],"acts_visited":["Exordium"],"potions_floor_usage":[7,7],"damage_taken":[{"damage":3,"enemies":"Cultist","floor":1,"turns":4},{"damage":0,"enemies":"2 Louse","floor":3,"turns":3},{"damage":13,"enemies":"Small Slimes","floor":4,"turns":4},{"damage":37,"enemies":"Lagavulin","floor":7,"turns":10},{"damage":3,"enemies":"Looter","floor":8,"turns":3},{"damage":8,"enemies":"Gremlin Nob","floor":10,"turns":2}],"seed_played":"-5725280712639832046","potions_obtained":[{"floor":1,"key":"Fire Potion"},{"floor":4,"key":"Poison Potion"}],"is_trial":false,"path_per_floor":["M","$","M","M","$","R","E","M","T","E"],"character_chosen":"THE_SILENT","items_purchased":[],"campfire_rested":0,"item_purchase_floors":[],"current_hp_per_floor":[60,60,60,47,47,47,10,7,7,0,0],"gold":178,"neow_bonus":"ONE_RARE_RELIC","is_daily":false,"chose_seed":false,"campfire_upgraded":1,"win_rate":0.0,"timestamp":1608832018,"path_taken":["M","?","M","?","?","R","E","M","T","E"],"items_purchased_type":[],"build_version":"2020-12-22","purchased_purges":0,"victory":false,"max_hp_per_floor":[70,70,70,70,70,70,70,70,70,70,70],"relic_stats":{"counters":[6,26],"Ornamental Fan":[4],"Tingsha":[42],"StoneCalendar":[0],"obtain_stats":[{"Ornamental Fan":9,"Tingsha":0,"StoneCalendar":7,"Ring of the Snake":0},{"Ornamental Fan":5,"Tingsha":0,"StoneCalendar":4,"Ring of the Snake":0},{"Ornamental Fan":24,"Tingsha":0,"StoneCalendar":21,"Ring of the Snake":0}],"Ring of the Snake":[12]},"card_choices":[{"not_picked":["Masterful Stab","Slice","Sucker Punch"],"picked":"SKIP","floor":1},{"not_picked":["Caltrops","Slice"],"picked":"Concentrate","floor":3},{"not_picked":["Blur","Cloak And Dagger","Distraction"],"picked":"SKIP","floor":4},{"not_picked":["Envenom","Heel Hook"],"picked":"Dagger Throw","floor":7},{"not_picked":["Sucker Punch","Flying Knee"],"picked":"Prepared","floor":8}],"player_experience":996393,"relics_obtained":[{"floor":7,"key":"StoneCalendar"},{"floor":9,"key":"Ornamental Fan"}],"event_choices":[],"is_beta":false,"boss_relics":[],"items_purged_floors":[],"is_endless":false,"potions_floor_spawned":[1,4],"killed_by":"Gremlin Nob","ascension_level":10}}