{"host":"mqhvlr3kpxebko0t","time":1608804175,"event":{"mods":["AchievementEnabler","BaseMod","Colored Map","Keyboard Shortcuts","Minty Spire (QoL Compilation)","StSLib","SuperFastMode"],"gold_per_floor":[109,109,109,128,128,128,171,171,171,171,9,29,29,29,29,127,127,152,175,175,175],"floor_reached":20,"playtime":361,"items_purged":["Strike_R"],"score":390,"play_id":"9a3de240-9650-4a69-bb27-d2e6d934bd98","local_time":"20201224190255","is_ascension_mode":true,"campfire_choices":[{"data":"Bash","floor":6.0,"key":"SMITH"},{"data":"Disarm","floor":8.0,"key":"SMITH"},{"floor":13.0,"key":"DIG"},{"floor":15.0,"key":"DIG"}],"circlet_count":0,"master_deck":["AscendersBane","Strike_R","Defend_R","Defend_R","Defend_R","Defend_R","Bash+1","Shrug It Off","Disarm+1","Second Wind","Pommel Strike","Shrug It Off","Dual Wield","Immolate","Battle Trance","Feed"],"relics":["Burning Blood","NeowsBlessing","Red Skull","Golden Idol","Question Card","Shovel","Pear","Thread and Needle","InkBottle","Empty Cage"],"acts_visited":["Exordium","TheCity"],"potions_floor_usage":[18,20],"damage_taken":[{"damage":0.0,"enemies":"Small Slimes","floor":1.0,"turns":1.0},{"damage":0.0,"enemies":"2 Louse","floor":4.0,"turns":1.0},{"damage":0.0,"enemies":"Lagavulin","floor":7.0,"turns":1.0},{"damage":10.0,"enemies":"Jaw Worm","floor":12.0,"turns":5.0},{"damage":32.0,"enemies":"The Guardian","floor":16.0,"turns":16.0},{"damage":8,"enemies":"3 Byrds","floor":18,"turns":3},{"damage":39,"enemies":"Spheric Guardian","floor":19,"turns":8},{"damage":45,"enemies":"Centurion and Healer","floor":20,"turns":11}],"seed_played":"7081182539626547210","potions_obtained":[{"floor":4.0,"key":"LiquidBronze"},{"floor":16.0,"key":"ElixirPotion"},{"floor":18,"key":"LiquidBronze"}],"is_trial":false,"path_per_floor":["M","?","?","M","?","R","E","R","T","T","$","M","R","$","R","B",null,"M","M","M"],"character_chosen":"IRONCLAD","items_purchased":["Pommel Strike","Shrug It Off"],"campfire_rested":0,"item_purchase_floors":[11,11],"current_hp_per_floor":[74,56,49,55,55,55,61,61,61,71,71,67,67,67,67,41,69,67,34,0,0],"gold":175,"neow_bonus":"THREE_ENEMY_KILL","is_daily":false,"chose_seed":false,"campfire_upgraded":2,"win_rate":0.0,"timestamp":1608804175,"path_taken":["M","?","?","M","?","R","E","R","T","?","?","M","R","$","R","BOSS","M","M","M"],"items_purchased_type":["Card","Card"],"build_version":"2020-12-22","purchased_purges":1,"victory":false,"max_hp_per_floor":[75,75,75,75,68,68,68,68,68,78,78,78,78,78,78,78,78,78,78,81,81],"card_choices":[{"not_picked":["Twin Strike","Body Slam"],"picked":"Shrug It Off","floor":1.0},{"not_picked":["Cleave","Clothesline"],"picked":"Disarm","floor":4.0},{"not_picked":["Rupture","Anger"],"picked":"Second Wind","floor":7.0},{"not_picked":["True Grit","Clash","Feel No Pain"],"picked":"Dual Wield","floor":12.0},{"not_picked":["Impervious","Feed","Exhume"],"picked":"Immolate","floor":16.0},{"not_picked":["Infernal Blade","Shockwave","Thunderclap"],"picked":"Battle Trance","floor":18},{"not_picked":["Clash","Pummel","Perfected Strike"],"picked":"Feed","floor":19}],"player_experience":683181,"relics_obtained":[{"floor":7.0,"key":"Question Card"},{"floor":9.0,"key":"Shovel"},{"floor":10.0,"key":"Pear"},{"floor":13.0,"key":"Thread and Needle"},{"floor":15.0,"key":"InkBottle"}],"event_choices":[{"damage_healed":0.0,"max_hp_gain":0.0,"max_hp_loss":0.0,"gold_gain":0.0,"event_name":"Scrap Ooze","player_choice":"Success","floor":2.0,"gold_loss":0.0,"damage_taken":18.0,"relics_obtained":["Red Skull"]},{"cards_removed":["Strike_R"],"damage_healed":0.0,"max_hp_gain":0.0,"max_hp_loss":0.0,"gold_gain":0.0,"event_name":"Golden Wing","player_choice":"Card Removal","floor":3.0,"gold_loss":0.0,"damage_taken":7.0},{"damage_healed":0.0,"max_hp_gain":0.0,"max_hp_loss":7.0,"gold_gain":0.0,"event_name":"Golden Idol","player_choice":"Lose Max HP","floor":5.0,"gold_loss":0.0,"damage_taken":0.0,"relics_obtained":["Golden Idol"]}],"is_beta":false,"boss_relics":[{"not_picked":["Sozu","Runic Pyramid"],"picked":"Empty Cage"}],"items_purged_floors":[11],"is_endless":false,"potions_floor_spawned":[4,16,18],"killed_by":"Centurion and Healer","ascension_level":20}}