{"host":"4nqeo0vu1vuav7gg","time":1608819847,"event":{"mods":["AchievementEnabler","BaseMod","Block Reminder","Colored Map","Colored Powertips","Highlight Path","Minty Spire (QoL Compilation)","Quick Restart","Rare Cards Sparkle","Relic Relevance Reorder","StSLib"],"gold_per_floor":[113,188,188,19,35,35,54,118,118,118,118],"floor_reached":10,"playtime":282,"items_purged":[],"score":101,"play_id":"80d58f0f-fae3-48d0-9169-872fe66a1e00","local_time":"20201224152407","is_ascension_mode":true,"campfire_choices":[{"data":"Dualcast","floor":6.0,"key":"SMITH"}],"circlet_count":0,"master_deck":["AscendersBane","Strike_B+1","Strike_B","Strike_B+1","Strike_B","Defend_B","Defend_B","Defend_B","Defend_B","Zap+1","Dualcast+1","Conserve Battery","Static Discharge","Glacier"],"relics":["Cracked Core","Runic Capacitor","Pantograph","Singing Bowl","Whetstone"],"acts_visited":["Exordium"],"potions_floor_usage":[10],"damage_taken":[{"damage":0.0,"enemies":"Cultist","floor":1.0,"turns":3.0},{"damage":7.0,"enemies":"Small Slimes","floor":5.0,"turns":3.0},{"damage":0.0,"enemies":"2 Louse","floor":7.0,"turns":1.0},{"damage":35.0,"enemies":"3 Sentries","floor":8.0,"turns":7.0},{"damage":15,"enemies":"3 Sentries","floor":10,"turns":4}],"seed_played":"2880633091196172633","potions_obtained":[{"floor":5.0,"key":"Explosive Potion"},{"floor":8.0,"key":"Weak Potion"}],"is_trial":false,"path_per_floor":["M","?","?","$","M","R","M","?","T","E"],"character_chosen":"DEFECT","items_purchased":["Runic Capacitor"],"campfire_rested":0,"item_purchase_floors":[4],"current_hp_per_floor":[64,53,53,53,46,46,46,11,11,0,0],"gold":118,"neow_bonus":"UPGRADE_CARD","is_daily":false,"chose_seed":false,"campfire_upgraded":1,"win_rate":0.0,"timestamp":1608819847,"path_taken":["M","?","?","$","?","R","M","?","T","E"],"items_purchased_type":["Relic"],"build_version":"2020-12-22","purchased_purges":0,"victory":false,"max_hp_per_floor":[71,71,71,71,71,71,71,71,71,71,71],"card_choices":[{"not_picked":["Streamline","Compile Driver"],"picked":"Redo","floor":1.0},{"not_picked":["Steam","Compile Driver"],"picked":"Conserve Battery","floor":5.0},{"not_picked":["Ball Lightning","Coolheaded"],"picked":"Static Discharge","floor":7.0},{"not_picked":["Loop","Rebound"],"picked":"Glacier","floor":8.0}],"player_experience":997100,"relics_obtained":[{"floor":8.0,"key":"Whetstone"},{"floor":9.0,"key":"Pantograph"}],"event_choices":[{"damage_healed":0.0,"max_hp_gain":0.0,"max_hp_loss":0.0,"gold_gain":75.0,"event_name":"World of Goop","player_choice":"Gather Gold","floor":2.0,"gold_loss":0.0,"damage_taken":11.0},{"cards_removed":["Redo"],"damage_healed":0.0,"max_hp_gain":0.0,"max_hp_loss":0.0,"gold_gain":0.0,"event_name":"WeMeetAgain","player_choice":"Gave Card","floor":3.0,"gold_loss":0.0,"damage_taken":0.0,"relics_obtained":["Singing Bowl"]},{"damage_healed":0.0,"max_hp_gain":0.0,"max_hp_loss":0.0,"gold_gain":0.0,"event_name":"Dead Adventurer","player_choice":"Searched \u00271\u0027 times","floor":8.0,"gold_loss":0.0,"damage_taken":0.0}],"is_beta":false,"boss_relics":[],"items_purged_floors":[],"is_endless":false,"potions_floor_spawned":[5,8],"killed_by":"3 Sentries","ascension_level":16}}