{"host":"njruw0b0uprlitpx","time":1608803499,"event":{"mods":["2.2 Compatiblity","Astrologer","Bartender","BaseMod","Better Altar","Better Match","Better Note","Better Sensory Stone","Better Skull","Better Third Choice","BetterRewards","Block Reminder","Chen","Colored Map","Colored Powertips","Gremlin Mod","Jedi Mod","Keyboard Shortcuts","Magitek Elite","Minty Spire (QoL Compilation)","Quick Restart","Relic Stats","Replay The Spire","SacredBarkPlus","Spicy Shops","StSLib","SuperFastMode","The Construct","The Cursed","The Marked","The Mystic","The Necromancer","The Spell Scribe"],"gold_per_floor":[114,114,114,15,15,15,15,15,15,15,15,15,15,15,15,15,15,15,15,15,15,15,15,15,15,15,15,15,15,15],"floor_reached":29,"playtime":1828,"items_purged":[],"score":275,"play_id":"81d12355-2215-4bb7-87a1-abfcc50f88f7","local_time":"20201224035139","is_ascension_mode":true,"campfire_choices":[{"floor":8,"key":"REST"},{"data":"theScribe:ScrollOfPoison","floor":13,"key":"SMITH"},{"floor":15,"key":"REST"},{"floor":23,"key":"REST"},{"data":"theScribe:Overexert","floor":26,"key":"SMITH"}],"circlet_count":0,"master_deck":["theScribe:StarterAttack","theScribe:StarterAttack+1","theScribe:LightningStrike","theScribe:LightningStrike","theScribe:StarterDefend","theScribe:StarterDefend","theScribe:StarterDefend","theScribe:IcyDefend+1","theScribe:IcyDefend","theScribe:StarterModifier+1","theScribe:LightningBlade+1","theScribe:ScrollOfPoison+1","theScribe:Divination","theScribe:RecklessResponse","theScribe:ScrollOfChaining","theScribe:Thunder","theScribe:Overexert+1","theScribe:Thwack","theScribe:MagicMissiles","theScribe:Insight+1","Spreading Infection"],"relics":["theScribe:StarterRelic1","jedi:ominousloannote","Mirror","White Beast Statue","Frozen Egg 2","Nunchaku","Cursed Key","Pen Nib","Molten Egg 2"],"acts_visited":["Exordium","TheCity"],"potions_floor_usage":[6,6,19],"damage_taken":[{"damage":5,"enemies":"Small Slimes","floor":1,"turns":3},{"damage":3,"enemies":"2 Louse","floor":5,"turns":2},{"damage":10,"enemies":"3 Sentries","floor":6,"turns":3},{"damage":8,"enemies":"Jaw Worm","floor":7,"turns":4},{"damage":29,"enemies":"3 Louse","floor":14,"turns":3},{"damage":64,"enemies":"Hexaghost","floor":16,"turns":8},{"damage":2,"enemies":"Chosen","floor":18,"turns":3},{"damage":19,"enemies":"Spheric Guardian","floor":19,"turns":5},{"damage":10,"enemies":"Snecko","floor":21,"turns":6},{"damage":60,"enemies":"Slavers","floor":27,"turns":5},{"damage":0,"enemies":"Centurion and Healer","floor":29,"turns":1}],"seed_played":"8340289899245402437","potions_obtained":[{"floor":1,"key":"Block Potion"},{"floor":7,"key":"Ancient Potion"},{"floor":14,"key":"SteroidPotion"},{"floor":16,"key":"DistilledChaos"},{"floor":18,"key":"jedi:wingpotion"},{"floor":19,"key":"SpeedPotion"},{"floor":20,"key":"SmokeBomb"},{"floor":20,"key":"FairyPotion"}],"is_trial":false,"path_per_floor":["M","?","?","$","M","E","M","R","T","?","?","T","R","M","R","B",null,"M","M","?","M","$","R","PTL","PTL","R","E","T","M"],"character_chosen":"THE_SCRIBE","items_purchased":["jedi:ominousloannote","theScribe:ScrollOfPoison","Mirror","DuplicationPotion","theScribe:Divination"],"campfire_rested":3,"item_purchase_floors":[4,4,4,4,4],"current_hp_per_floor":[70,70,55,55,52,42,34,56,56,61,61,61,61,57,80,16,80,78,59,59,49,49,73,73,73,73,13,13,13,13],"gold":15,"neow_bonus":"UPGRADE_CARD","is_daily":false,"chose_seed":false,"campfire_upgraded":2,"win_rate":0.0,"timestamp":1608803499,"path_taken":["M","?","?","$","?","E","M","R","T","?","?","?","R","?","R","BOSS","M","M","?","?","$","R","PTL","PTL","R","E","T","M"],"items_purchased_type":["Relic","Card","Relic","Potion","Card"],"build_version":"2020-12-22","purchased_purges":0,"victory":false,"max_hp_per_floor":[75,75,75,75,75,75,75,75,75,80,80,80,80,80,80,80,80,80,80,80,80,80,80,80,80,80,80,80,80,80],"relic_stats":{"Nunchaku":[49],"counters":[121,492],"Pen Nib":[0],"Cursed Key":2,"obtain_stats":[{"Golden Egg":0,"Mark of the Bloom":47,"CeramicFish":0,"Vajra":9,"jedi:command_rare":46,"wanderingMiniBosses:OtherGremlinHorn":21,"jedi:bottledfury":23,"theScribe:StormScale":0,"jedi:shrinkray":39,"Sundial":43,"Philosopher\u0027s Stone":17,"Iron Hammer":0,"HollowMod:PaleOreRelic":28,"Replay:Bottled Steam":8,"ReplayTheSpireMod:CursedCoin":11,"Dead Branch":0,"Oddly Smooth Stone":0,"HollowMod:JonisBlessing":45,"theSleuth:BowenStilsonDogg":9,"Pen Nib":27,"theSleuth:Typewriter":0,"Akabeko":25,"potionbrewer:Torch":11,"jedi:heavyjacket":28,"Replay:Baseball":9,"ReplayTheSpireMod:Shallot":5,"Shuriken":12,"Simple Rune":25,"Onion Ring":45,"Molten Egg 2":28,"ReplayTheSpireMod:TigerMarble":43,"Mirror":4,"Abe\u0027s Treasure":17,"theScribe:StarterRelic1":0,"NlothsMask":21,"ReplayFunnel":30,"Lantern":14,"aspiration:Lifesprig":26,"theForsaken:ScaryMask":41,"Snecko Heart":17,"Torii":33,"Singing Bowl":9,"Angel_Ring":45,"Painkiller Herb":17,"mysticmod:SpellBook":46,"theForsaken:Lifeblossom":26,"CloakClasp":46,"jedi:archwizardhat":0,"Cursed Key":34,"theSleuth:JesterOfEncumbrance":31,"BranchBurnRelic":23,"Dream Catcher":29,"Nunchaku":3,"Replay:Bandana":40,"Shovel":9,"Mummified Hand":12,"Gambling Chip":0,"jedi:cryingmask":19,"Red Mask":27,"Chemical X":36,"wanderingMiniBosses:LockLocket":45,"Runic Pyramid":34,"Gremlin Food":24,"energizedSpire:RedRose":36,"Potion Belt":0,"BargainBundle":0,"Lee\u0027s Waffle":39,"ReplayTheSpireMod:Ninjato":0,"Replay:Towering Pillar of Hats":0,"Golden Idol":5,"Thread and Needle":0,"PreservedInsect":26,"Odd Mushroom":7,"Orichalcum":43,"Frozen Egg 2":9,"Replay:Arrowhead":26,"White Beast Statue":11,"Peace Pipe":0,"Cauldron":0,"Strange Spoon":48,"Anchor":45,"potionbrewer:BoosterPack":10,"jedi:kaleidoscope":0,"jedi:ominousloannote":28,"Orrery":28,"Ectoplasm":17,"Art of War":7,"Bottled Lightning":25,"Membership Card":0,"ReplayTheSpireMod:Ring of Challenge":2,"ReplayTheSpireMod:Lightbulb":26},{"Golden Egg":51,"Mark of the Bloom":75,"CeramicFish":19,"Vajra":22,"jedi:command_rare":48,"wanderingMiniBosses:OtherGremlinHorn":36,"jedi:bottledfury":64,"theScribe:StormScale":51,"jedi:shrinkray":92,"Sundial":93,"Philosopher\u0027s Stone":61,"Iron Hammer":77,"HollowMod:PaleOreRelic":10,"Replay:Bottled Steam":28,"ReplayTheSpireMod:CursedCoin":29,"Dead Branch":96,"Oddly Smooth Stone":51,"HollowMod:JonisBlessing":94,"theSleuth:BowenStilsonDogg":3,"Pen Nib":120,"theSleuth:Typewriter":0,"Akabeko":65,"potionbrewer:Torch":4,"jedi:heavyjacket":66,"Replay:Baseball":56,"ReplayTheSpireMod:Shallot":26,"Shuriken":81,"Simple Rune":87,"Onion Ring":94,"Molten Egg 2":120,"ReplayTheSpireMod:TigerMarble":47,"Mirror":111,"Abe\u0027s Treasure":83,"theScribe:StarterRelic1":0,"NlothsMask":105,"ReplayFunnel":41,"Lantern":6,"aspiration:Lifesprig":9,"theForsaken:ScaryMask":93,"Snecko Heart":7,"Torii":14,"Singing Bowl":80,"Angel_Ring":17,"Painkiller Herb":32,"mysticmod:SpellBook":48,"theForsaken:Lifeblossom":87,"CloakClasp":48,"jedi:archwizardhat":96,"Cursed Key":69,"theSleuth:JesterOfEncumbrance":12,"BranchBurnRelic":105,"Dream Catcher":11,"Nunchaku":20,"Replay:Bandana":46,"Shovel":28,"Mummified Hand":58,"Gambling Chip":19,"jedi:cryingmask":105,"Red Mask":10,"Chemical X":44,"wanderingMiniBosses:LockLocket":75,"Runic Pyramid":43,"Gremlin Food":9,"energizedSpire:RedRose":15,"Potion Belt":77,"BargainBundle":51,"Lee\u0027s Waffle":92,"ReplayTheSpireMod:Ninjato":19,"Replay:Towering Pillar of Hats":25,"Golden Idol":1,"Thread and Needle":77,"PreservedInsect":38,"Odd Mushroom":2,"Orichalcum":17,"Frozen Egg 2":114,"Replay:Arrowhead":9,"White Beast Statue":29,"Peace Pipe":77,"Cauldron":77,"Strange Spoon":95,"Anchor":94,"potionbrewer:BoosterPack":3,"jedi:kaleidoscope":96,"jedi:ominousloannote":66,"Orrery":66,"Ectoplasm":104,"Art of War":55,"Bottled Lightning":38,"Membership Card":77,"ReplayTheSpireMod:Ring of Challenge":20,"ReplayTheSpireMod:Lightbulb":65},{"Golden Egg":246,"Mark of the Bloom":329,"CeramicFish":119,"Vajra":127,"jedi:command_rare":233,"wanderingMiniBosses:OtherGremlinHorn":198,"jedi:bottledfury":286,"theScribe:StormScale":246,"jedi:shrinkray":384,"Sundial":387,"Philosopher\u0027s Stone":276,"Iron Hammer":341,"HollowMod:PaleOreRelic":63,"Replay:Bottled Steam":164,"ReplayTheSpireMod:CursedCoin":166,"Dead Branch":395,"Oddly Smooth Stone":246,"HollowMod:JonisBlessing":389,"theSleuth:BowenStilsonDogg":14,"Pen Nib":491,"theSleuth:Typewriter":0,"Akabeko":289,"potionbrewer:Torch":21,"jedi:heavyjacket":293,"Replay:Baseball":258,"ReplayTheSpireMod:Shallot":153,"Shuriken":349,"Simple Rune":368,"Onion Ring":389,"Molten Egg 2":491,"ReplayTheSpireMod:TigerMarble":230,"Mirror":452,"Abe\u0027s Treasure":356,"theScribe:StarterRelic1":0,"NlothsMask":425,"ReplayFunnel":212,"Lantern":34,"aspiration:Lifesprig":58,"theForsaken:ScaryMask":387,"Snecko Heart":44,"Torii":80,"Singing Bowl":347,"Angel_Ring":99,"Painkiller Herb":181,"mysticmod:SpellBook":233,"theForsaken:Lifeblossom":368,"CloakClasp":233,"jedi:archwizardhat":395,"Cursed Key":303,"theSleuth:JesterOfEncumbrance":73,"BranchBurnRelic":425,"Dream Catcher":69,"Nunchaku":121,"Replay:Bandana":228,"Shovel":164,"Mummified Hand":265,"Gambling Chip":119,"jedi:cryingmask":425,"Red Mask":63,"Chemical X":221,"wanderingMiniBosses:LockLocket":329,"Runic Pyramid":218,"Gremlin Food":58,"energizedSpire:RedRose":91,"Potion Belt":341,"BargainBundle":246,"Lee\u0027s Waffle":384,"ReplayTheSpireMod:Ninjato":119,"Replay:Towering Pillar of Hats":151,"Golden Idol":2,"Thread and Needle":341,"PreservedInsect":204,"Odd Mushroom":9,"Orichalcum":99,"Frozen Egg 2":461,"Replay:Arrowhead":58,"White Beast Statue":166,"Peace Pipe":341,"Cauldron":341,"Strange Spoon":391,"Anchor":389,"potionbrewer:BoosterPack":14,"jedi:kaleidoscope":395,"jedi:ominousloannote":293,"Orrery":293,"Ectoplasm":422,"Art of War":256,"Bottled Lightning":204,"Membership Card":341,"ReplayTheSpireMod:Ring of Challenge":121,"ReplayTheSpireMod:Lightbulb":289}]},"card_choices":[{"not_picked":["theScribe:SanguineSurge","theScribe:Overcharge"],"picked":"theScribe:LightningBlade","floor":1},{"not_picked":["theScribe:GatherComponents","theScribe:EnchantedStrike"],"picked":"theScribe:RecklessResponse","floor":5},{"not_picked":["theScribe:Divination","theScribe:GatherComponents"],"picked":"theScribe:ScrollOfChaining","floor":6},{"not_picked":["theScribe:Frost","theScribe:Overcharge"],"picked":"theScribe:Thunder","floor":7},{"not_picked":["theScribe:Divination","theScribe:ToxicSpellstone","theScribe:Frost"],"picked":"SKIP","floor":14},{"not_picked":["theScribe:Conflagrate","theScribe:Maelstrom+1"],"picked":"theScribe:Overexert","floor":16},{"not_picked":["theScribe:LightningBolt","theScribe:ArcaneBarrier"],"picked":"theScribe:Thwack","floor":18},{"not_picked":["theScribe:Overcharge","theScribe:Frost"],"picked":"theScribe:MagicMissiles","floor":19},{"not_picked":["theScribe:TelumSpellstone","theScribe:ScrollOfPoison+1"],"picked":"theScribe:Insight+1","floor":21},{"not_picked":["theScribe:ToxicSpellstone","theScribe:Frost+1","theScribe:TelumSpellstone"],"picked":"SKIP","floor":27}],"player_experience":1743778,"relics_obtained":[{"floor":6,"key":"White Beast Statue"},{"floor":9,"key":"Frozen Egg 2"},{"floor":12,"key":"Nunchaku"},{"floor":27,"key":"Pen Nib"},{"floor":28,"key":"Molten Egg 2"}],"event_choices":[{"damage_healed":0,"gold_gain":0,"player_choice":"Grow","damage_taken":0,"max_hp_gain":0,"max_hp_loss":0,"event_name":"Living Wall","floor":2,"gold_loss":0,"cards_upgraded":["theScribe:LightningBlade"]},{"damage_healed":70,"gold_gain":0,"player_choice":"Upgrade","damage_taken":15,"max_hp_gain":0,"max_hp_loss":75,"event_name":"betterThird:BetterShining","floor":3,"gold_loss":0,"cards_upgraded":["theScribe:StarterAttack","theScribe:IcyDefend"]},{"damage_healed":0,"gold_gain":0,"player_choice":"Donut","damage_taken":0,"max_hp_gain":5,"max_hp_loss":0,"event_name":"Big Fish","floor":10,"gold_loss":0},{"damage_healed":0,"gold_gain":0,"player_choice":"Got Potions","damage_taken":0,"max_hp_gain":0,"max_hp_loss":0,"event_name":"Lab","floor":20,"gold_loss":0}],"is_beta":false,"boss_relics":[{"not_picked":["jedi:hotpepper","Empty Cage"],"picked":"Cursed Key"}],"items_purged_floors":[],"is_endless":false,"potions_floor_spawned":[1,7,14,16,18,19,21,27],"killed_by":"Centurion and Healer","ascension_level":3}}