{"host":"y89x8uui45kcjy42","time":1608786553,"event":{"mods":["2.2 Compatiblity","BaseMod","CapriCore","Colored Map","Colored Powertips","Custom Start","Friendly Minions","Highlight Path","Keyboard Shortcuts","Minty Spire (QoL Compilation)","Relic Stats","Slay the Relics Exporter","StSLib","SuperFastMode","Waifu the Spire"],"gold_per_floor":[119,119,133,133,152,152,165,175,175,175,202,223,323,38,38,142,142,157,172,186,101,120,151,151,151,197,197,197,226,239,258,258,355,355,373,396,30,380,395,421,437,437,464,474,178,178,30,46,46,46],"floor_reached":51,"playtime":1328,"items_purged":["Bite"],"score":1044,"play_id":"7693c15c-811b-4231-9f65-180719fd57a8","local_time":"20201224140913","is_ascension_mode":false,"campfire_choices":[{"data":"Adaptation","floor":6,"key":"SMITH"},{"data":"MentalFortress","floor":15,"key":"SMITH"},{"data":"Tantrum","floor":24,"key":"SMITH"},{"data":"CrushJoints","floor":27,"key":"SMITH"},{"data":"Fasting2","floor":32,"key":"SMITH"},{"data":"MentalFortress","floor":42,"key":"SMITH"},{"data":"InnerPeace","floor":46,"key":"SMITH"},{"data":"DevaForm","floor":49,"key":"SMITH"}],"circlet_count":0,"master_deck":["Master of Strategy+1","DevaForm+1","Adaptation+1","Vault+1","MentalFortress+1","InnerPeace+1","Vigilance+1","FearNoEvil+1","TalkToTheHand+1","Tantrum+1","CrushJoints+1","Fasting2+1","MentalFortress+1"],"relics":["HolyWater","VioletLotus","TeardropLocket","Ginger","Turnip","Damaru","Oddly Smooth Stone","Vajra","Singing Bowl","Bag of Preparation","Torii","TungstenRod","Paper Frog","Paper Crane","Sling","Pen Nib","Blue Candle","CeramicFish","Anchor","DollysMirror","Black Star","Coffee Dripper","Mummified Hand","Calipers","Lizard Tail","Kunai","Juzu Bracelet","Happy Flower","Gremlin Horn","Akabeko","VioletLotus","PreservedInsect","War Paint","TheAbacus","Old Coin","Letter Opener","Bird Faced Urn","Strawberry","Whetstone","OrangePellets","Bag of Marbles"],"acts_visited":["Exordium","TheCity","TheBeyond"],"potions_floor_usage":[],"damage_taken":[{"damage":0,"enemies":"2 Louse","floor":1,"turns":2},{"damage":0,"enemies":"Jaw Worm","floor":3,"turns":2},{"damage":0,"enemies":"Cultist","floor":5,"turns":3},{"damage":0,"enemies":"2 Fungi Beasts","floor":7,"turns":2},{"damage":0,"enemies":"3 Louse","floor":8,"turns":2},{"damage":0,"enemies":"Gremlin Nob","floor":11,"turns":2},{"damage":9,"enemies":"Exordium Thugs","floor":12,"turns":3},{"damage":0,"enemies":"Hexaghost","floor":16,"turns":3},{"damage":0,"enemies":"Spheric Guardian","floor":18,"turns":1},{"damage":0,"enemies":"3 Byrds","floor":19,"turns":3},{"damage":0,"enemies":"Snake Plant","floor":20,"turns":2},{"damage":0,"enemies":"Snecko","floor":22,"turns":2},{"damage":0,"enemies":"Slavers","floor":23,"turns":3},{"damage":0,"enemies":"Book of Stabbing","floor":29,"turns":2},{"damage":0,"enemies":"3 Cultists","floor":30,"turns":1},{"damage":0,"enemies":"Sentry and Sphere","floor":31,"turns":2},{"damage":6,"enemies":"Automaton","floor":33,"turns":3},{"damage":0,"enemies":"3 Darklings","floor":35,"turns":3},{"damage":0,"enemies":"Mind Bloom Boss Battle","floor":38,"turns":3},{"damage":0,"enemies":"3 Shapes","floor":39,"turns":1},{"damage":0,"enemies":"Nemesis","floor":40,"turns":2},{"damage":0,"enemies":"Sphere and 2 Shapes","floor":41,"turns":2},{"damage":0,"enemies":"4 Shapes","floor":44,"turns":2},{"damage":0,"enemies":"Writhing Mass","floor":48,"turns":2},{"damage":0,"enemies":"Awakened One","floor":50,"turns":4}],"seed_played":"-514342866581880222","potions_obtained":[{"floor":5,"key":"SteroidPotion"},{"floor":12,"key":"ColorlessPotion"},{"floor":16,"key":"Explosive Potion"},{"floor":20,"key":"Strength Potion"},{"floor":30,"key":"AttackPotion"},{"floor":44,"key":"Dexterity Potion"}],"is_trial":true,"path_per_floor":["M","?","M","$","M","R","M","M","T","T","E","M","?","$","R","B",null,"M","M","M","?","M","E","R","?","T","R","?","E","M","M","R","B",null,"M","T","$","?","M","E","M","R","T","M","$","R","$","M","R","B",null],"character_chosen":"WATCHER","items_purchased":["Anchor","DollysMirror","War Paint","TheAbacus","Whetstone","OrangePellets","Bag of Marbles"],"campfire_rested":0,"item_purchase_floors":[14,14,37,37,45,45,47],"current_hp_per_floor":[74,74,74,74,76,76,78,80,80,80,82,73,73,73,73,75,84,86,88,90,90,92,94,94,94,94,94,94,96,98,100,100,98,102,104,104,104,106,108,110,112,112,119,121,121,121,121,123,123,123],"gold":46,"neow_bonus":"","is_daily":false,"chose_seed":false,"campfire_upgraded":8,"win_rate":0.0,"timestamp":1608786553,"path_taken":["M","?","M","$","M","R","M","M","T","?","E","M","?","$","R","BOSS","M","?","M","?","M","E","R","?","T","R","?","E","M","M","R","BOSS","M","?","$","?","M","E","M","R","T","M","$","R","?","M","R","BOSS"],"items_purchased_type":["Relic","Relic","Relic","Relic","Relic","Relic","Relic"],"build_version":"2020-12-22","purchased_purges":1,"victory":true,"max_hp_per_floor":[74,74,74,74,76,76,78,80,80,80,82,82,82,82,82,84,84,86,88,90,90,92,94,94,94,94,94,94,96,98,100,100,102,102,104,104,104,106,108,110,112,112,119,121,121,121,121,123,123,123],"relic_stats":{"Singing Bowl":44,"Torii":6,"Gremlin Horn":[17,17],"CeramicFish":18,"Bag of Preparation":[50],"Juzu Bracelet":1,"Ginger":[1],"Whetstone":["FearNoEvil","TalkToTheHand"],"Lizard Tail":0,"TheAbacus":[90],"Mummified Hand":[83],"VioletLotus":[72],"Kunai":[22],"Happy Flower":[9],"counters":[25,57],"Blue Candle":[0],"Pen Nib":[15],"PreservedInsect":47,"Letter Opener":[5],"War Paint":["Master of Strategy","Vigilance"],"OrangePellets":[2],"Bird Faced Urn":[0],"Turnip":[0],"Black Star":3,"obtain_stats":[{"Calipers":22,"Singing Bowl":0,"Torii":0,"Gremlin Horn":29,"CeramicFish":11,"Vajra":0,"Bag of Preparation":0,"Juzu Bracelet":26,"TeardropLocket":0,"Ginger":0,"Whetstone":45,"Sling":0,"Old Coin":38,"Lizard Tail":23,"TheAbacus":37,"DollysMirror":14,"Mummified Hand":21,"Strawberry":43,"VioletLotus":0,"Kunai":23,"Paper Frog":0,"Happy Flower":28,"Blue Candle":10,"Damaru":0,"Oddly Smooth Stone":0,"Pen Nib":9,"PreservedInsect":36,"Letter Opener":40,"Paper Crane":0,"War Paint":37,"Akabeko":29,"OrangePellets":45,"Anchor":14,"Bird Faced Urn":40,"HolyWater":0,"Turnip":0,"Black Star":17,"Coffee Dripper":17,"Bag of Marbles":47,"PureWater":0,"TungstenRod":0},{"Calipers":12,"Singing Bowl":0,"Torii":0,"Gremlin Horn":14,"CeramicFish":6,"Vajra":0,"Bag of Preparation":0,"Juzu Bracelet":13,"TeardropLocket":0,"Ginger":0,"Whetstone":23,"Sling":0,"Old Coin":19,"Lizard Tail":13,"TheAbacus":18,"DollysMirror":7,"Mummified Hand":11,"Strawberry":22,"VioletLotus":0,"Kunai":13,"Paper Frog":0,"Happy Flower":13,"Blue Candle":5,"Damaru":0,"Oddly Smooth Stone":0,"Pen Nib":5,"PreservedInsect":18,"Letter Opener":21,"Paper Crane":0,"War Paint":18,"Akabeko":14,"OrangePellets":23,"Anchor":7,"Bird Faced Urn":21,"HolyWater":0,"Turnip":0,"Black Star":8,"Coffee Dripper":8,"Bag of Marbles":23,"PureWater":0,"TungstenRod":0},{"Calipers":27,"Singing Bowl":0,"Torii":0,"Gremlin Horn":32,"CeramicFish":13,"Vajra":0,"Bag of Preparation":0,"Juzu Bracelet":30,"TeardropLocket":0,"Ginger":0,"Whetstone":51,"Sling":0,"Old Coin":44,"Lizard Tail":30,"TheAbacus":41,"DollysMirror":16,"Mummified Hand":25,"Strawberry":49,"VioletLotus":0,"Kunai":30,"Paper Frog":0,"Happy Flower":30,"Blue Candle":11,"Damaru":0,"Oddly Smooth Stone":0,"Pen Nib":11,"PreservedInsect":41,"Letter Opener":47,"Paper Crane":0,"War Paint":41,"Akabeko":32,"OrangePellets":51,"Anchor":16,"Bird Faced Urn":47,"HolyWater":0,"Turnip":0,"Black Star":19,"Coffee Dripper":19,"Bag of Marbles":51,"PureWater":0,"TungstenRod":0}],"TungstenRod":4},"card_choices":[{"not_picked":["CutThroughFate","Perseverance","FollowUp"],"picked":"Singing Bowl","floor":1},{"not_picked":["FlurryOfBlows","Consecrate"],"picked":"CrushJoints","floor":3},{"not_picked":["FollowUp","Indignation","SignatureMove"],"picked":"Singing Bowl","floor":5},{"not_picked":["FlurryOfBlows","EmptyMind","InnerPeace"],"picked":"Singing Bowl","floor":7},{"not_picked":["FearNoEvil","Prostrate","Protect"],"picked":"Singing Bowl","floor":8},{"not_picked":["Wish","Evaluate","Sanctity"],"picked":"Singing Bowl","floor":11},{"not_picked":["BowlingBash","CrushJoints"],"picked":"Fasting2","floor":12},{"not_picked":["Alpha","Devotion","LessonLearned"],"picked":"Singing Bowl","floor":16},{"not_picked":["Crescendo","Consecrate","FlurryOfBlows"],"picked":"Singing Bowl","floor":18},{"not_picked":["ThirdEye","EmptyBody","BowlingBash"],"picked":"Singing Bowl","floor":19},{"not_picked":["ClearTheMind","FlurryOfBlows","Vengeance"],"picked":"Singing Bowl","floor":20},{"not_picked":["Meditate+1","PathToVictory+1","ThirdEye"],"picked":"Singing Bowl","floor":22},{"not_picked":["ThirdEye","CarveReality","JustLucky"],"picked":"Singing Bowl","floor":23},{"not_picked":["CutThroughFate+1","BattleHymn","Evaluate+1"],"picked":"Singing Bowl","floor":29},{"not_picked":["EmptyFist","CrushJoints+1","JustLucky"],"picked":"Singing Bowl","floor":30},{"not_picked":["LikeWater","SpiritShield","EmptyBody"],"picked":"Singing Bowl","floor":31},{"not_picked":["MasterReality","DeusExMachina","Blasphemy"],"picked":"Singing Bowl","floor":33},{"not_picked":["SandsOfTime","InnerPeace","BowlingBash"],"picked":"Singing Bowl","floor":35},{"not_picked":["WindmillStrike","EmptyFist","FollowUp+1"],"picked":"Singing Bowl","floor":38},{"not_picked":["Evaluate+1","ReachHeaven+1","InnerPeace"],"picked":"Singing Bowl","floor":39},{"not_picked":["SashWhip","FollowUp+1","FearNoEvil+1"],"picked":"Singing Bowl","floor":40},{"not_picked":["EmptyFist","CrushJoints","WheelKick"],"picked":"Singing Bowl","floor":41},{"not_picked":["Crescendo","DevaForm","EmptyMind+1"],"picked":"Singing Bowl","floor":44},{"not_picked":["FollowUp","Evaluate","DeceiveReality+1"],"picked":"Singing Bowl","floor":48}],"player_experience":513103,"relics_obtained":[{"floor":9,"key":"Pen Nib"},{"floor":10,"key":"Blue Candle"},{"floor":11,"key":"CeramicFish"},{"floor":23,"key":"Lizard Tail"},{"floor":23,"key":"Kunai"},{"floor":26,"key":"Juzu Bracelet"},{"floor":29,"key":"Gremlin Horn"},{"floor":29,"key":"Akabeko"},{"floor":36,"key":"PreservedInsect"},{"floor":38,"key":"Old Coin"},{"floor":40,"key":"Letter Opener"},{"floor":40,"key":"Bird Faced Urn"},{"floor":43,"key":"Strawberry"}],"event_choices":[{"damage_healed":0,"gold_gain":0,"player_choice":"Ignored","damage_taken":0,"max_hp_gain":0,"max_hp_loss":0,"event_name":"Liars Game","floor":2,"gold_loss":0},{"damage_healed":0,"gold_gain":100,"player_choice":"Pray","damage_taken":0,"max_hp_gain":0,"max_hp_loss":0,"event_name":"Golden Shrine","floor":13,"gold_loss":0},{"damage_healed":0,"gold_gain":0,"player_choice":"Obtained Relic","damage_taken":0,"relics_obtained":["Mummified Hand"],"max_hp_gain":0,"max_hp_loss":0,"event_name":"Addict","floor":21,"gold_loss":85},{"damage_healed":0,"gold_gain":0,"player_choice":"Forge","damage_taken":0,"max_hp_gain":0,"max_hp_loss":0,"event_name":"Accursed Blacksmith","floor":25,"gold_loss":0,"cards_upgraded":["Vault"]},{"damage_healed":0,"gold_gain":0,"player_choice":"Gave Potion","damage_taken":0,"relics_obtained":["Happy Flower"],"max_hp_gain":0,"max_hp_loss":0,"event_name":"WeMeetAgain","floor":28,"gold_loss":0},{"damage_healed":0,"gold_gain":0,"player_choice":"Fight","damage_taken":0,"max_hp_gain":0,"max_hp_loss":0,"event_name":"MindBloom","floor":38,"gold_loss":0}],"is_beta":false,"boss_relics":[{"not_picked":["SlaversCollar","Runic Dome"],"picked":"Black Star"},{"not_picked":["Runic Pyramid","Empty Cage"],"picked":"VioletLotus"}],"items_purged_floors":[37],"is_endless":false,"potions_floor_spawned":[5,12,16,18,19,20,30,39,40,44],"ascension_level":0}}