{"host":"l2821e3dgmq4sghh","time":1608821303,"event":{"mods":["BaseMod","Colored Powertips","Minty Spire (QoL Compilation)","StSLib"],"gold_per_floor":[12,23,36,36,53,88,108,108,155,155,186,186,186,218,218,318,318,335,335,105,116,116,142,152,52,52,87,104,104,119,139,139,241,241,256,256,270,270,1,30,30,58,85,85,17,52,63,79,79,79,79,79,31,60,60,60],"floor_reached":55,"playtime":8081,"items_purged":["Strike_B","Strike_B","Strike_B"],"score":1008,"play_id":"9b686269-b499-4446-a699-3cfee320dd0f","local_time":"20201224154823","is_ascension_mode":true,"campfire_choices":[{"data":"Beam Cell","floor":8.0,"key":"SMITH"},{"data":"Compile Driver","floor":10.0,"key":"SMITH"},{"floor":12.0,"key":"REST"},{"data":"Go for the Eyes","floor":15.0,"key":"SMITH"},{"data":"Coolheaded","floor":29.0,"key":"SMITH"},{"data":"Coolheaded","floor":32.0,"key":"SMITH"},{"data":"Beam Cell","floor":41.0,"key":"SMITH"},{"floor":49.0,"key":"RECALL"},{"data":"Redo","floor":52.0,"key":"SMITH"}],"circlet_count":0,"master_deck":["Defend_B","Defend_B","Defend_B","Zap","Dualcast","Coolheaded+1","Compile Driver+1","Go for the Eyes+1","Beam Cell+1","Compile Driver+1","Coolheaded+1","Turbo","Conserve Battery","Go for the Eyes+1","Gash+1","Gash","Sweeping Beam+1","Coolheaded+1","Gash","Leap+1","Compile Driver","Conserve Battery+1","Coolheaded+1","Conserve Battery","Beam Cell+1","Redo+1","Gash","Compile Driver+1","Beam Cell+1","Redo+1","Ball Lightning","Turbo","Gash+1","Conserve Battery+1"],"relics":["Cracked Core","Prayer Wheel","Pocketwatch","Dream Catcher","Question Card","PreservedInsect","SlaversCollar","Whetstone","Incense Burner","Symbiotic Virus","Meat on the Bone","Coffee Dripper","Potion Belt","Singing Bowl","Eternal Feather","Calipers","Mummified Hand"],"acts_visited":["Exordium","TheCity","TheBeyond","TheEnding"],"potions_floor_usage":[55,55,55,55],"damage_taken":[{"damage":0.0,"enemies":"Cultist","floor":1.0,"turns":4.0},{"damage":2.0,"enemies":"Jaw Worm","floor":2.0,"turns":4.0},{"damage":0.0,"enemies":"Small Slimes","floor":3.0,"turns":3.0},{"damage":2.0,"enemies":"Blue Slaver","floor":5.0,"turns":3.0},{"damage":25.0,"enemies":"Lagavulin","floor":6.0,"turns":8.0},{"damage":13.0,"enemies":"3 Louse","floor":7.0,"turns":3.0},{"damage":4.0,"enemies":"Gremlin Nob","floor":11.0,"turns":3.0},{"damage":11.0,"enemies":"3 Sentries","floor":14.0,"turns":7.0},{"damage":0.0,"enemies":"Hexaghost","floor":16.0,"turns":6.0},{"damage":11.0,"enemies":"Chosen","floor":18.0,"turns":6.0},{"damage":11.0,"enemies":"Spheric Guardian","floor":21.0,"turns":4.0},{"damage":6.0,"enemies":"Book of Stabbing","floor":23.0,"turns":5.0},{"damage":14.0,"enemies":"Snake Plant","floor":24.0,"turns":5.0},{"damage":2.0,"enemies":"Slavers","floor":27.0,"turns":5.0},{"damage":17.0,"enemies":"Cultist and Chosen","floor":28.0,"turns":5.0},{"damage":1.0,"enemies":"Sentry and Sphere","floor":30.0,"turns":4.0},{"damage":3.0,"enemies":"Centurion and Healer","floor":31.0,"turns":4.0},{"damage":16.0,"enemies":"Champ","floor":33.0,"turns":7.0},{"damage":0.0,"enemies":"3 Shapes","floor":35.0,"turns":4.0},{"damage":3.0,"enemies":"3 Darklings","floor":37.0,"turns":4.0},{"damage":27.0,"enemies":"Reptomancer","floor":40.0,"turns":6.0},{"damage":0.0,"enemies":"Nemesis","floor":42.0,"turns":5.0},{"damage":0.0,"enemies":"Giant Head","floor":46.0,"turns":6.0},{"damage":1.0,"enemies":"Sphere and 2 Shapes","floor":47.0,"turns":5.0},{"damage":4.0,"enemies":"4 Shapes","floor":48.0,"turns":5.0},{"damage":17.0,"enemies":"Awakened One","floor":50.0,"turns":12.0},{"damage":3.0,"enemies":"Shield and Spear","floor":54.0,"turns":6.0},{"damage":74,"enemies":"The Heart","floor":55,"turns":5}],"seed_played":"-2401127798540712248","potions_obtained":[{"floor":6.0,"key":"Ancient Potion"},{"floor":7.0,"key":"SpeedPotion"},{"floor":14.0,"key":"ColorlessPotion"},{"floor":16.0,"key":"Regen Potion"},{"floor":23.0,"key":"FearPotion"},{"floor":24.0,"key":"FairyPotion"},{"floor":27.0,"key":"SteroidPotion"},{"floor":33.0,"key":"Block Potion"},{"floor":35.0,"key":"PotionOfCapacity"},{"floor":40.0,"key":"ColorlessPotion"},{"floor":54.0,"key":"AttackPotion"}],"is_trial":false,"path_per_floor":["M","M","M","$","M","E","M","R","T","R","E","R","?","E","R","B",null,"M","?","$","M","?","E","M","$","T","E","M","R","M","M","R","B",null,"M","?","M","?","$","E","R","E","T","?","$","E","M","M","R","B",null,"R","$","E","B"],"character_chosen":"DEFECT","items_purchased":["Whetstone","Potion Belt","Redo","Ball Lightning","SkillPotion"],"campfire_rested":1,"item_purchase_floors":[20,39,45,45,53],"current_hp_per_floor":[75,73,73,73,71,46,33,33,33,33,29,51,51,40,40,40,75,64,64,64,53,53,61,47,47,47,45,40,40,39,48,48,44,75,75,71,68,68,68,41,41,41,41,41,41,43,42,40,58,41,75,75,75,74,0,0],"gold":60,"neow_bonus":"ONE_RARE_RELIC","is_daily":false,"chose_seed":false,"campfire_upgraded":7,"win_rate":0.0,"timestamp":1608821303,"path_taken":["M","M","M","$","M","E","?","R","T","R","E","R","?","E","R","BOSS","M","?","$","M","?","E","M","$","T","E","M","R","M","M","R","BOSS","M","?","M","?","$","E","R","E","T","?","$","E","M","M","R","BOSS","R","$","E","BOSS"],"items_purchased_type":["Relic","Relic","Card","Card","Potion"],"build_version":"2020-12-22","purchased_purges":3,"victory":false,"max_hp_per_floor":[75,75,75,75,75,75,75,75,75,75,75,75,75,75,75,75,75,75,75,75,75,75,75,75,75,75,75,75,75,75,75,75,75,75,75,71,71,71,71,71,71,71,71,71,71,73,73,75,75,75,75,75,75,77,77,77],"card_choices":[{"not_picked":["Turbo","Hologram"],"picked":"Coolheaded","floor":1.0},{"not_picked":["Coolheaded","Gash"],"picked":"Compile Driver","floor":1.0},{"not_picked":["Chaos","Rebound"],"picked":"Go for the Eyes","floor":2.0},{"not_picked":["Redo","Conserve Battery"],"picked":"Beam Cell","floor":2.0},{"not_picked":["Rebound","Loop"],"picked":"Compile Driver","floor":3.0},{"not_picked":["Leap","Tempest"],"picked":"Coolheaded","floor":3.0},{"not_picked":["Lockon","Darkness","Loop"],"picked":"SKIP","floor":5.0},{"not_picked":["Consume","Stack","Steam"],"picked":"SKIP","floor":5.0},{"not_picked":["Reboot","Consume"],"picked":"Turbo","floor":6.0},{"not_picked":["Consume","Stack","Static Discharge"],"picked":"SKIP","floor":7.0},{"not_picked":["Self Repair","Force Field","Chill"],"picked":"SKIP","floor":7.0},{"not_picked":["Turbo","Cold Snap"],"picked":"Conserve Battery","floor":11.0},{"not_picked":["Static Discharge","Turbo","Leap"],"picked":"Go for the Eyes","floor":12.0},{"not_picked":["Tempest","Sunder","Reinforced Body","Barrage"],"picked":"SKIP","floor":14.0},{"not_picked":["Streamline","Auto Shields","Cold Snap"],"picked":"Gash+1","floor":18.0},{"not_picked":["Tempest+1","Storm","Rebound+1","Melter"],"picked":"SKIP","floor":18.0},{"not_picked":["Turbo","White Noise+1","Recycle","Steam"],"picked":"SKIP","floor":21.0},{"not_picked":["Streamline","Compile Driver","Meteor Strike","Hologram"],"picked":"SKIP","floor":21.0},{"not_picked":["Steam+1","Sweeping Beam","Storm"],"picked":"Gash","floor":23.0},{"not_picked":["Gash","Barrage","Cold Snap"],"picked":"Sweeping Beam+1","floor":24.0},{"not_picked":["Streamline","Aggregate","Tempest+1","White Noise"],"picked":"SKIP","floor":24.0},{"not_picked":["White Noise","Go for the Eyes","Steam","Streamline"],"picked":"SKIP","floor":27.0},{"not_picked":["Streamline","Barrage","Rebound"],"picked":"Coolheaded+1","floor":28.0},{"not_picked":["Storm+1","Multi-Cast","Stack"],"picked":"Gash","floor":28.0},{"not_picked":["FTL","Steam Power","Turbo"],"picked":"Leap+1","floor":30.0},{"not_picked":["Static Discharge","Coolheaded","Melter"],"picked":"Compile Driver","floor":30.0},{"not_picked":["Thunder Strike","Sunder","Reprogram"],"picked":"Conserve Battery+1","floor":31.0},{"not_picked":["Ball Lightning+1","Go for the Eyes+1","Barrage"],"picked":"Coolheaded+1","floor":31.0},{"not_picked":["Heatsinks+1","Auto Shields+1","Ball Lightning+1"],"picked":"Conserve Battery","floor":35.0},{"not_picked":["Barrage+1","Defragment+1","Heatsinks","Beam Cell"],"picked":"SKIP","floor":35.0},{"not_picked":["Barrage+1","Defragment+1","Heatsinks"],"picked":"Beam Cell","floor":35.0},{"not_picked":["Lockon+1","Beam Cell","White Noise"],"picked":"Redo+1","floor":37.0},{"not_picked":["Steam Power+1","Storm","Steam+1"],"picked":"Gash","floor":37.0},{"not_picked":["Cold Snap+1","Reboot","Stack"],"picked":"Compile Driver+1","floor":40.0},{"not_picked":["Auto Shields","Heatsinks+1","Fusion+1"],"picked":"Beam Cell+1","floor":42.0},{"not_picked":["Double Energy+1","Recycle+1","Leap","Heatsinks+1"],"picked":"Singing Bowl","floor":46.0},{"not_picked":["Beam Cell","Aggregate+1","Coolheaded"],"picked":"Turbo","floor":47.0},{"not_picked":["Hologram","Seek","Skim+1"],"picked":"Gash+1","floor":47.0},{"not_picked":["Amplify","Sweeping Beam+1","Skim+1"],"picked":"Conserve Battery+1","floor":48.0},{"not_picked":["Hello World+1","Chill","Conserve Battery","Darkness"],"picked":"Singing Bowl","floor":48.0},{"not_picked":["Static Discharge+1","Force Field+1","Reprogram","Buffer"],"picked":"Singing Bowl","floor":54.0}],"player_experience":5370715,"relics_obtained":[{"floor":6.0,"key":"Pocketwatch"},{"floor":9.0,"key":"Dream Catcher"},{"floor":11.0,"key":"Question Card"},{"floor":14.0,"key":"PreservedInsect"},{"floor":23.0,"key":"Incense Burner"},{"floor":26.0,"key":"Symbiotic Virus"},{"floor":27.0,"key":"Meat on the Bone"},{"floor":40.0,"key":"Singing Bowl"},{"floor":42.0,"key":"Eternal Feather"},{"floor":46.0,"key":"Calipers"},{"floor":54.0,"key":"Mummified Hand"}],"event_choices":[{"cards_removed":["Strike_B"],"damage_healed":0.0,"max_hp_gain":0.0,"max_hp_loss":0.0,"gold_gain":0.0,"event_name":"Living Wall","player_choice":"Forget","floor":13.0,"gold_loss":0.0,"damage_taken":0.0},{"damage_healed":0.0,"max_hp_gain":0.0,"max_hp_loss":0.0,"gold_gain":0.0,"event_name":"Ghosts","player_choice":"Ignored","floor":19.0,"gold_loss":0.0,"damage_taken":0.0},{"damage_healed":0.0,"max_hp_gain":0.0,"max_hp_loss":0.0,"gold_gain":0.0,"event_name":"Vampires","player_choice":"Ignored","floor":22.0,"gold_loss":0.0,"damage_taken":0.0},{"damage_healed":0.0,"max_hp_gain":0.0,"max_hp_loss":4.0,"gold_gain":0.0,"event_name":"Winding Halls","player_choice":"Max HP","floor":36.0,"gold_loss":0.0,"damage_taken":0.0},{"damage_healed":0.0,"max_hp_gain":0.0,"max_hp_loss":0.0,"gold_gain":0.0,"event_name":"Tomb of Lord Red Mask","player_choice":"Ignored","floor":38.0,"gold_loss":0.0,"damage_taken":0.0},{"cards_removed":["Defend_B"],"damage_healed":0.0,"max_hp_gain":0.0,"max_hp_loss":0.0,"gold_gain":0.0,"event_name":"Purifier","player_choice":"Purged","floor":44.0,"gold_loss":0.0,"damage_taken":0.0}],"is_beta":false,"boss_relics":[{"not_picked":["Runic Pyramid","Fusion Hammer"],"picked":"SlaversCollar"},{"not_picked":["Velvet Choker","Astrolabe"],"picked":"Coffee Dripper"}],"items_purged_floors":[20,25,39],"is_endless":false,"potions_floor_spawned":[6,7,14,16,23,24,27,31,33,35,40,54],"killed_by":"The Heart","ascension_level":1}}