{"host":"x4x6fw95e6eqd4n0","time":1608808528,"event":{"mods":["AchievementEnabler","BaseMod","Colored Map","Colored Powertips","DeckTracker","Minty Spire (QoL Compilation)"],"gold_per_floor":[118,130,130,150,161,161,236,256,305,305,321,2,20,20,20,125,125,142,42,54,64,64,64,89,89,89,21,21,21,21,37,37,37,37],"floor_reached":33,"playtime":1313,"items_purged":["Strike_P","Strike_P"],"score":307,"play_id":"ae466d4f-370b-4090-a8aa-00f4adee72e3","local_time":"20201224131528","is_ascension_mode":false,"campfire_choices":[{"data":"Wallop","floor":6,"key":"SMITH"},{"data":"BattleHymn","floor":10,"key":"SMITH"},{"data":"MasterReality","floor":15,"key":"SMITH"},{"data":"Devotion","floor":23,"key":"SMITH"},{"data":"Collect","floor":25,"key":"SMITH"},{"data":"Adaptation","floor":28,"key":"SMITH"},{"floor":32,"key":"REST"}],"circlet_count":0,"master_deck":["Strike_P","Strike_P+1","Defend_P+1","Defend_P","Defend_P+1","Defend_P+1","Eruption+1","Vigilance","SandsOfTime","Wallop+1","Collect+1","DeceiveReality","BattleHymn+1","MasterReality+1","PathToVictory","Devotion+1","FollowUp+1","CrushJoints+1","CarveReality+1","FearNoEvil+1","FlurryOfBlows+1","Adaptation+1","CarveReality+1"],"relics":["PureWater","Toy Ornithopter","Shuriken","Molten Egg 2","Runic Pyramid","War Paint","Boot"],"acts_visited":["Exordium","TheCity"],"potions_floor_usage":[8,21,24,33,33,33],"damage_taken":[{"damage":1,"enemies":"Jaw Worm","floor":1,"turns":3},{"damage":5,"enemies":"Small Slimes","floor":2,"turns":5},{"damage":0,"enemies":"Cultist","floor":4,"turns":3},{"damage":13,"enemies":"Exordium Thugs","floor":5,"turns":4},{"damage":1,"enemies":"3 Louse","floor":8,"turns":3},{"damage":3,"enemies":"Exordium Wildlife","floor":11,"turns":4},{"damage":2,"enemies":"Blue Slaver","floor":13,"turns":3},{"damage":0,"enemies":"Slime Boss","floor":16,"turns":4},{"damage":5,"enemies":"Shell Parasite","floor":18,"turns":5},{"damage":3,"enemies":"3 Byrds","floor":20,"turns":4},{"damage":20,"enemies":"Shelled Parasite and Fungi","floor":21,"turns":6},{"damage":21,"enemies":"Book of Stabbing","floor":24,"turns":4},{"damage":16,"enemies":"Cultist and Chosen","floor":31,"turns":4},{"damage":83,"enemies":"Champ","floor":33,"turns":7}],"seed_played":"-4895559878724083781","potions_obtained":[{"floor":1,"key":"StancePotion"},{"floor":5,"key":"Regen Potion"},{"floor":11,"key":"FearPotion"},{"floor":16,"key":"GamblersBrew"},{"floor":21,"key":"DuplicationPotion"},{"floor":24,"key":"Dexterity Potion"},{"floor":31,"key":"DistilledChaos"}],"is_trial":false,"path_per_floor":["M","M","?","M","M","R","?","M","T","R","M","$","M","?","R","B",null,"M","$","M","M","?","R","E","R","T","$","R","T","$","M","R","B"],"character_chosen":"WATCHER","items_purchased":["Shuriken","Adaptation"],"campfire_rested":1,"item_purchase_floors":[12,27],"current_hp_per_floor":[71,66,52,52,39,39,28,36,36,36,33,33,31,31,31,31,72,67,67,64,49,49,49,33,33,33,33,33,33,33,17,38,0,0],"gold":37,"neow_bonus":"UPGRADE_CARD","is_daily":false,"chose_seed":false,"campfire_upgraded":6,"win_rate":0.0,"timestamp":1608808528,"path_taken":["M","M","?","M","M","R","?","M","T","R","M","$","M","?","R","BOSS","M","?","M","?","?","R","E","R","T","$","R","?","?","M","R","BOSS"],"items_purchased_type":["Relic","Card"],"build_version":"2020-12-13","purchased_purges":2,"victory":false,"max_hp_per_floor":[72,72,72,72,72,72,72,72,72,72,72,72,72,72,72,72,72,72,72,72,72,72,72,72,72,72,72,72,72,72,72,72,72,72],"card_choices":[{"not_picked":["WreathOfFlame","JustLucky"],"picked":"SandsOfTime","floor":1},{"not_picked":["EmptyFist","BowlingBash"],"picked":"Wallop","floor":2},{"not_picked":["WaveOfTheHand","ThirdEye"],"picked":"Collect","floor":4},{"not_picked":["CutThroughFate","Halt"],"picked":"DeceiveReality","floor":5},{"not_picked":["Prostrate","Crescendo"],"picked":"BattleHymn","floor":8},{"not_picked":["PathToVictory","Protect"],"picked":"MasterReality","floor":11},{"not_picked":["Evaluate","Halt"],"picked":"PathToVictory","floor":13},{"not_picked":["Establishment","DeusExMachina"],"picked":"Devotion","floor":16},{"not_picked":["Consecrate+1","Halt"],"picked":"FollowUp+1","floor":18},{"not_picked":["Pray","EmptyBody"],"picked":"CrushJoints+1","floor":20},{"not_picked":["Indignation","Prostrate"],"picked":"CarveReality+1","floor":21},{"not_picked":["Evaluate","Halt+1"],"picked":"FlurryOfBlows+1","floor":24},{"not_picked":["CrushJoints+1","SashWhip+1"],"picked":"CarveReality+1","floor":31}],"player_experience":79068,"relics_obtained":[{"floor":9,"key":"Toy Ornithopter"},{"floor":24,"key":"War Paint"},{"floor":26,"key":"Boot"}],"event_choices":[{"damage_healed":0,"gold_gain":0,"player_choice":"Entered Light","damage_taken":14,"max_hp_gain":0,"max_hp_loss":0,"event_name":"Shining Light","floor":3,"gold_loss":0,"cards_upgraded":["Defend_P","Strike_P"]},{"damage_healed":0,"gold_gain":75,"player_choice":"Gather Gold","damage_taken":11,"max_hp_gain":0,"max_hp_loss":0,"event_name":"World of Goop","floor":7,"gold_loss":0},{"damage_healed":0,"gold_gain":0,"player_choice":"Gave Potion","damage_taken":0,"relics_obtained":["Molten Egg 2"],"max_hp_gain":0,"max_hp_loss":0,"event_name":"WeMeetAgain","floor":14,"gold_loss":0},{"damage_healed":0,"gold_gain":0,"player_choice":"Read","damage_taken":0,"max_hp_gain":0,"max_hp_loss":0,"event_name":"The Library","floor":22,"gold_loss":0,"cards_obtained":["FearNoEvil"]}],"is_beta":false,"boss_relics":[{"not_picked":["Velvet Choker","Runic Dome"],"picked":"Runic Pyramid"}],"items_purged_floors":[12,19],"is_endless":false,"potions_floor_spawned":[1,5,11,16,21,24,31],"killed_by":"Champ","ascension_level":0}}