{"host":"32wqp873k6v4mx0b","time":1608841192,"event":{"mods":["AchievementEnabler","Act Like it!","BaseMod","Friendly Minions","KinomotoSakuraMod(木之本樱)","Kiyohime（清姬）","LagranYue(拉格朗・月)","Marisa（F雨　魔理沙）","Minty Spire (QoL Compilation)","Quick Restart","Reimu（博丽灵梦）","RumiaBox-露米娅的神秘盒子","SOS（斯巴达之子）","StSLib","WarShipGirlsR/战舰少女R mod","vexMod","【功能Mod】混沌之环修复补丁"],"gold_per_floor":[114,126,126,144,144,144,160,170,170,188,213,213,225,235,235,340,340,352,128,148,163,173,173,173,173],"floor_reached":24,"playtime":4997,"items_purged":["rmod:strick"],"score":229,"play_id":"d0959520-f9c3-4258-ad73-6e7d7e812431","local_time":"20201225041952","is_ascension_mode":false,"campfire_choices":[{"data":"rmod:basicallowance","floor":6,"key":"SMITH"},{"floor":12,"key":"REST"},{"floor":15,"key":"REST"}],"circlet_count":0,"master_deck":["rmod:strick","rmod:strick","rmod:strick","rmod:defend","rmod:defend","rmod:defend","rmod:defend","rmod:basicallowance+1","rmod:maingunfire","rmod:luckystar","rmod:ammunitionsupply","rmod:luckystar","rmod:acesubmarine","rmod:wife","rmod:firesupport","rmod:luckystar","rmod:selfconfidence","rmod:salvage","rmod:fletcherpendant","rmod:luckystar","rmod:fletcher","rmod:fuelsupply","rmod:highspeedmaneuver","rmod:punchline","rmod:diaomin","rmod:mineteam","rmod:luckystar","rmod:intelligenceanalysis","rmod:saltedfish"],"relics":["LagranYue:RandomDrawCardRelic","HornCleat","Nunchaku","rmod:mogul"],"acts_visited":["Exordium","TheCity"],"potions_floor_usage":[],"damage_taken":[{"damage":7,"enemies":"2 Louse","floor":1,"turns":2},{"damage":0,"enemies":"Cultist","floor":2,"turns":3},{"damage":0,"enemies":"Jaw Worm","floor":4,"turns":3},{"damage":6,"enemies":"Blue Slaver","floor":7,"turns":2},{"damage":17,"enemies":"Large Slime","floor":8,"turns":4},{"damage":10,"enemies":"Lots of Slimes","floor":10,"turns":3},{"damage":18,"enemies":"Lagavulin","floor":11,"turns":4},{"damage":0,"enemies":"Exordium Thugs","floor":13,"turns":2},{"damage":7,"enemies":"Blue Slaver","floor":14,"turns":3},{"damage":32,"enemies":"Slime Boss","floor":16,"turns":5},{"damage":20,"enemies":"Shell Parasite","floor":18,"turns":4},{"damage":21,"enemies":"2 Thieves","floor":20,"turns":3},{"damage":10,"enemies":"Snecko","floor":21,"turns":5},{"damage":11,"enemies":"Snake Plant","floor":22,"turns":5},{"damage":25,"enemies":"Slavers","floor":24,"turns":1}],"seed_played":"-5086802319015886189","potions_obtained":[{"floor":1,"key":"FearPotion"},{"floor":7,"key":"Strength Potion"},{"floor":13,"key":"BlessingOfTheForge"},{"floor":16,"key":"GamblersBrew"},{"floor":18,"key":"AttackPotion"},{"floor":22,"key":"Block Potion"}],"is_trial":false,"path_per_floor":["M","M","?","M","T","R","M","M","T","M","E","R","M","M","R","B",null,"M","$","M","M","M","?","E"],"character_chosen":"PRAEFECT","items_purchased":["rmod:diaomin","rmod:mineteam"],"campfire_rested":2,"item_purchase_floors":[19,19],"current_hp_per_floor":[68,68,68,68,68,68,62,45,45,35,17,39,39,32,54,22,75,55,55,34,24,13,13,0,0],"gold":173,"neow_bonus":"THREE_CARDS","is_daily":false,"chose_seed":false,"campfire_upgraded":1,"win_rate":0.0,"timestamp":1608841192,"path_taken":["M","M","?","?","?","R","M","M","T","?","E","R","M","M","R","BOSS","M","$","M","M","M","?","E"],"items_purchased_type":["Card","Card"],"build_version":"2020-12-22","purchased_purges":1,"victory":false,"max_hp_per_floor":[75,75,75,75,75,75,75,75,75,75,75,75,75,75,75,75,75,75,75,75,75,75,75,75,75],"card_choices":[{"not_picked":["rmod:punchline","rmod:fletcherpendant"],"picked":"rmod:luckystar","floor":0},{"not_picked":["rmod:aggressivemary","rmod:victimresponsibility"],"picked":"rmod:ammunitionsupply","floor":1},{"not_picked":["rmod:fletcherpendant","rmod:diamondstrike"],"picked":"rmod:luckystar","floor":2},{"not_picked":["rmod:wolves","rmod:capitalist"],"picked":"rmod:wife","floor":4},{"not_picked":["rmod:advancebysurprise","rmod:circuitoustactics"],"picked":"rmod:firesupport","floor":7},{"not_picked":["rmod:supportaircraftcarrier","rmod:supportescort"],"picked":"rmod:luckystar","floor":8},{"not_picked":["rmod:ammunitionsupply","rmod:unsinkable"],"picked":"rmod:selfconfidence","floor":10},{"not_picked":["rmod:chargemoney","rmod:acesubmarine"],"picked":"rmod:salvage","floor":11},{"not_picked":["rmod:fletcherpendant","rmod:ammunitionsupply"],"picked":"rmod:luckystar","floor":13},{"not_picked":["rmod:tearstotiara","rmod:ammunitionsupply"],"picked":"rmod:fuelsupply","floor":14},{"not_picked":["rmod:stealaluminum","rmod:fletcher"],"picked":"rmod:highspeedmaneuver","floor":16},{"not_picked":["rmod:firesupport","rmod:fletcherpendant+1"],"picked":"rmod:punchline","floor":18},{"not_picked":["rmod:tearstotiara","rmod:lonelyqueen"],"picked":"rmod:luckystar","floor":20},{"not_picked":["rmod:bulid","rmod:smokecover","rmod:tearstotiara"],"picked":"SKIP","floor":21},{"not_picked":["rmod:salvage","rmod:firesupport+1"],"picked":"rmod:intelligenceanalysis","floor":22}],"player_experience":240040,"relics_obtained":[{"floor":5,"key":"HornCleat"},{"floor":11,"key":"Nunchaku"}],"event_choices":[{"damage_healed":0,"gold_gain":0,"player_choice":"1 cards matched","damage_taken":0,"max_hp_gain":0,"max_hp_loss":0,"event_name":"Match and Keep!","floor":3,"gold_loss":0,"cards_obtained":["rmod:acesubmarine"]},{"damage_healed":0,"gold_gain":0,"cards_transformed":["rmod:fletcher"],"player_choice":"Transformed","damage_taken":0,"max_hp_gain":0,"max_hp_loss":0,"event_name":"Transmorgrifier","floor":23,"gold_loss":0,"cards_obtained":["rmod:saltedfish"]}],"is_beta":false,"boss_relics":[{"not_picked":["SoulBox","vexMod:NewClearReactor"],"picked":"rmod:mogul"}],"items_purged_floors":[19],"is_endless":false,"potions_floor_spawned":[1,7,13,16,18,22],"killed_by":"Slavers","ascension_level":0}}