{"host":"voynvaosqxulty6e","time":1608824780,"event":{"mods":["BaseMod","Colored Map","Hubris","Minty Spire (QoL Compilation)","Replay The Spire","StSLib"],"gold_per_floor":[112,112,187,111,111,111,121,132,132,166,178,178,204,217,217,322,322,342,122,141,41,60,60,73,104,104,5,30,30,30,65,65,126,126,126,126],"floor_reached":35,"playtime":1435,"items_purged":["Abandon","Entrench"],"score":358,"play_id":"c2c20e89-e5c0-48a0-a28a-bbe8c6fefd70","local_time":"20201224164620","is_ascension_mode":true,"campfire_choices":[{"data":"Heavy Blade","floor":6,"key":"SMITH"},{"floor":15,"key":"REST"},{"data":"Eclipse","floor":23,"key":"SMITH"},{"floor":34,"key":"REST"}],"circlet_count":0,"master_deck":["Bash+1","Twin Strike","Heavy Blade+1","Havoc","Armaments","Perfected Strike","Entrench","Body Slam","Sentinel","Wild Strike","Fiend Fire","Battle Trance","Rampage","Eclipse+1","Reaper","Abandon","Immolate","Reaper","True Grit","Defy Death","hubris:CleavingFinish+1","Spot Weakness+1"],"relics":["Burning Blood","hubris:Icosahedron","Unceasing Top","Orichalcum","SsserpentHead","Replay:Bottled Steam","Pandora\u0027s Box","MealTicket","Quantum Egg","Garlic","Medical Kit","hubris:ToyBattleship","Question Card"],"acts_visited":["Exordium","TheCity"],"potions_floor_usage":[16,25,28,31,35],"damage_taken":[{"damage":6,"enemies":"2 Louse","floor":1,"turns":3},{"damage":12,"enemies":"Jaw Worm","floor":7,"turns":2},{"damage":15,"enemies":"Small Slimes","floor":8,"turns":3},{"damage":41,"enemies":"3 Sentries","floor":10,"turns":9},{"damage":9,"enemies":"2 Fungi Beasts","floor":11,"turns":3},{"damage":13,"enemies":"Gremlin Nob","floor":13,"turns":3},{"damage":12,"enemies":"Lots of Slimes","floor":14,"turns":4},{"damage":33,"enemies":"Fading Forest","floor":16,"turns":11},{"damage":16,"enemies":"Shell Parasite","floor":18,"turns":4},{"damage":22,"enemies":"Spheric Guardian","floor":20,"turns":4},{"damage":17,"enemies":"Chosen and Byrds","floor":22,"turns":5},{"damage":65,"enemies":"Centurion and Healer","floor":24,"turns":10},{"damage":18,"enemies":"Gremlin Leader","floor":25,"turns":7},{"damage":18,"enemies":"Slavers","floor":28,"turns":5},{"damage":9,"enemies":"Book of Stabbing","floor":31,"turns":3},{"damage":4,"enemies":"Shelled Parasite and Fungi","floor":33,"turns":3},{"damage":69,"enemies":"Pondfish","floor":35,"turns":8}],"seed_played":"-6300340807212280878","potions_obtained":[{"floor":13,"key":"FairyPotion"},{"floor":14,"key":"Regen Potion"},{"floor":16,"key":"SpeedPotion"},{"floor":24,"key":"LifebloodPotion"},{"floor":25,"key":"DistilledChaos"},{"floor":28,"key":"GamblersBrew"}],"is_trial":false,"path_per_floor":["M","?","?","$","?","R","M","M","T","E","M","?","E","M","R","B",null,"M","$","M","$","M","R","M","E","T","$","E","PTL","PTL","E","?","M","R","B"],"character_chosen":"IRONCLAD","items_purchased":["Heavy Blade","Havoc","MealTicket","Medical Kit"],"campfire_rested":2,"item_purchase_floors":[4,4,19,27],"current_hp_per_floor":[80,80,69,69,69,69,63,54,54,19,16,16,9,29,53,51,80,70,70,54,69,70,70,19,20,20,35,35,35,35,32,32,34,58,0,0],"gold":126,"neow_bonus":"UPGRADE_CARD","is_daily":false,"chose_seed":false,"campfire_upgraded":2,"win_rate":0.0,"timestamp":1608824780,"path_taken":["M","?","?","$","?","R","M","M","T","E","M","?","E","M","R","BOSS","M","$","M","$","M","R","M","E","T","?","E","PTL","PTL","E","?","?","R","BOSS"],"items_purchased_type":["Card","Card","Relic","Relic"],"build_version":"2020-12-22","purchased_purges":2,"victory":false,"max_hp_per_floor":[80,80,80,80,80,80,80,80,80,80,80,80,80,80,80,80,80,80,80,80,80,80,80,80,80,80,80,80,80,80,80,80,80,80,80,80],"card_choices":[{"not_picked":["Havoc","Body Slam"],"picked":"Twin Strike","floor":1},{"not_picked":["Run Through","Cleave"],"picked":"Armaments","floor":7},{"not_picked":["Sword Boomerang","Armaments"],"picked":"Perfected Strike","floor":8},{"not_picked":["Havoc","hubris:SharpeningStone"],"picked":"Entrench","floor":10},{"not_picked":["Anger","Replay:Undeath\u0027s Touch"],"picked":"Body Slam","floor":11},{"not_picked":["Blood for Blood","Fire Breathing"],"picked":"Sentinel","floor":13},{"not_picked":["ReplayTheSpireMod:Strike From Hell","Clash"],"picked":"Wild Strike","floor":14},{"not_picked":["Berserk","Feed"],"picked":"Fiend Fire","floor":16},{"not_picked":["Clothesline+1","Iron Wave"],"picked":"True Grit","floor":18},{"not_picked":["Hemokinesis","ReplayTheSpireMod:Strike From Hell","Iron Wave"],"picked":"SKIP","floor":20},{"not_picked":["Cleave","Body Slam","Disarm"],"picked":"SKIP","floor":22},{"not_picked":["Limit Break","Abandon"],"picked":"Defy Death","floor":24},{"not_picked":["Shockwave","Massacre","Searing Blow+1"],"picked":"SKIP","floor":25},{"not_picked":["Armaments","Rampage"],"picked":"hubris:CleavingFinish+1","floor":28},{"not_picked":["Entrench+1","Brutality"],"picked":"Spot Weakness+1","floor":31},{"not_picked":["Cleave","hubris:ReadiedAction","Infernal Blade","Carnage"],"picked":"SKIP","floor":33}],"player_experience":200498,"relics_obtained":[{"floor":9,"key":"Unceasing Top"},{"floor":10,"key":"Orichalcum"},{"floor":13,"key":"Replay:Bottled Steam"},{"floor":25,"key":"Quantum Egg"},{"floor":26,"key":"Garlic"},{"floor":28,"key":"hubris:ToyBattleship"},{"floor":31,"key":"Question Card"}],"event_choices":[{"damage_healed":0,"gold_gain":0,"player_choice":"Leave","damage_taken":0,"max_hp_gain":0,"max_hp_loss":0,"event_name":"The Cleric","floor":2,"gold_loss":0},{"damage_healed":0,"gold_gain":75,"player_choice":"Gather Gold","damage_taken":11,"max_hp_gain":0,"max_hp_loss":0,"event_name":"World of Goop","floor":3,"gold_loss":0},{"damage_healed":0,"gold_gain":0,"player_choice":"Trade","damage_taken":0,"relics_obtained":["SsserpentHead"],"max_hp_gain":0,"max_hp_loss":0,"event_name":"FaceTrader","floor":12,"gold_loss":0},{"damage_healed":0,"gold_gain":0,"player_choice":"Bet on Owner","damage_taken":0,"max_hp_gain":0,"max_hp_loss":0,"event_name":"The Joust","floor":32,"gold_loss":50}],"is_beta":false,"boss_relics":[{"not_picked":["Velvet Choker","hubris:BlackHole"],"picked":"Pandora\u0027s Box"}],"items_purged_floors":[19,21],"is_endless":false,"potions_floor_spawned":[13,14,16,24,25,28],"killed_by":"Pondfish","ascension_level":2}}