{"host":"1tmagqyeywr2w44t","time":1608814234,"event":{"mods":["2.2 Compatiblity","BaseMod","Colored Powertips","Downfall","Minty Spire (QoL Compilation)","Rare Cards Sparkle","Replay The Spire","StSLib","SuperFastMode","The Marked"],"gold_per_floor":[111,186,197,212,224,224,238,248,248,248,266,282,308,33,33,134,184,199,210,226,226,226,252,252,252,252,263,273,288,288,307,307,408,408,423,423,435,448,109,109,129,129,129,147,147,147],"floor_reached":45,"playtime":2404,"items_purged":["Strike_P"],"score":610,"play_id":"8ec8be2f-7930-4b50-a47e-a463d5b72bc2","local_time":"20201224215034","is_ascension_mode":false,"campfire_choices":[{"data":"Eruption","floor":6,"key":"SMITH"},{"floor":15,"key":"REST"},{"data":"Establishment","floor":25,"key":"SMITH"},{"data":"Adaptation","floor":32,"key":"SMITH"},{"floor":40,"key":"RECALL"},{"floor":42,"key":"REST"}],"circlet_count":0,"master_deck":["Defend_P","Defend_P+1","Defend_P","Eruption+1","Vigilance","FlurryOfBlows","CarveReality","Replay:AllIn","Replay:DivineShield","Adaptation+1","Meditate+1","Replay:BluntJabs","Impatience+1","WindmillStrike","Evaluate+1","EmptyBody+1","Halt+1","Establishment+1","ClearTheMind+1","JustLucky","Replay:AtTheReady+1","Replay:Vibes+1","BattleHymn","Replay:LoomingThreat","Collect+1","Protect+1","LessonLearned+1","Parasite","MasterReality","Panacea+1","ThirdEye+1"],"relics":["PureWater","Toxic Egg 2","Odd Mushroom","Melange","Tiny House","MutagenicStrength","Garlic","Pondfish Scales","Astrolabe","Shuriken"],"acts_visited":["Exordium","TheCity","TheBeyond"],"potions_floor_usage":[8,20,23,33,33,33,38],"damage_taken":[{"damage":5,"enemies":"Small Slimes","floor":1,"turns":6},{"damage":1,"enemies":"Cultist","floor":3,"turns":4},{"damage":1,"enemies":"2 Louse","floor":4,"turns":2},{"damage":14,"enemies":"Large Slime","floor":5,"turns":4},{"damage":3,"enemies":"Looter","floor":7,"turns":4},{"damage":19,"enemies":"Lots of Slimes","floor":8,"turns":4},{"damage":0,"enemies":"Large Slime","floor":11,"turns":3},{"damage":1,"enemies":"Exordium Thugs","floor":12,"turns":3},{"damage":11,"enemies":"The Mushroom Lair","floor":13,"turns":4},{"damage":9,"enemies":"Hexaghost","floor":16,"turns":9},{"damage":0,"enemies":"Spheric Guardian","floor":18,"turns":3},{"damage":0,"enemies":"3 Byrds","floor":19,"turns":4},{"damage":0,"enemies":"Sentry and Sphere","floor":20,"turns":4},{"damage":30,"enemies":"Book of Stabbing","floor":23,"turns":6},{"damage":4,"enemies":"Snake Plant","floor":27,"turns":3},{"damage":3,"enemies":"Shelled Parasite and Fungi","floor":28,"turns":6},{"damage":2,"enemies":"Centurion and Healer","floor":29,"turns":6},{"damage":0,"enemies":"Cultist and Chosen","floor":31,"turns":4},{"damage":18,"enemies":"Pondfish","floor":33,"turns":10},{"damage":3,"enemies":"Orb Walker","floor":35,"turns":4},{"damage":6,"enemies":"3 Darklings","floor":37,"turns":5},{"damage":34,"enemies":"Writhing Mass","floor":38,"turns":7},{"damage":36,"enemies":"4 Shapes","floor":41,"turns":8},{"damage":26,"enemies":"3 Darklings","floor":44,"turns":5},{"damage":23,"enemies":"Transient","floor":45,"turns":3}],"seed_played":"7518022006501016761","potions_obtained":[{"floor":4,"key":"PowerPotion"},{"floor":11,"key":"StancePotion"},{"floor":13,"key":"sneckomod:MuddlingPotion"},{"floor":16,"key":"Block Potion"},{"floor":17,"key":"DuplicationPotion"},{"floor":20,"key":"Swift Potion"},{"floor":29,"key":"Weak Potion"},{"floor":31,"key":"EssenceOfSteel"},{"floor":33,"key":"Dexterity Potion"},{"floor":35,"key":"ColorlessPotion"},{"floor":37,"key":"Venom Potion"},{"floor":38,"key":"Guardian:BlockOnCardUsePotion"}],"is_trial":false,"path_per_floor":["M","?","M","M","M","R","M","M","T","?","M","M","?","$","R","B",null,"M","M","M","?","?","E","?","R","T","M","M","M","?","M","R","B",null,"M","?","M","M","$","R","M","R","T","M","M"],"character_chosen":"WATCHER","items_purchased":["Melange","Halt+1","Shuriken","Panacea+1"],"campfire_rested":2,"item_purchase_floors":[14,14,39,39],"current_hp_per_floor":[74,63,62,61,47,47,44,25,25,25,25,24,13,13,36,27,84,84,84,84,84,68,38,38,38,38,34,31,29,29,29,29,11,89,86,86,80,46,46,46,10,36,36,10,0,0],"gold":147,"neow_bonus":"TEN_PERCENT_HP_BONUS","is_daily":false,"chose_seed":false,"campfire_upgraded":3,"win_rate":0.0,"timestamp":1608814234,"path_taken":["M","?","M","M","M","R","M","M","T","?","?","M","?","$","R","BOSS","M","M","M","?","?","E","?","R","T","M","?","M","?","M","R","BOSS","M","?","?","M","$","R","M","R","T","M","M"],"items_purchased_type":["Relic","Card","Relic","Card"],"build_version":"2020-12-22","purchased_purges":1,"victory":false,"max_hp_per_floor":[79,79,79,79,79,79,79,79,79,79,79,79,79,79,79,79,84,84,84,84,84,89,89,89,89,89,89,89,89,89,89,89,89,89,89,89,89,89,89,89,89,89,89,89,89,89],"card_choices":[{"not_picked":["EmptyFist","ClearTheMind"],"picked":"FlurryOfBlows","floor":1},{"not_picked":["Protect","WheelKick"],"picked":"CarveReality","floor":3},{"not_picked":["CrushJoints","FlyingSleeves"],"picked":"Replay:AllIn","floor":4},{"not_picked":["ThirdEye","Conclude"],"picked":"Replay:DivineShield","floor":5},{"not_picked":["EmptyBody","Replay:ManipulateFuture"],"picked":"Adaptation","floor":7},{"not_picked":["Tantrum","Crescendo"],"picked":"Meditate","floor":8},{"not_picked":["Replay:ManipulateFuture+1","BowlingBash"],"picked":"WindmillStrike","floor":11},{"not_picked":["Replay:DivineShield+1","TalkToTheHand"],"picked":"Evaluate+1","floor":12},{"not_picked":["JustLucky","Protect+1"],"picked":"EmptyBody+1","floor":13},{"not_picked":["Replay:LoomingThreat","Ragnarok"],"picked":"Establishment","floor":16},{"not_picked":["Evaluate+1","PathToVictory+1"],"picked":"ClearTheMind+1","floor":17},{"not_picked":["EmptyFist","WreathOfFlame+1"],"picked":"JustLucky","floor":18},{"not_picked":["CutThroughFate","Crescendo+1"],"picked":"Replay:AtTheReady+1","floor":19},{"not_picked":["EmptyFist+1","SashWhip+1","Halt+1"],"picked":"SKIP","floor":20},{"not_picked":["FlurryOfBlows","Conclude+1"],"picked":"Replay:Vibes+1","floor":23},{"not_picked":["Adaptation","Halt+1","Meditate+1"],"picked":"SKIP","floor":27},{"not_picked":["WheelKick","Evaluate+1"],"picked":"BattleHymn","floor":28},{"not_picked":["ThirdEye+1","SignatureMove","Crescendo+1"],"picked":"SKIP","floor":29},{"not_picked":["EmptyBody+1","Protect+1","Halt+1"],"picked":"SKIP","floor":31},{"not_picked":["Scrawl+1","Replay:AllIn+1"],"picked":"Replay:LoomingThreat","floor":33},{"not_picked":["ThirdEye+1","Crescendo+1","BowlingBash+1"],"picked":"SKIP","floor":35},{"not_picked":["Evaluate+1","Consecrate+1","SashWhip"],"picked":"SKIP","floor":37},{"not_picked":["FollowUp","Sanctity+1"],"picked":"MasterReality","floor":38},{"not_picked":["FlyingSleeves+1","BattleHymn","WaveOfTheHand+1"],"picked":"SKIP","floor":41},{"not_picked":["FlurryOfBlows","Consecrate"],"picked":"ThirdEye+1","floor":44}],"player_experience":161750,"relics_obtained":[{"floor":9,"key":"Toxic Egg 2"},{"floor":13,"key":"Odd Mushroom"},{"floor":23,"key":"Garlic"},{"floor":26,"key":"Pondfish Scales"}],"event_choices":[{"damage_healed":0,"gold_gain":75,"player_choice":"Gather Gold","damage_taken":11,"max_hp_gain":0,"max_hp_loss":0,"event_name":"World of Goop","floor":2,"gold_loss":0},{"damage_healed":0,"gold_gain":0,"player_choice":"2 cards matched","damage_taken":0,"max_hp_gain":0,"max_hp_loss":0,"event_name":"Match and Keep!","floor":10,"gold_loss":0,"cards_obtained":["Replay:BluntJabs","Impatience"]},{"damage_healed":0,"gold_gain":0,"player_choice":"Fought Mushrooms","damage_taken":0,"max_hp_gain":0,"max_hp_loss":0,"event_name":"Mushrooms","floor":13,"gold_loss":0},{"damage_healed":0,"gold_gain":0,"player_choice":"Inject Mutagens","damage_taken":0,"relics_obtained":["MutagenicStrength"],"max_hp_gain":0,"max_hp_loss":0,"event_name":"Drug Dealer","floor":21,"gold_loss":0},{"damage_healed":0,"gold_gain":0,"player_choice":"Shed Blood","damage_taken":21,"max_hp_gain":5,"max_hp_loss":0,"event_name":"Forgotten Altar","floor":22,"gold_loss":0},{"damage_healed":0,"gold_gain":0,"player_choice":"Bought 0 Potions","damage_taken":0,"max_hp_gain":0,"max_hp_loss":0,"event_name":"The Woman in Blue","floor":24,"gold_loss":0},{"cards_removed":["Strike_P"],"damage_healed":0,"gold_gain":0,"player_choice":"Purged","damage_taken":0,"max_hp_gain":0,"max_hp_loss":0,"event_name":"Purifier","floor":36,"gold_loss":0}],"is_beta":false,"boss_relics":[{"not_picked":["Replay:Bronze Core","Replay:Drink Me"],"picked":"Tiny House"},{"not_picked":["Pandora\u0027s Box","Kintsugi"],"picked":"Astrolabe"}],"items_purged_floors":[14],"is_endless":false,"potions_floor_spawned":[4,11,13,16,20,29,31,33,35,37,38],"killed_by":"Transient","ascension_level":0}}