{"host":"ged1bqtamtf4sn4x","time":1608816039,"event":{"mods":["BaseMod","Colored Map","DeckTracker","Highlight Path","Keyboard Shortcuts","Minty Spire (QoL Compilation)","Permanent Neow","Quick Restart","SuperFastMode","everything is the same but u backflip on backflip"],"gold_per_floor":[14,28,28,46,64,64,84,98,98,132,132,146,178,196,196,196,196],"floor_reached":16,"playtime":591,"items_purged":[],"score":116,"play_id":"80892aa9-56b6-4000-a159-d227dfa22918","local_time":"20201224222039","is_ascension_mode":false,"campfire_choices":[{"data":"All Out Attack","floor":6.0,"key":"SMITH"},{"data":"Underhanded Strike","floor":15.0,"key":"SMITH"}],"circlet_count":0,"master_deck":["Strike_G","Strike_G","Strike_G","Strike_G","Defend_G","Defend_G","Defend_G","Defend_G","Defend_G","Survivor","Neutralize","Prepared","All Out Attack+1","Dash","PiercingWail","PiercingWail","Acrobatics","Prepared","Blur","Well Laid Plans","Poisoned Stab","Underhanded Strike+1"],"relics":["Ring of the Snake","Ginger","White Beast Statue","Prayer Wheel","Gambling Chip"],"acts_visited":["Exordium"],"potions_floor_usage":[],"damage_taken":[{"damage":4.0,"enemies":"Cultist","floor":1.0,"turns":4.0},{"damage":0.0,"enemies":"2 Louse","floor":2.0,"turns":3.0},{"damage":1.0,"enemies":"Jaw Worm","floor":4.0,"turns":5.0},{"damage":1.0,"enemies":"Blue Slaver","floor":5.0,"turns":3.0},{"damage":0.0,"enemies":"Exordium Wildlife","floor":7.0,"turns":1.0},{"damage":1.0,"enemies":"3 Louse","floor":8.0,"turns":3.0},{"damage":9.0,"enemies":"3 Sentries","floor":10.0,"turns":7.0},{"damage":3.0,"enemies":"Gremlin Gang","floor":12.0,"turns":2.0},{"damage":9.0,"enemies":"Gremlin Nob","floor":13.0,"turns":5.0},{"damage":0.0,"enemies":"2 Fungi Beasts","floor":14.0,"turns":3.0},{"damage":35,"enemies":"Slime Boss","floor":16,"turns":4}],"seed_played":"6235369064298210039","potions_obtained":[{"floor":1.0,"key":"Strength Potion"},{"floor":7.0,"key":"ColorlessPotion"},{"floor":10.0,"key":"Poison Potion"},{"floor":12.0,"key":"Block Potion"},{"floor":13.0,"key":"SmokeBomb"},{"floor":14.0,"key":"Dexterity Potion"}],"is_trial":false,"path_per_floor":["M","M","?","M","M","R","M","M","T","E","?","M","E","M","R","B"],"character_chosen":"THE_SILENT","items_purchased":[],"campfire_rested":0,"item_purchase_floors":[],"current_hp_per_floor":[66,66,66,65,64,64,64,63,63,54,54,51,42,42,42,7,7],"gold":196,"neow_bonus":"ONE_RARE_RELIC","is_daily":false,"chose_seed":false,"campfire_upgraded":2,"win_rate":0.0,"timestamp":1608816039,"path_taken":["M","M","?","M","M","R","M","M","T","E","?","M","E","M","R","BOSS"],"items_purchased_type":[],"build_version":"2020-12-22","purchased_purges":0,"victory":false,"max_hp_per_floor":[70,70,70,70,70,70,70,70,70,70,70,70,70,70,70,70,70],"card_choices":[{"not_picked":["Flechettes","Dagger Spray"],"picked":"Prepared","floor":1.0},{"not_picked":["Footwork","Outmaneuver"],"picked":"All Out Attack","floor":2.0},{"not_picked":["All Out Attack","Backflip"],"picked":"PiercingWail","floor":4.0},{"not_picked":["Blade Dance","All Out Attack","Finisher"],"picked":"SKIP","floor":5.0},{"not_picked":["Concentrate","Flechettes"],"picked":"PiercingWail","floor":7.0},{"not_picked":["PiercingWail","Backflip"],"picked":"Acrobatics","floor":8.0},{"not_picked":["PiercingWail","Night Terror"],"picked":"Prepared","floor":10.0},{"not_picked":["Dagger Spray","Riddle With Holes"],"picked":"Blur","floor":12.0},{"not_picked":["Noxious Fumes","Dagger Spray","Finisher"],"picked":"SKIP","floor":12.0},{"not_picked":["Deflect","Blur"],"picked":"Well Laid Plans","floor":13.0},{"not_picked":["All Out Attack","Slice"],"picked":"Poisoned Stab","floor":14.0},{"not_picked":["Unload","Skewer"],"picked":"Underhanded Strike","floor":14.0}],"player_experience":397907,"relics_obtained":[{"floor":9.0,"key":"White Beast Statue"},{"floor":10.0,"key":"Prayer Wheel"},{"floor":13.0,"key":"Gambling Chip"}],"event_choices":[{"damage_healed":0.0,"max_hp_gain":0.0,"max_hp_loss":0.0,"gold_gain":0.0,"cards_transformed":["Strike_G"],"event_name":"Living Wall","player_choice":"Change","floor":3.0,"gold_loss":0.0,"damage_taken":0.0,"cards_obtained":["Dash"]},{"damage_healed":0.0,"max_hp_gain":0.0,"max_hp_loss":0.0,"gold_gain":0.0,"event_name":"Liars Game","player_choice":"Ignored","floor":11.0,"gold_loss":0.0,"damage_taken":0.0}],"is_beta":false,"boss_relics":[],"items_purged_floors":[],"is_endless":false,"potions_floor_spawned":[1,7,10,12,13,14],"killed_by":"Slime Boss","ascension_level":0}}