{"host":"h5golg54dem4i27y","time":1608773881,"event":{"mods":["BaseMod","Colored Map","Colored Powertips","Minty Spire (QoL Compilation)","Replay The Spire","StSLib","SuperFastMode","The Hierophant"],"gold_per_floor":[112,112,125,125,147,147,155,177,203,203,203,203,155,155,155,155,155],"floor_reached":16,"playtime":340,"items_purged":[],"score":90,"play_id":"616d18c1-e682-4a96-8985-4521f6073ba6","local_time":"20201224103801","is_ascension_mode":false,"campfire_choices":[{"data":"hierophant:ChurchCoffers","floor":6.0,"key":"SMITH"},{"data":"hierophant:DisplayOfPower","floor":12.0,"key":"SMITH"},{"data":"hierophant:FieryStrike","floor":15.0,"key":"SMITH"}],"circlet_count":0,"master_deck":["hierophant:Strike_Hierophant","hierophant:Strike_Hierophant","hierophant:Strike_Hierophant","hierophant:Punish","hierophant:Defend_Hierophant","hierophant:Defend_Hierophant","hierophant:Defend_Hierophant","hierophant:ChurchCoffers+1","hierophant:FieryStrike+1","hierophant:Determination+1","hierophant:Doubloon","hierophant:HolyVerse","hierophant:DisplayOfPower+1"],"relics":["hierophant:PropheticMaskRelic","Blood Vial","Art of War","Pet Ghost"],"acts_visited":["Exordium"],"potions_floor_usage":[16,16],"damage_taken":[{"damage":0.0,"enemies":"Small Slimes","floor":1.0,"turns":3.0},{"damage":1.0,"enemies":"Jaw Worm","floor":3.0,"turns":3.0},{"damage":0.0,"enemies":"2 Louse","floor":5.0,"turns":1.0},{"damage":10.0,"enemies":"Large Slime","floor":7.0,"turns":3.0},{"damage":4.0,"enemies":"Gremlin Gang","floor":8.0,"turns":3.0},{"damage":60,"enemies":"Hexaghost","floor":16,"turns":9}],"seed_played":"5457821323155056098","potions_obtained":[{"floor":0.0,"key":"Death Potion"},{"floor":0.0,"key":"Swift Potion"},{"floor":0.0,"key":"BlessingOfTheForge"},{"floor":5.0,"key":"Energy Potion"},{"floor":7.0,"key":"Swift Potion"}],"is_trial":false,"path_per_floor":["M","?","M","?","M","R","M","M","T","?","T","R","$","?","R","B"],"character_chosen":"HIEROPHANT","items_purchased":["Weak Potion"],"campfire_rested":0,"item_purchase_floors":[13],"current_hp_per_floor":[75,75,74,79,79,79,69,65,65,58,58,58,58,58,58,0,0],"gold":155,"neow_bonus":"THREE_SMALL_POTIONS","is_daily":false,"chose_seed":false,"campfire_upgraded":3,"win_rate":0.0,"timestamp":1608773881,"path_taken":["M","?","M","?","M","R","M","M","T","?","?","R","$","?","R","BOSS"],"items_purchased_type":["Potion"],"build_version":"2020-12-22","purchased_purges":0,"victory":false,"max_hp_per_floor":[75,75,75,80,80,80,80,80,80,80,80,80,80,80,80,80,80],"card_choices":[{"not_picked":["hierophant:MorningPrayer","hierophant:RepressedViolence"],"picked":"hierophant:FieryStrike","floor":1.0},{"not_picked":["hierophant:Upheaval","hierophant:Determination"],"picked":"hierophant:Doubloon","floor":3.0},{"not_picked":["hierophant:SealAway","hierophant:Smite"],"picked":"hierophant:HolyVerse","floor":5.0},{"not_picked":["hierophant:HolyVerse","hierophant:AuricBeam","hierophant:SealAway"],"picked":"SKIP","floor":7.0},{"not_picked":["hierophant:AuricBeam","hierophant:DivineIntervention"],"picked":"hierophant:DisplayOfPower","floor":8.0}],"player_experience":621462,"relics_obtained":[{"floor":9.0,"key":"Blood Vial"},{"floor":11.0,"key":"Art of War"},{"floor":14.0,"key":"Pet Ghost"}],"event_choices":[{"damage_healed":0.0,"max_hp_gain":5.0,"max_hp_loss":0.0,"gold_gain":0.0,"event_name":"Big Fish","player_choice":"Donut","floor":4.0,"gold_loss":0.0,"damage_taken":0.0},{"cards_removed":["hierophant:Strike_Hierophant"],"damage_healed":0.0,"max_hp_gain":0.0,"max_hp_loss":0.0,"gold_gain":0.0,"event_name":"Golden Wing","player_choice":"Card Removal","floor":10.0,"gold_loss":0.0,"damage_taken":7.0},{"damage_healed":0.0,"max_hp_gain":0.0,"max_hp_loss":0.0,"gold_gain":0.0,"event_name":"Wheel of Change","player_choice":"Relic","floor":14.0,"gold_loss":0.0,"damage_taken":0.0}],"is_beta":false,"boss_relics":[],"items_purged_floors":[],"is_endless":false,"potions_floor_spawned":[5,7],"killed_by":"Hexaghost","ascension_level":0}}