{"host":"2e3z4r48quhw80cc","time":1608784141,"event":{"mods":["BaseMod","Minty Spire (QoL Compilation)","Quick Restart","StSLib","SuperFastMode"],"gold_per_floor":[117,117,80,80,80,80,106,181,206,223,253,269,288,299,299,403,403,413,429,354,354,269,297,297,315,366,366,385,485,485,485],"floor_reached":30,"playtime":787,"items_purged":[],"score":453,"play_id":"9b262e2f-6558-41ed-a385-c02d197291c3","local_time":"20201224132901","is_ascension_mode":true,"campfire_choices":[{"data":"Zap","floor":6.0,"key":"SMITH"},{"data":"Rainbow","floor":15.0,"key":"SMITH"},{"floor":27,"key":"REST"}],"circlet_count":0,"master_deck":["AscendersBane","Defend_B","Defend_B","Defend_B","Zap+1","Dualcast","Lockon","Capacitor","Loop","Doom and Gloom","Chill","Rainbow+1","Conserve Battery","Ball Lightning","Force Field","Core Surge","Auto Shields","Recycle","Tempest","FTL","Reprogram","Undo","Consume"],"relics":["Cracked Core","NeowsBlessing","Mercury Hourglass","Du-Vu Doll","Boot","StoneCalendar","Inserter","Omamori","Bottled Flame","Toy Ornithopter"],"acts_visited":["Exordium","TheCity"],"potions_floor_usage":[30],"damage_taken":[{"damage":0.0,"enemies":"Small Slimes","floor":1.0,"turns":1.0},{"damage":0.0,"enemies":"Lagavulin","floor":7.0,"turns":1.0},{"damage":0.0,"enemies":"2 Louse","floor":10.0,"turns":1.0},{"damage":15.0,"enemies":"3 Sentries","floor":11.0,"turns":5.0},{"damage":0.0,"enemies":"Jaw Worm","floor":12.0,"turns":1.0},{"damage":11.0,"enemies":"Gremlin Gang","floor":13.0,"turns":2.0},{"damage":4.0,"enemies":"Looter","floor":14.0,"turns":3.0},{"damage":1.0,"enemies":"Hexaghost","floor":16.0,"turns":7.0},{"damage":21.0,"enemies":"Shell Parasite","floor":18.0,"turns":4.0},{"damage":16.0,"enemies":"3 Byrds","floor":19.0,"turns":4.0},{"damage":7.0,"enemies":"Gremlin Leader","floor":23.0,"turns":6.0},{"damage":16,"enemies":"Centurion and Healer","floor":25,"turns":5},{"damage":17,"enemies":"Snecko","floor":28,"turns":6},{"damage":18,"enemies":"Book of Stabbing","floor":30,"turns":4}],"seed_played":"3782365970766010479","potions_obtained":[{"floor":1.0,"key":"DuplicationPotion"},{"floor":7.0,"key":"Fire Potion"},{"floor":19.0,"key":"SpeedPotion"},{"floor":25,"key":"Strength Potion"},{"floor":28,"key":"DistilledChaos"}],"is_trial":false,"path_per_floor":["M","?","$","?","?","R","E","?","T","M","E","M","M","M","R","B",null,"M","M","?","?","?","E","?","M","T","R","M","?","E"],"character_chosen":"DEFECT","items_purchased":["Capacitor"],"campfire_rested":1,"item_purchase_floors":[3],"current_hp_per_floor":[68,73,73,55,55,55,55,44,44,44,29,29,18,14,14,13,63,42,26,26,26,26,19,19,3,3,27,10,10,0,0],"gold":485,"neow_bonus":"THREE_ENEMY_KILL","is_daily":false,"chose_seed":false,"campfire_upgraded":2,"win_rate":0.0,"timestamp":1608784141,"path_taken":["M","?","$","?","?","R","E","?","T","M","E","M","M","?","R","BOSS","M","?","?","?","?","E","?","M","T","R","M","?","E"],"items_purchased_type":["Card"],"build_version":"2020-12-22","purchased_purges":0,"victory":false,"max_hp_per_floor":[75,80,80,80,80,80,80,80,80,80,80,80,80,80,80,80,80,80,80,80,80,80,80,80,80,80,80,80,80,80,80],"card_choices":[{"not_picked":["Stack","Streamline"],"picked":"Lockon","floor":1.0},{"not_picked":["Barrage","Coolheaded"],"picked":"Doom and Gloom","floor":7.0},{"not_picked":["Beam Cell","Barrage"],"picked":"Chill","floor":10.0},{"not_picked":["Chill","Ball Lightning"],"picked":"Rainbow","floor":11.0},{"not_picked":["Gash","Barrage"],"picked":"Conserve Battery","floor":12.0},{"not_picked":["Steam","Beam Cell"],"picked":"Ball Lightning","floor":13.0},{"not_picked":["Rebound","Conserve Battery"],"picked":"Force Field","floor":14.0},{"not_picked":["Multi-Cast","Thunder Strike"],"picked":"Core Surge","floor":16.0},{"not_picked":["Scrape","Double Energy"],"picked":"Auto Shields","floor":18.0},{"not_picked":["Gash","Double Energy"],"picked":"Recycle","floor":19.0},{"not_picked":["Auto Shields","Force Field"],"picked":"Tempest","floor":23.0},{"not_picked":["Turbo","Tempest"],"picked":"Undo","floor":25},{"not_picked":["Conserve Battery+1","Beam Cell"],"picked":"Consume","floor":28}],"player_experience":81004,"relics_obtained":[{"floor":7.0,"key":"Du-Vu Doll"},{"floor":9.0,"key":"Boot"},{"floor":11.0,"key":"StoneCalendar"},{"floor":23.0,"key":"Bottled Flame"},{"floor":26,"key":"Toy Ornithopter"}],"event_choices":[{"damage_healed":0.0,"max_hp_gain":5.0,"max_hp_loss":0.0,"gold_gain":0.0,"event_name":"Big Fish","player_choice":"Donut","floor":2.0,"gold_loss":0.0,"damage_taken":0.0},{"damage_healed":0.0,"max_hp_gain":0.0,"max_hp_loss":0.0,"gold_gain":0.0,"event_name":"Scrap Ooze","player_choice":"Success","floor":4.0,"gold_loss":0.0,"damage_taken":18.0,"relics_obtained":["Mercury Hourglass"]},{"damage_healed":0.0,"max_hp_gain":0.0,"max_hp_loss":0.0,"gold_gain":0.0,"cards_transformed":["Strike_B"],"event_name":"Living Wall","player_choice":"Change","floor":5.0,"gold_loss":0.0,"damage_taken":0.0,"cards_obtained":["Loop"]},{"damage_healed":0.0,"max_hp_gain":0.0,"max_hp_loss":0.0,"gold_gain":75.0,"event_name":"World of Goop","player_choice":"Gather Gold","floor":8.0,"gold_loss":0.0,"damage_taken":11.0},{"cards_removed":["Strike_B"],"damage_healed":0.0,"max_hp_gain":0.0,"max_hp_loss":0.0,"gold_gain":0.0,"event_name":"Beggar","player_choice":"Gave Gold","floor":20.0,"gold_loss":75.0,"damage_taken":0.0},{"cards_removed":["Strike_B"],"damage_healed":0.0,"max_hp_gain":0.0,"max_hp_loss":0.0,"gold_gain":0.0,"event_name":"Back to Basics","player_choice":"Elegance","floor":21.0,"gold_loss":0.0,"damage_taken":0.0},{"damage_healed":0.0,"max_hp_gain":0.0,"max_hp_loss":0.0,"gold_gain":0.0,"event_name":"Addict","player_choice":"Obtained Relic","floor":22.0,"gold_loss":85.0,"damage_taken":0.0,"relics_obtained":["Omamori"]},{"damage_healed":0.0,"max_hp_gain":0.0,"max_hp_loss":0.0,"gold_gain":0.0,"cards_transformed":["Strike_B","Defend_B"],"event_name":"Drug Dealer","player_choice":"Became Test Subject","floor":24.0,"gold_loss":0.0,"damage_taken":0.0,"cards_obtained":["FTL","Reprogram"]},{"damage_healed":0,"gold_gain":100,"player_choice":"Pray","damage_taken":0,"max_hp_gain":0,"max_hp_loss":0,"event_name":"Golden Shrine","floor":29,"gold_loss":0}],"is_beta":false,"boss_relics":[{"not_picked":["SacredBark","Coffee Dripper"],"picked":"Inserter"}],"items_purged_floors":[],"is_endless":false,"potions_floor_spawned":[1,7,12,13,16,19,25,28],"killed_by":"Book of Stabbing","ascension_level":12}}