{"host":"m7twxswfr152wogf","time":1608816688,"event":{"mods":["ATMod(°¢èªMod)","Act Like it!","BaseMod","BetterRewards","Hallownest","Minty Spire (QoL Compilation)","Quick Restart","Replay The Spire","StSLib","The Bug Knight","vexMod"],"gold_per_floor":[114,127,138,138,154,154,188,188,188,208,208,225,257,276,276,377,377,393,444,456,456,456,456,472,492,492,492,492],"floor_reached":27,"playtime":4678,"items_purged":[],"score":227,"play_id":"f7787cdb-1648-4fb5-acb4-27203c8a1997","local_time":"20201224213128","is_ascension_mode":false,"campfire_choices":[{"data":"AT_FamilyPortrait","floor":6.0,"key":"SMITH"},{"data":"HollowMod:CycloneSlash","floor":8.0,"key":"SMITH"},{"data":"HollowMod:SoulSplash","floor":15.0,"key":"SMITH"},{"data":"HollowMod:HornetsHelp","floor":26,"key":"SMITH"}],"circlet_count":0,"master_deck":["HollowMod:NailStrikeStart","HollowMod:NailStrikeStart","HollowMod:NailStrikeStart","HollowMod:QuickDashStart","HollowMod:QuickDashStart+1","HollowMod:QuickDashStart","HollowMod:FocusHealStart","HollowMod:PogoStrike+1","AT_FamilyPortrait+1","HollowMod:CycloneSlash+1","HollowMod:NewGlowingWomb+1","HollowMod:HowlingWraiths+1","HollowMod:SoulSplash+1","HollowMod:DoubleDash","HollowMod:HornetsHelp+1","HollowMod:SiblingsSouls+1","HollowMod:InfectionAssault+1","HollowMod:SiblingsSouls","HollowMod:SoulStrike+1","HollowMod:InfectedAttack+1"],"relics":["HollowMod:VesselMask","AT_ATBox","Chameleon Ring","HollowMod:MantisClawRelic","Hallownest:DreamNailRelic","Shuriken","vexMod:ImprovementManual","Bag of Preparation"],"acts_visited":["Exordium","TheCity"],"potions_floor_usage":[],"damage_taken":[{"damage":5.0,"enemies":"Hallownest:2_Tiktiks_and_1_Crawlid","floor":1.0,"turns":4.0},{"damage":0.0,"enemies":"Hallownest:monsterHuskGuard","floor":2.0,"turns":2.0},{"damage":4.0,"enemies":"2_ Uuma","floor":3.0,"turns":4.0},{"damage":11.0,"enemies":"Hallownest:monsterMarmu","floor":4.0,"turns":8.0},{"damage":1.0,"enemies":"Hallownest:monsterMossCharger","floor":5.0,"turns":2.0},{"damage":4.0,"enemies":"Hallownest:eliteMossKnight","floor":7.0,"turns":4.0},{"damage":24.0,"enemies":"Hallownest:monsterFoolEater","floor":10.0,"turns":3.0},{"damage":5.0,"enemies":"Hallownest:MossCreep_and_Mosskin","floor":12.0,"turns":5.0},{"damage":24.0,"enemies":"Hallownest:eliteCrystalGuardian","floor":13.0,"turns":6.0},{"damage":6.0,"enemies":"Hallownest:Guard_and_Warrior","floor":14.0,"turns":6.0},{"damage":11.0,"enemies":"Hallownest:BossBrokenVessel","floor":16.0,"turns":6.0},{"damage":0.0,"enemies":"Spheric Guardian","floor":18.0,"turns":3.0},{"damage":7.0,"enemies":"Chosen","floor":20.0,"turns":3.0},{"damage":27,"enemies":"Snecko","floor":24,"turns":5},{"damage":28,"enemies":"Snake Plant","floor":25,"turns":5},{"damage":49,"enemies":"Book of Stabbing","floor":27,"turns":3}],"seed_played":"-2944809622694513791","potions_obtained":[{"floor":5.0,"key":"BlessingOfTheForge"},{"floor":13.0,"key":"LifebloodPotion"},{"floor":14.0,"key":"DistilledChaos"},{"floor":20.0,"key":"Fruit Juice"}],"is_trial":false,"path_per_floor":["M","M","M","?","M","R","E","R","T","M","?","M","E","M","R","B",null,"M","T","M","PTL","PTL","PTL","M","M","R","E"],"character_chosen":"THE_BUGKNIGHT","items_purchased":[],"campfire_rested":0,"item_purchase_floors":[],"current_hp_per_floor":[82,82,82,77,76,76,72,72,72,54,54,55,37,37,37,32,82,82,82,82,82,82,82,61,39,39,0,0],"gold":492,"neow_bonus":"TEN_PERCENT_HP_BONUS","is_daily":false,"chose_seed":false,"campfire_upgraded":4,"win_rate":0.0,"timestamp":1608816688,"path_taken":["M","M","?","?","M","R","E","R","T","M","?","M","E","M","R","BOSS","M","?","M","PTL","PTL","PTL","M","M","R","E"],"items_purchased_type":[],"build_version":"2020-12-22","purchased_purges":0,"victory":false,"max_hp_per_floor":[82,82,82,82,82,82,82,82,82,82,82,82,82,82,82,82,82,82,82,89,89,89,89,89,89,89,89,89],"card_choices":[{"not_picked":["HollowMod:DescendingDark","HollowMod:SoulSplash"],"picked":"HollowMod:CycloneSlash","floor":1.0},{"not_picked":["HollowMod:NewLittleFool","HollowMod:ChannelNail"],"picked":"HollowMod:NewGlowingWomb","floor":2.0},{"not_picked":["HollowMod:SoulStrike","HollowMod:NewJinnsSoul"],"picked":"HollowMod:HowlingWraiths","floor":3.0},{"not_picked":["HollowMod:DescendingDark","HollowMod:LifebloodCore","HollowMod:DreamGate"],"picked":"SKIP","floor":5.0},{"not_picked":["HollowMod:HeavyBlow","HollowMod:HowlingWraiths"],"picked":"HollowMod:SoulSplash","floor":7.0},{"not_picked":["HollowMod:TaintedHusks","HollowMod:BlackTendrils"],"picked":"HollowMod:DoubleDash","floor":10.0},{"not_picked":["HollowMod:CloakDash","HollowMod:GoodIntentions"],"picked":"HollowMod:HornetsHelp","floor":12.0},{"not_picked":["HollowMod:NewJinnsSoul","HollowMod:DescendingDark"],"picked":"HollowMod:SiblingsSouls","floor":13.0},{"not_picked":["HollowMod:ShadowDash","HollowMod:NewGlowingWomb"],"picked":"HollowMod:InfectionAssault","floor":14.0},{"not_picked":["HollowMod:PureNailStrike","HollowMod:GreatSlash"],"picked":"HollowMod:SiblingsSouls","floor":18.0},{"not_picked":["HollowMod:ChannelNail","HollowMod:PureNailStrike"],"picked":"HollowMod:SoulStrike+1","floor":20.0},{"not_picked":["HollowMod:InfectedCysts","HollowMod:HeavyBlow"],"picked":"HollowMod:InfectedAttack+1","floor":24},{"not_picked":["HollowMod:QuirrelsAssistance","HollowMod:SiblingsSouls","HollowMod:SoulShaman"],"picked":"SKIP","floor":25}],"player_experience":194530,"relics_obtained":[{"floor":7.0,"key":"Chameleon Ring"},{"floor":9.0,"key":"HollowMod:MantisClawRelic"},{"floor":13.0,"key":"Shuriken"},{"floor":19.0,"key":"Bag of Preparation"}],"event_choices":[],"is_beta":false,"boss_relics":[{"not_picked":["Pandora\u0027s Box","vexMod:EndlessSickness"],"picked":"vexMod:ImprovementManual"}],"items_purged_floors":[],"is_endless":false,"potions_floor_spawned":[4,5,13,14,20],"killed_by":"Book of Stabbing","ascension_level":0}}