{"host":"v1m5rkjj38qutr02","time":1608803420,"event":{"mods":["Act Like it!","BaseMod","Conspire","Gensokyo","GungeonMod","Hallownest","Minty Spire (QoL Compilation)","Replay The Spire","StSLib","The Bug Knight","Youmu£®ªÍ∆«—˝√Œ£©"],"gold_per_floor":[116,116,116,116,116,116,39,74,100,100,128,139,164,49,49,154,154,167,167,82,98,0,26,26,26,53,78,3,13,38,38,38],"floor_reached":31,"playtime":836,"items_purged":["ReplayTheSpireMod:Splinters"],"score":394,"play_id":"4dee4027-8353-493e-964c-e979cd1cc539","local_time":"20201224175020","is_ascension_mode":true,"campfire_choices":[{"data":"Zap","floor":6.0,"key":"SMITH"},{"data":"Heatsinks","floor":10.0,"key":"SMITH"},{"data":"Capacitor","floor":15.0,"key":"SMITH"}],"circlet_count":0,"master_deck":["Strike_B+1","Strike_B+1","Defend_B","Defend_B","Defend_B","Zap+1","Dualcast","Conserve Battery","Heatsinks+1","Storm","Glacier","Capacitor+1","Coolheaded","Electrodynamics","Turbo","Hologram","Redo","Consume","Machine Learning","Cold Snap","Hello World"],"relics":["Cracked Core","NeowsBlessing","Shuriken","DemoMod:MonsterBlood","Dream Catcher","Whetstone","Tiny Chest","ReplayTheSpireMod:TigerMarble","Lantern","DemoMod:Bottle","Replay:Wax Seal","conspire:GiftBox","Pen Nib"],"acts_visited":["Exordium","TheCity"],"potions_floor_usage":[29],"damage_taken":[{"damage":0.0,"enemies":"Cultist","floor":1.0,"turns":1.0},{"damage":0.0,"enemies":"3 Sentries","floor":8.0,"turns":1.0},{"damage":0.0,"enemies":"Gremlin Nob","floor":11.0,"turns":1.0},{"damage":0.0,"enemies":"2 Louse","floor":12.0,"turns":2.0},{"damage":5.0,"enemies":"Lagavulin","floor":13.0,"turns":6.0},{"damage":26.0,"enemies":"Slime Boss","floor":16.0,"turns":15.0},{"damage":7.0,"enemies":"Chosen","floor":18.0,"turns":5.0},{"damage":8.0,"enemies":"conspire:FuzzyDice","floor":21.0,"turns":8.0},{"damage":5.0,"enemies":"HollowMod:Nosk","floor":23.0,"turns":10.0},{"damage":0,"enemies":"Snake Plant","floor":29,"turns":4},{"damage":16,"enemies":"Cultist and Chosen","floor":31,"turns":6}],"seed_played":"8942742539119469974","potions_obtained":[{"floor":8.0,"key":"BlessingOfTheForge"},{"floor":11.0,"key":"FearPotion"},{"floor":13.0,"key":"PowerPotion"},{"floor":16.0,"key":"FocusPotion"},{"floor":29,"key":"EssenceOfSteel"}],"is_trial":false,"path_per_floor":["M","?","?","T","?","R","$","E","T","R","E","M","E","$","R","B",null,"M","?","?","M","?","E","$","T","T","?","$","M","T","M"],"character_chosen":"DEFECT","items_purchased":["Heatsinks","Capacitor","Coolheaded"],"campfire_rested":0,"item_purchase_floors":[7,14,14],"current_hp_per_floor":[75,75,75,75,68,68,68,75,75,75,75,75,70,70,70,44,73,66,66,66,58,58,53,53,53,53,53,53,53,53,37,37],"gold":38,"neow_bonus":"THREE_ENEMY_KILL","is_daily":false,"chose_seed":false,"campfire_upgraded":3,"win_rate":0.0,"timestamp":1608803420,"path_taken":["M","?","?","?","?","R","?","E","T","R","E","?","E","$","R","BOSS","M","?","?","M","?","E","$","?","T","?","?","?","?","M"],"items_purchased_type":["Card","Card","Card"],"build_version":"2020-12-22","purchased_purges":1,"victory":false,"max_hp_per_floor":[75,75,75,75,75,75,75,82,82,82,82,82,82,82,82,82,82,82,82,82,82,82,82,82,82,82,82,82,82,82,82,82],"card_choices":[{"not_picked":["Beam Cell","Chaos"],"picked":"Conserve Battery","floor":1.0},{"not_picked":["Streamline","conspire:SharedLibrary","Time Bomb"],"picked":"SKIP","floor":8.0},{"not_picked":["Reboot","Hologram"],"picked":"Storm","floor":11.0},{"not_picked":["Panic Button","Streamline"],"picked":"Glacier","floor":12.0},{"not_picked":["ReplayTheSpireMod:GoodbyeWorld","conspire:Rain","Streamline"],"picked":"SKIP","floor":13.0},{"not_picked":["Thunder Strike","Core Surge"],"picked":"Electrodynamics","floor":16.0},{"not_picked":["Streamline","Beam Cell"],"picked":"Turbo","floor":18.0},{"not_picked":["Reinforced Body+1","Rip and Tear"],"picked":"Consume","floor":21.0},{"not_picked":["Scrape","Streamline+1","Steam+1"],"picked":"SKIP","floor":23.0},{"not_picked":["Meteor Strike","Hyperbeam"],"picked":"Machine Learning","floor":27},{"not_picked":["Conserve Battery","Rebound"],"picked":"Cold Snap","floor":27},{"not_picked":["Panic Button","Steam"],"picked":"Hello World","floor":29}],"player_experience":368775,"relics_obtained":[{"floor":4.0,"key":"Shuriken"},{"floor":8.0,"key":"DemoMod:MonsterBlood"},{"floor":9.0,"key":"Dream Catcher"},{"floor":11.0,"key":"Whetstone"},{"floor":13.0,"key":"Tiny Chest"},{"floor":23.0,"key":"Lantern"},{"floor":25.0,"key":"DemoMod:Bottle"},{"floor":26.0,"key":"Replay:Wax Seal"},{"floor":27,"key":"conspire:GiftBox"},{"floor":30,"key":"Pen Nib"}],"event_choices":[{"damage_healed":0.0,"max_hp_gain":0.0,"max_hp_loss":0.0,"gold_gain":0.0,"event_name":"Shining Light","player_choice":"Ignored","floor":3.0,"gold_loss":0.0,"damage_taken":0.0},{"cards_removed":["Strike_B"],"damage_healed":0.0,"max_hp_gain":0.0,"max_hp_loss":0.0,"gold_gain":0.0,"event_name":"Golden Wing","player_choice":"Card Removal","floor":5.0,"gold_loss":0.0,"damage_taken":7.0},{"damage_healed":0.0,"max_hp_gain":0.0,"max_hp_loss":0.0,"gold_gain":0.0,"cards_transformed":["Mirror Shield","Strike_B"],"event_name":"Drug Dealer","player_choice":"Became Test Subject","floor":19.0,"gold_loss":0.0,"damage_taken":0.0,"cards_obtained":["Hologram","Redo"]},{"damage_healed":0.0,"max_hp_gain":0.0,"max_hp_loss":0.0,"gold_gain":0.0,"event_name":"Addict","player_choice":"Obtained Relic","floor":20.0,"gold_loss":85.0,"damage_taken":0.0,"relics_obtained":["ReplayTheSpireMod:TigerMarble"]},{"damage_healed":0.0,"max_hp_gain":0.0,"max_hp_loss":0.0,"gold_gain":0.0,"event_name":"Masked Bandits","player_choice":"Paid Fearfully","floor":22.0,"gold_loss":98.0,"damage_taken":0.0}],"is_beta":false,"boss_relics":[{"not_picked":["Velvet Choker","ReplayTheSpireMod:DimensionalGlitch","Abe\u0027s Treasure"]}],"items_purged_floors":[28],"is_endless":false,"potions_floor_spawned":[8,11,13,16,21,29],"killed_by":"Cultist and Chosen","ascension_level":5}}