{"host":"vsgmwxc1n8l4tqfd","time":1608785517,"event":{"mods":["AchievementEnabler","BaseMod","Bestiary","Block Reminder","Colored Map","Colored Powertips","Minty Spire (QoL Compilation)","Quick Restart"],"gold_per_floor":[109,109,109,127,6,6,25,25,25,44,44,44,82,96,96,217,217,230,305,305,305,173,173,188,49,130,146,146,160,160,186,186,290,290,302,302,352,363,373,373,386,398,447,25,43,43,54,74,74,74,74],"floor_reached":50,"playtime":2601,"items_purged":["Injury"],"score":664,"play_id":"95eebd8c-ed63-4108-9706-69572d7cf063","local_time":"20201224045157","is_ascension_mode":false,"campfire_choices":[{"data":"Deadly Poison","floor":6,"key":"SMITH"},{"data":"Poisoned Stab","floor":8,"key":"SMITH"},{"data":"Slice","floor":11,"key":"SMITH"},{"floor":15,"key":"REST"},{"data":"Accuracy","floor":23,"key":"SMITH"},{"floor":28,"key":"REST"},{"floor":30,"key":"REST"},{"floor":32,"key":"REST"},{"floor":40,"key":"REST"},{"floor":49,"key":"REST"}],"circlet_count":0,"master_deck":["Strike_G+1","Strike_G+1","Strike_G+1","Strike_G+1","Defend_G+1","Defend_G+1","Defend_G+1","Defend_G+1","Survivor","Cloak And Dagger+1","Poisoned Stab+1","Deadly Poison+1","Slice+1","Accuracy+1","Bane","Bouncing Flask","A Thousand Cuts","Eviscerate+1","Flechettes+1","Glass Knife+1","Quick Slash","Bandage Up","Accuracy+1","Crippling Poison+1","Infinite Blades","Dodge and Roll","Deadly Poison","Unload","Dagger Throw+1","Outmaneuver+1","Burst","Deadly Poison+1","Writhe","Backflip","Catalyst+1","Choke","Blade Dance","Backstab+1","Deflect","Good Instincts","Calculated Gamble","Bandage Up","Terror","Deadly Poison"],"relics":["Ring of the Snake","Bloody Idol","Centennial Puzzle","TungstenRod","Astrolabe","Bottled Flame","Question Card","InkBottle","Fusion Hammer","CaptainsWheel","Orichalcum","Strawberry","Nunchaku"],"acts_visited":["TheCity","TheBeyond"],"potions_floor_usage":[10,13,16,29,33,33,45,45,48,50,50],"damage_taken":[{"damage":1,"enemies":"Jaw Worm","floor":1,"turns":5},{"damage":0,"enemies":"2 Louse","floor":4,"turns":4},{"damage":0,"enemies":"Cultist","floor":7,"turns":3},{"damage":0,"enemies":"2 Fungi Beasts","floor":10,"turns":4},{"damage":15,"enemies":"Lagavulin","floor":13,"turns":6},{"damage":27,"enemies":"Gremlin Gang","floor":14,"turns":5},{"damage":32,"enemies":"The Guardian","floor":16,"turns":7},{"damage":0,"enemies":"Chosen","floor":18,"turns":4},{"damage":4,"enemies":"Shell Parasite","floor":24,"turns":4},{"damage":21,"enemies":"Snake Plant","floor":27,"turns":3},{"damage":32,"enemies":"Cultist and Chosen","floor":29,"turns":6},{"damage":52,"enemies":"Gremlin Leader","floor":31,"turns":6},{"damage":41,"enemies":"Champ","floor":33,"turns":8},{"damage":18,"enemies":"Orb Walker","floor":35,"turns":3},{"damage":0,"enemies":"Mind Bloom Boss Battle","floor":37,"turns":6},{"damage":5,"enemies":"3 Shapes","floor":38,"turns":3},{"damage":0,"enemies":"Transient","floor":39,"turns":5},{"damage":3,"enemies":"Maw","floor":41,"turns":6},{"damage":17,"enemies":"Sphere and 2 Shapes","floor":42,"turns":6},{"damage":26,"enemies":"3 Darklings","floor":45,"turns":5},{"damage":18,"enemies":"4 Shapes","floor":47,"turns":4},{"damage":0,"enemies":"Transient","floor":48,"turns":5},{"damage":95,"enemies":"Donu and Deca","floor":50,"turns":8}],"seed_played":"-5574700933718538582","potions_obtained":[{"floor":1,"key":"LiquidMemories"},{"floor":10,"key":"GhostInAJar"},{"floor":14,"key":"GhostInAJar"},{"floor":18,"key":"Strength Potion"},{"floor":24,"key":"LiquidMemories"},{"floor":31,"key":"Energy Potion"},{"floor":37,"key":"Weak Potion"},{"floor":41,"key":"Swift Potion"},{"floor":42,"key":"Poison Potion"},{"floor":45,"key":"CultistPotion"},{"floor":48,"key":"LiquidBronze"}],"is_trial":false,"path_per_floor":["M","?","?","M","$","R","M","R","T","M","R","?","E","M","R","B",null,"M","T","?","?","$","R","M","$","T","M","R","M","R","E","R","B",null,"M","?","?","M","M","R","M","M","T","$","M","?","M","M","R","B"],"character_chosen":"THE_SILENT","items_purchased":["Deadly Poison","Bandage Up","Accuracy","Infinite Blades","Dodge and Roll","Deadly Poison","Strawberry","Deflect","Good Instincts","Nunchaku"],"campfire_rested":6,"item_purchase_floors":[5,22,22,25,25,25,44,44,44,44],"current_hp_per_floor":[76,76,76,76,76,76,76,76,76,76,76,76,61,34,57,25,77,77,77,77,77,77,77,77,77,77,65,77,50,73,30,53,21,77,64,77,77,77,77,77,77,69,74,81,60,60,55,64,84,0,0],"gold":74,"neow_bonus":"TEN_PERCENT_HP_BONUS","is_daily":false,"chose_seed":false,"campfire_upgraded":4,"win_rate":0.0,"timestamp":1608785517,"path_taken":["M","?","?","?","$","R","M","R","T","M","R","?","E","?","R","BOSS","M","?","?","?","?","R","?","$","T","M","R","M","R","E","R","BOSS","M","?","?","M","M","R","M","M","T","$","M","?","M","?","R","BOSS"],"items_purchased_type":["Card","Card","Card","Card","Card","Card","Relic","Card","Card","Relic"],"build_version":"2020-12-22","purchased_purges":1,"victory":false,"max_hp_per_floor":[77,77,77,77,77,77,77,77,77,77,77,77,77,77,77,77,77,77,77,77,77,77,77,77,77,77,77,77,77,77,77,77,77,77,77,77,77,77,77,77,77,77,77,84,84,84,84,84,84,84,84],"card_choices":[{"not_picked":["Calculated Gamble","Underhanded Strike"],"picked":"Cloak And Dagger","floor":1},{"not_picked":["Bane","Quick Slash"],"picked":"Poisoned Stab","floor":4},{"not_picked":["Backflip","Dagger Throw"],"picked":"Slice","floor":7},{"not_picked":["Quick Slash","Wraith Form v2"],"picked":"Accuracy","floor":10},{"not_picked":["Blade Dance","Slice"],"picked":"Bane","floor":13},{"not_picked":["Tactician","Predator"],"picked":"Bouncing Flask","floor":14},{"not_picked":["Storm of Steel","Tools of the Trade"],"picked":"A Thousand Cuts","floor":16},{"not_picked":["PiercingWail+1","Prepared"],"picked":"Quick Slash","floor":18},{"not_picked":["Deadly Poison","Dagger Spray+1"],"picked":"Crippling Poison+1","floor":24},{"not_picked":["Poisoned Stab+1","Dagger Throw","Deflect"],"picked":"Unload","floor":27},{"not_picked":["Sucker Punch","Distraction","Caltrops"],"picked":"Dagger Throw+1","floor":29},{"not_picked":["Slice+1","Flying Knee","Dodge and Roll+1"],"picked":"Outmaneuver+1","floor":31},{"not_picked":["Venomology","Glass Knife","Unload"],"picked":"Burst","floor":33},{"not_picked":["Dodge and Roll","Poisoned Stab+1","Quick Slash+1"],"picked":"Deadly Poison+1","floor":35},{"not_picked":["Dodge and Roll","Underhanded Strike+1","Outmaneuver"],"picked":"Backflip","floor":37},{"not_picked":["Underhanded Strike+1","Unload","Flying Knee+1"],"picked":"Catalyst+1","floor":38},{"not_picked":["Crippling Poison","Sucker Punch","Bouncing Flask"],"picked":"Choke","floor":39},{"not_picked":["Blur+1","Riddle With Holes+1","All Out Attack+1"],"picked":"Blade Dance","floor":41},{"not_picked":["Choke","Masterful Stab+1","Poisoned Stab+1"],"picked":"Backstab+1","floor":42},{"not_picked":["Dodge and Roll","Sucker Punch","Bane"],"picked":"Calculated Gamble","floor":45},{"not_picked":["Acrobatics+1","Calculated Gamble","Quick Slash"],"picked":"Terror","floor":47},{"not_picked":["Unload","Finisher","Slice+1"],"picked":"Deadly Poison","floor":48}],"player_experience":44002,"relics_obtained":[{"floor":9,"key":"Centennial Puzzle"},{"floor":13,"key":"TungstenRod"},{"floor":19,"key":"Bottled Flame"},{"floor":26,"key":"Question Card"},{"floor":31,"key":"InkBottle"},{"floor":37,"key":"CaptainsWheel"},{"floor":43,"key":"Orichalcum"}],"event_choices":[{"damage_healed":0,"gold_gain":0,"player_choice":"Take Wound","damage_taken":0,"relics_obtained":["Golden Idol"],"max_hp_gain":0,"max_hp_loss":0,"event_name":"Golden Idol","floor":2,"gold_loss":0,"cards_obtained":["Injury"]},{"damage_healed":0,"gold_gain":0,"player_choice":"Upgraded","damage_taken":0,"max_hp_gain":0,"max_hp_loss":0,"event_name":"Upgrade Shrine","floor":3,"gold_loss":0,"cards_upgraded":["Cloak And Dagger"]},{"damage_healed":0,"gold_gain":0,"player_choice":"Forge","damage_taken":0,"max_hp_gain":0,"max_hp_loss":0,"event_name":"Accursed Blacksmith","floor":12,"gold_loss":0,"cards_upgraded":["Accuracy"]},{"damage_healed":0,"gold_gain":0,"player_choice":"Simplicity","damage_taken":0,"max_hp_gain":0,"max_hp_loss":0,"event_name":"Back to Basics","floor":20,"gold_loss":0,"cards_upgraded":["Strike_G","Strike_G","Strike_G","Strike_G","Defend_G","Defend_G","Defend_G","Defend_G"]},{"damage_healed":0,"gold_gain":0,"player_choice":"Gave Idol","damage_taken":0,"relics_obtained":["Bloody Idol"],"max_hp_gain":0,"max_hp_loss":0,"event_name":"Forgotten Altar","floor":21,"relics_lost":["Golden Idol"],"gold_loss":0},{"damage_healed":19,"gold_gain":0,"player_choice":"Writhe","damage_taken":0,"max_hp_gain":0,"max_hp_loss":0,"event_name":"Winding Halls","floor":36,"gold_loss":0,"cards_obtained":["Writhe"]},{"damage_healed":0,"gold_gain":0,"player_choice":"Fight","damage_taken":0,"max_hp_gain":0,"max_hp_loss":0,"event_name":"MindBloom","floor":37,"gold_loss":0},{"damage_healed":0,"gold_gain":0,"player_choice":"Copied","damage_taken":0,"max_hp_gain":0,"max_hp_loss":0,"event_name":"Duplicator","floor":46,"gold_loss":0,"cards_obtained":["Bandage Up"]}],"is_beta":false,"boss_relics":[{"not_picked":["Empty Cage","Cursed Key"],"picked":"Astrolabe"},{"not_picked":["Calling Bell","Coffee Dripper"],"picked":"Fusion Hammer"}],"items_purged_floors":[5],"is_endless":false,"potions_floor_spawned":[1,10,14,18,24,31,37,41,42,45,48],"killed_by":"Donu and Deca","ascension_level":0}}