{"host":"qhn6g0owdgjb77rz","time":1608799048,"event":{"mods":["BaseMod","Colored Map","Minty Spire (QoL Compilation)","Relic Sorter","Replay The Spire","StSLib"],"gold_per_floor":[111,186,200,200,212,212,237,253,307,334,351,351,369,396,396,475,475,485,497,497,511,528,528,559,559,641,284,315,327,327,337,337,414,414,425,425,425,635,319,352,74,118,171,171,171,171,21,41,41,41,41],"floor_reached":50,"playtime":2300,"items_purged":["Barricade","Bash","Armaments","Replay:Many Hands"],"score":979,"play_id":"7d299a77-0cf1-4965-8bd0-76b4fac15ee9","local_time":"20201224173728","is_ascension_mode":true,"campfire_choices":[{"data":"Clash","floor":6,"key":"SMITH"},{"data":"Battle Trance","floor":12,"key":"SMITH"},{"data":"Strike_R","floor":15,"key":"PURGE"},{"data":"True Grit","floor":23,"key":"SMITH"},{"data":"Seeing Red","floor":25,"key":"SMITH"},{"data":"Brutality","floor":30,"key":"SMITH"},{"data":"Corruption","floor":32,"key":"PURGE"},{"data":"1","floor":44,"key":"LIFT"},{"data":"2","floor":46,"key":"LIFT"},{"data":"3","floor":49,"key":"LIFT"}],"circlet_count":0,"master_deck":["AscendersBane","Clash+1","Battle Trance+1","Iron Wave+1","Clash+1","Whirlwind+1","Thunderclap+1","Brutality+1","Defy Death","True Grit+1","Immolate+1","ReplayTheSpireMod:Corrosion Curse","Seeing Red+1","Clash+1","ReplayTheSpireMod:Strike From Hell+1","ReplayTheSpireMod:Limb From Limb+1","ReplayTheSpireMod:Corrosion Curse+1","Flex+1","Rage+1","Seeing Red+1","Double Tap+1","Disarm+1","Disarm+1","Clash+1","Pot Of Greed+1","Pot Of Greed+1","Pot Of Greed+1"],"relics":["Burning Blood","Molten Egg 2","Strawberry","ReplayTheSpireMod:TigerMarble","Oddly Smooth Stone","Pandora\u0027s Box","Toxic Egg 2","Self Forming Clay","Singing Bowl","Tiny Chest","Sozu","Bronze Scales","CeramicFish","Lantern","Girya","Grinning Jar","Another Sword"],"acts_visited":["Exordium","TheCity","TheBeyond"],"potions_floor_usage":[16,22],"damage_taken":[{"damage":12,"enemies":"Jaw Worm","floor":1,"turns":4},{"damage":0,"enemies":"Small Slimes","floor":3,"turns":3},{"damage":0,"enemies":"Cultist","floor":5,"turns":2},{"damage":45,"enemies":"3 Sentries","floor":7,"turns":10},{"damage":4,"enemies":"2 Fungi Beasts","floor":8,"turns":4},{"damage":8,"enemies":"Lots of Slimes","floor":11,"turns":4},{"damage":0,"enemies":"Exordium Thugs","floor":13,"turns":1},{"damage":16,"enemies":"Replay:BlueRogue","floor":14,"turns":4},{"damage":31,"enemies":"Fading Forest","floor":16,"turns":11},{"damage":0,"enemies":"3 Byrds","floor":18,"turns":2},{"damage":4,"enemies":"Spheric Guardian","floor":19,"turns":3},{"damage":0,"enemies":"3 Cultists","floor":21,"turns":1},{"damage":7,"enemies":"Snake Plant","floor":22,"turns":2},{"damage":13,"enemies":"Slavers","floor":24,"turns":4},{"damage":24,"enemies":"Gremlin Leader","floor":28,"turns":5},{"damage":9,"enemies":"Cultist and Chosen","floor":29,"turns":5},{"damage":15,"enemies":"Centurion and Healer","floor":31,"turns":2},{"damage":48,"enemies":"Automaton","floor":33,"turns":7},{"damage":4,"enemies":"Orb Walker","floor":35,"turns":3},{"damage":29,"enemies":"Nemesis","floor":40,"turns":5},{"damage":14,"enemies":"Giant Head","floor":42,"turns":3},{"damage":0,"enemies":"3 Darklings","floor":48,"turns":1},{"damage":39,"enemies":"Time Eater","floor":50,"turns":2}],"seed_played":"-7542524205647267438","potions_obtained":[{"floor":3,"key":"SteroidPotion"},{"floor":8,"key":"SpeedPotion"},{"floor":16,"key":"SteroidPotion"},{"floor":21,"key":"Block Potion"},{"floor":24,"key":"Cursed Concoction"},{"floor":33,"key":"BlessingOfTheForge"}],"is_trial":false,"path_per_floor":["M","?","M","?","M","R","E","M","T","T","M","R","M","E","R_BF","B",null,"M","M","?","M","M","R","E","R","T","$","E","M","R","M","R_BF","B",null,"M","?","?","?","$","E","$","E","T","R","T","R","$","M","R","B"],"character_chosen":"IRONCLAD","items_purchased":["Flex+1","Singing Bowl","Disarm+1","Bronze Scales","Lantern"],"campfire_rested":0,"item_purchase_floors":[27,27,39,39,41],"current_hp_per_floor":[74,63,69,69,75,75,36,38,45,45,43,43,49,39,39,34,80,86,88,88,94,93,93,86,86,86,86,68,65,65,58,58,16,77,81,81,81,59,59,38,38,30,30,30,30,30,30,38,38,0,0],"gold":41,"neow_bonus":"TEN_PERCENT_HP_BONUS","is_daily":false,"chose_seed":false,"campfire_upgraded":5,"win_rate":0.0,"timestamp":1608799048,"path_taken":["M","?","M","?","M","R","E","?","T","?","M","R","M","E","R_BF","BOSS","M","M","?","?","M","R","E","R","T","$","E","M","R","M","R_BF","BOSS","M","?","?","?","$","E","$","E","T","R","?","R","$","?","R","BOSS"],"items_purchased_type":["Card","Relic","Card","Relic","Relic"],"build_version":"2020-12-22","purchased_purges":4,"victory":false,"max_hp_per_floor":[88,88,88,88,88,88,88,88,95,95,95,95,95,95,95,95,95,95,95,95,95,95,95,95,95,95,95,95,95,95,97,97,97,97,99,99,99,101,101,103,103,103,103,103,103,103,103,105,105,105,105],"card_choices":[{"not_picked":["Fire Breathing","Anger"],"picked":"Clash","floor":1},{"not_picked":["Body Slam","Wild Strike"],"picked":"Battle Trance","floor":3},{"not_picked":["Havoc","Defy Death","Body Slam"],"picked":"SKIP","floor":5},{"not_picked":["Shockwave","Sword Boomerang+1"],"picked":"Iron Wave+1","floor":7},{"not_picked":["Replay:Undeath\u0027s Touch+1","Wild Strike+1"],"picked":"Clash+1","floor":8},{"not_picked":["Twin Strike+1","Hemogenesis+1"],"picked":"Whirlwind+1","floor":11},{"not_picked":["Anger+1","Evolve"],"picked":"Thunderclap+1","floor":13},{"not_picked":["Defy Death","Rampage+1","Body Slam+1"],"picked":"SKIP","floor":14},{"not_picked":["Eclipse","Corruption"],"picked":"Bludgeon+1","floor":16},{"not_picked":["Dark Embrace","Armaments"],"picked":"ReplayTheSpireMod:Corrosion Curse","floor":18},{"not_picked":["Defy Death","Sword Boomerang+1"],"picked":"Seeing Red","floor":19},{"not_picked":["Shrug It Off","Second Wind"],"picked":"ReplayTheSpireMod:Strike From Hell+1","floor":21},{"not_picked":["ReplayReversal","Spot Weakness"],"picked":"ReplayTheSpireMod:Limb From Limb+1","floor":22},{"not_picked":["Flex+1","Eclipse+1"],"picked":"ReplayTheSpireMod:Corrosion Curse+1","floor":24},{"not_picked":["Reaper+1","Flex+1"],"picked":"Rage+1","floor":28},{"not_picked":["Sword Boomerang+1","Searing Blow+1"],"picked":"Seeing Red+1","floor":29},{"not_picked":["Body Slam+1","Metallicize","Wild Strike+1"],"picked":"Singing Bowl","floor":31},{"not_picked":["Demonic Infusion+1","Exhume+1"],"picked":"Double Tap+1","floor":33},{"not_picked":["Hemokinesis+1","Sword Boomerang+1","Clothesline+1"],"picked":"Singing Bowl","floor":35},{"not_picked":["Run Through+1","Sword Boomerang+1","Brutality"],"picked":"Singing Bowl","floor":38},{"not_picked":["Cleave+1","Rampage+1","Run Through+1"],"picked":"Singing Bowl","floor":40},{"not_picked":["Body Slam+1","Hemokinesis+1"],"picked":"Clash+1","floor":42},{"not_picked":["Wild Strike+1","Battle Trance+1","Thunderclap+1"],"picked":"Singing Bowl","floor":48}],"player_experience":379859,"relics_obtained":[{"floor":7,"key":"Molten Egg 2"},{"floor":9,"key":"Strawberry"},{"floor":10,"key":"ReplayTheSpireMod:TigerMarble"},{"floor":14,"key":"Oddly Smooth Stone"},{"floor":24,"key":"Toxic Egg 2"},{"floor":26,"key":"Self Forming Clay"},{"floor":28,"key":"Tiny Chest"},{"floor":40,"key":"CeramicFish"},{"floor":42,"key":"Girya"},{"floor":43,"key":"Grinning Jar"},{"floor":45,"key":"Another Sword"}],"event_choices":[{"damage_healed":0,"gold_gain":75,"player_choice":"Gather Gold","damage_taken":11,"max_hp_gain":0,"max_hp_loss":0,"event_name":"World of Goop","floor":2,"gold_loss":0},{"damage_healed":0,"gold_gain":0,"player_choice":"Ignored","damage_taken":0,"max_hp_gain":0,"max_hp_loss":0,"event_name":"Liars Game","floor":4,"gold_loss":0},{"damage_healed":0,"gold_gain":0,"player_choice":"Copied","damage_taken":0,"max_hp_gain":0,"max_hp_loss":0,"event_name":"Duplicator","floor":20,"gold_loss":0,"cards_obtained":["Clash"]},{"damage_healed":0,"gold_gain":0,"player_choice":"Ignored","damage_taken":0,"max_hp_gain":0,"max_hp_loss":0,"event_name":"Tomb of Lord Red Mask","floor":36,"gold_loss":0},{"cards_removed":["Bludgeon"],"damage_healed":0,"gold_gain":0,"player_choice":"Removed Attack","damage_taken":0,"max_hp_gain":0,"max_hp_loss":0,"event_name":"Falling","floor":37,"gold_loss":0}],"is_beta":false,"boss_relics":[{"not_picked":["Tiny House","SlaversCollar"],"picked":"Pandora\u0027s Box"},{"not_picked":["Busted Crown","Replay:Drink Me"],"picked":"Sozu"}],"items_purged_floors":[27,39,41,47],"is_endless":false,"potions_floor_spawned":[3,8,16,21,24,29,33,35,40],"killed_by":"Time Eater","ascension_level":13}}