{"host":"lctcqud4f9t1q6q5","time":1608808434,"event":{"mods":["BaseMod","Better Vampires","Block Reminder","Colored Map","Colored Powertips","Highlight Path","KinomotoSakuraMod(木之本樱)","Marisa（F雨　魔理沙）","Minty Spire (QoL Compilation)","Quick Restart","Reimu（博丽灵梦）","Relic Stats","Replay The Spire","RumiaBox-露米娅的神秘盒子","Shop Mod","Spicy Shops","StSLib","TestMod","The Bug Knight","WarShipGirlsR/战舰少女R mod","vexMod","【功能Mod】混沌之环修复补丁","篝火指南"],"gold_per_floor":[114,128,142,158,11,11,11],"floor_reached":6,"playtime":306,"items_purged":[],"score":44,"play_id":"f6207a4f-d412-4d29-b8ca-3ff6b543674b","local_time":"20201224191354","is_ascension_mode":true,"campfire_choices":[],"circlet_count":0,"master_deck":["Strike_P","Strike_P","Strike_P","Strike_P","Defend_P","Defend_P","Defend_P","Defend_P","Eruption","Vigilance","testmod-ConditionedReflex","JustLucky","PathToVictory","Replay:AtTheReady","Nirvana"],"relics":["PureWater","testmod-TestBox","testmod-NegativeEmotionEnhancer","CeramicFish"],"acts_visited":["Exordium"],"potions_floor_usage":[6],"damage_taken":[{"damage":9.0,"enemies":"2 Louse","floor":1.0,"turns":3.0},{"damage":0.0,"enemies":"Small Slimes","floor":2.0,"turns":3.0},{"damage":4.0,"enemies":"Jaw Worm","floor":3.0,"turns":4.0},{"damage":26.0,"enemies":"Exordium Thugs","floor":4.0,"turns":4.0},{"damage":57,"enemies":"Lagavulin","floor":6,"turns":6}],"seed_played":"-5723990444616677727","potions_obtained":[{"floor":4.0,"key":"ZuzhouPotion:ReiMu"}],"is_trial":false,"path_per_floor":["M","M","M","M","$","E"],"character_chosen":"WATCHER","items_purchased":["CeramicFish"],"campfire_rested":0,"item_purchase_floors":[5],"current_hp_per_floor":[66,69,67,44,44,0,0],"gold":11,"neow_bonus":"RANDOM_COLORLESS","is_daily":false,"chose_seed":false,"campfire_upgraded":0,"win_rate":0.0,"timestamp":1608808434,"path_taken":["M","M","M","M","$","E"],"items_purchased_type":["Relic"],"build_version":"2020-12-22","purchased_purges":0,"victory":false,"max_hp_per_floor":[73,74,75,76,76,76,76],"relic_stats":{"counters":[5,20],"CeramicFish":0,"obtain_stats":[{"testmod-TestBox":0,"CeramicFish":5,"testmod-NegativeEmotionEnhancer":0,"PureWater":0},{"testmod-TestBox":0,"CeramicFish":4,"testmod-NegativeEmotionEnhancer":0,"PureWater":0},{"testmod-TestBox":0,"CeramicFish":14,"testmod-NegativeEmotionEnhancer":0,"PureWater":0}]},"card_choices":[{"not_picked":["testmod-Automaton","Impatience"],"picked":"testmod-ConditionedReflex","floor":0.0},{"not_picked":["Replay:BluntJabs","FollowUp"],"picked":"JustLucky","floor":1.0},{"not_picked":["Nirvana","LikeWater"],"picked":"PathToVictory","floor":2.0},{"not_picked":["Prostrate","Vengeance"],"picked":"Replay:AtTheReady","floor":3.0},{"not_picked":["CrushJoints","Sanctity"],"picked":"Nirvana","floor":4.0}],"player_experience":281441,"relics_obtained":[],"event_choices":[],"is_beta":false,"boss_relics":[],"items_purged_floors":[],"is_endless":false,"potions_floor_spawned":[4],"killed_by":"Lagavulin","ascension_level":3}}