{"host":"2e3z4r48quhw80cc","time":1608853001,"event":{"mods":["BaseMod","Minty Spire (QoL Compilation)","Quick Restart","StSLib","SuperFastMode"],"gold_per_floor":[113,130,55,69,69,98,131,131,178,208,237,262,295,328,328,402,402,415,415,440,277,277,310,310,349,349,380,414,414,454,480,480,554,554,569,569,607,455,377,415,715,744,744,777,807,46,80,122,122,122,122],"floor_reached":52,"playtime":2289,"items_purged":["Machine Learning"],"score":3430,"play_id":"e52e512f-9686-4c9b-88dc-e111a0e44ac8","local_time":"20201225083641","daily_mods":["SealedDeck","Vintage","Heirloom","Time Dilation","Flight","DeadlyEvents","Elite Swarm"],"is_ascension_mode":true,"campfire_choices":[{"floor":8.0,"key":"REST"},{"data":"Fission","floor":15.0,"key":"SMITH"},{"floor":24.0,"key":"REST"},{"floor":29.0,"key":"REST"},{"floor":32.0,"key":"DIG"},{"floor":41.0,"key":"DIG"},{"floor":49.0,"key":"DIG"}],"circlet_count":0,"master_deck":["AscendersBane","Conserve Battery+1","Doom and Gloom+1","Static Discharge","Loop","Capacitor","Consume","Double Energy","Echo Form","Buffer","Amplify+1","Core Surge+1","Fission+1","Electrodynamics","Creative AI","Heatsinks","Force Field","Rainbow","Biased Cognition","Core Surge","Seek","Fission+1","Glacier","Creative AI+1","Loop+1","Biased Cognition+1","Buffer+1"],"relics":["Cracked Core","Calipers","Sundial","Vajra","Lantern","Meat on the Bone","Akabeko","Happy Flower","War Paint","StrikeDummy","CaptainsWheel","Blue Candle","Black Star","Singing Bowl","Pen Nib","HornCleat","Shovel","Strawberry","CeramicFish","Ginger","Gremlin Horn","Ice Cream","Whetstone","TungstenRod","Kunai","Centennial Puzzle","Eternal Feather","Gambling Chip","Ornamental Fan","Bag of Preparation","Sozu","Tiny Chest","Prayer Wheel","Thread and Needle","DollysMirror","Symbiotic Virus","Frozen Egg 2","Old Coin","Cables","FossilizedHelix","Bottled Lightning","Lizard Tail","Bottled Tornado","Orichalcum","Ancient Tea Set","OrangePellets","Pear","Blood Vial","Letter Opener","Torii","Incense Burner","PreservedInsect","Mummified Hand"],"acts_visited":["Exordium","TheCity","TheBeyond"],"potions_floor_usage":[],"damage_taken":[{"damage":0.0,"enemies":"Jaw Worm","floor":1.0,"turns":4.0},{"damage":0.0,"enemies":"Small Slimes","floor":2.0,"turns":2.0},{"damage":1.0,"enemies":"Cultist","floor":4.0,"turns":3.0},{"damage":26.0,"enemies":"Lagavulin","floor":6.0,"turns":4.0},{"damage":42.0,"enemies":"Gremlin Nob","floor":7.0,"turns":4.0},{"damage":0.0,"enemies":"Lagavulin","floor":10.0,"turns":6.0},{"damage":20.0,"enemies":"3 Sentries","floor":11.0,"turns":4.0},{"damage":20.0,"enemies":"Gremlin Nob","floor":12.0,"turns":6.0},{"damage":0.0,"enemies":"Lagavulin","floor":13.0,"turns":5.0},{"damage":20.0,"enemies":"3 Sentries","floor":14.0,"turns":4.0},{"damage":0.0,"enemies":"Slime Boss","floor":16.0,"turns":5.0},{"damage":2.0,"enemies":"Chosen","floor":18.0,"turns":5.0},{"damage":30.0,"enemies":"Slavers","floor":20.0,"turns":3.0},{"damage":34.0,"enemies":"Book of Stabbing","floor":23.0,"turns":6.0},{"damage":0.0,"enemies":"Gremlin Leader","floor":25.0,"turns":6.0},{"damage":6.0,"enemies":"Book of Stabbing","floor":27.0,"turns":5.0},{"damage":34.0,"enemies":"Slavers","floor":28.0,"turns":3.0},{"damage":11.0,"enemies":"Book of Stabbing","floor":30.0,"turns":5.0},{"damage":0.0,"enemies":"Gremlin Leader","floor":31.0,"turns":3.0},{"damage":1.0,"enemies":"Automaton","floor":33.0,"turns":10.0},{"damage":0.0,"enemies":"3 Shapes","floor":35.0,"turns":4.0},{"damage":27.0,"enemies":"Giant Head","floor":37.0,"turns":7.0},{"damage":0.0,"enemies":"Reptomancer","floor":40.0,"turns":3.0},{"damage":8.0,"enemies":"Giant Head","floor":42.0,"turns":7.0},{"damage":0.0,"enemies":"Reptomancer","floor":44.0,"turns":5.0},{"damage":0.0,"enemies":"Giant Head","floor":45.0,"turns":7.0},{"damage":0.0,"enemies":"Reptomancer","floor":47.0,"turns":3.0},{"damage":0.0,"enemies":"Nemesis","floor":48.0,"turns":5.0},{"damage":0.0,"enemies":"Awakened One","floor":50.0,"turns":7.0},{"damage":0,"enemies":"Time Eater","floor":51,"turns":4}],"seed_played":"-8892075916622888981","potions_obtained":[{"floor":2.0,"key":"Regen Potion"},{"floor":6.0,"key":"FocusPotion"},{"floor":12.0,"key":"EssenceOfSteel"},{"floor":14.0,"key":"FocusPotion"}],"is_trial":true,"path_per_floor":["M","M","?","M","?","E","E","R","T","E","E","E","E","E","R","B",null,"M","?","E","$","?","E","R","E","T","E","E","R","E","E","R","B",null,"M","?","E","$","$","E","R","E","T","E","E","$","E","E","R","B","B",null],"character_chosen":"DEFECT","items_purchased":["Heatsinks","Force Field","DollysMirror","Glacier","OrangePellets","Pear","Blood Vial","Loop+1"],"campfire_rested":3,"item_purchase_floors":[21,21,38,39,46,46,46,46],"current_hp_per_floor":[64,64,64,63,71,45,15,36,36,36,40,32,44,36,36,36,62,60,56,38,38,38,23,46,46,46,42,22,46,47,49,61,62,80,80,80,53,53,53,53,68,62,62,64,66,76,78,80,95,97,99],"gold":122,"neow_bonus":"","is_daily":false,"chose_seed":false,"campfire_upgraded":1,"win_rate":0.0,"timestamp":1608853001,"path_taken":["M","M","?","M","?","E","E","R","T","E","?","E","E","E","R","BOSS","M","?","?","$","?","E","R","E","T","E","E","R","E","E","R","BOSS","M","?","?","$","$","E","R","E","T","E","E","$","E","E","R","BOSS","BOSS"],"items_purchased_type":["Card","Card","Relic","Card","Relic","Relic","Relic","Card"],"build_version":"2020-12-22","purchased_purges":1,"victory":true,"max_hp_per_floor":[71,71,71,71,71,71,71,71,71,71,71,71,71,71,71,71,71,71,71,71,71,71,78,78,78,78,80,82,82,82,84,84,86,86,86,86,86,86,86,86,86,88,88,90,92,102,102,102,102,102,102],"card_choices":[{"not_picked":["Rainbow","Core Surge"],"picked":"Echo Form","floor":6.0},{"not_picked":["Fission","Reboot"],"picked":"Buffer","floor":7.0},{"not_picked":["Core Surge","All For One"],"picked":"Amplify","floor":10.0},{"not_picked":["Multi-Cast","Amplify","Biased Cognition"],"picked":"SKIP","floor":11.0},{"not_picked":["Biased Cognition","Amplify"],"picked":"Machine Learning","floor":12.0},{"not_picked":["Amplify","Biased Cognition"],"picked":"Core Surge","floor":13.0},{"not_picked":["Amplify","Reboot"],"picked":"Fission","floor":14.0},{"not_picked":["Seek","Multi-Cast"],"picked":"Electrodynamics","floor":16.0},{"not_picked":["Echo Form","Hyperbeam"],"picked":"Creative AI","floor":20.0},{"not_picked":["Echo Form","Fission"],"picked":"Rainbow","floor":23.0},{"not_picked":["All For One","Electrodynamics"],"picked":"Biased Cognition","floor":25.0},{"not_picked":["Fission","Rainbow","Reboot"],"picked":"Singing Bowl","floor":27.0},{"not_picked":["Hyperbeam","Meteor Strike","Creative AI"],"picked":"Singing Bowl","floor":28.0},{"not_picked":["All For One","Hyperbeam"],"picked":"Core Surge","floor":30.0},{"not_picked":["Rainbow","Machine Learning","Biased Cognition"],"picked":"Singing Bowl","floor":31.0},{"not_picked":["Seek","Meteor Strike","Multi-Cast"],"picked":"Singing Bowl","floor":33.0},{"not_picked":["Thunder Strike","Echo Form"],"picked":"Seek","floor":37.0},{"not_picked":["Core Surge","Hyperbeam"],"picked":"Creative AI+1","floor":40.0},{"not_picked":["Multi-Cast","Amplify","Thunder Strike"],"picked":"Singing Bowl","floor":42.0},{"not_picked":["Meteor Strike","Rainbow","Electrodynamics+1"],"picked":"Singing Bowl","floor":44.0},{"not_picked":["All For One","Multi-Cast","Creative AI+1"],"picked":"Singing Bowl","floor":45.0},{"not_picked":["Seek","Rainbow"],"picked":"Biased Cognition+1","floor":47.0},{"not_picked":["Biased Cognition+1","Multi-Cast"],"picked":"Buffer+1","floor":48.0}],"player_experience":33239,"relics_obtained":[{"floor":1.0,"key":"Sundial"},{"floor":2.0,"key":"Vajra"},{"floor":4.0,"key":"Lantern"},{"floor":6.0,"key":"Meat on the Bone"},{"floor":7.0,"key":"Akabeko"},{"floor":9.0,"key":"Happy Flower"},{"floor":10.0,"key":"War Paint"},{"floor":12.0,"key":"StrikeDummy"},{"floor":13.0,"key":"CaptainsWheel"},{"floor":14.0,"key":"Blue Candle"},{"floor":18.0,"key":"Singing Bowl"},{"floor":20.0,"key":"Pen Nib"},{"floor":20.0,"key":"HornCleat"},{"floor":23.0,"key":"Shovel"},{"floor":23.0,"key":"Strawberry"},{"floor":25.0,"key":"CeramicFish"},{"floor":25.0,"key":"Ginger"},{"floor":26.0,"key":"Gremlin Horn"},{"floor":27.0,"key":"Ice Cream"},{"floor":27.0,"key":"Whetstone"},{"floor":28.0,"key":"TungstenRod"},{"floor":28.0,"key":"Kunai"},{"floor":30.0,"key":"Centennial Puzzle"},{"floor":30.0,"key":"Eternal Feather"},{"floor":31.0,"key":"Gambling Chip"},{"floor":31.0,"key":"Ornamental Fan"},{"floor":32.0,"key":"Bag of Preparation"},{"floor":35.0,"key":"Tiny Chest"},{"floor":37.0,"key":"Prayer Wheel"},{"floor":37.0,"key":"Thread and Needle"},{"floor":40.0,"key":"Symbiotic Virus"},{"floor":40.0,"key":"Frozen Egg 2"},{"floor":41.0,"key":"Old Coin"},{"floor":42.0,"key":"Cables"},{"floor":42.0,"key":"FossilizedHelix"},{"floor":43.0,"key":"Bottled Lightning"},{"floor":44.0,"key":"Lizard Tail"},{"floor":44.0,"key":"Bottled Tornado"},{"floor":45.0,"key":"Orichalcum"},{"floor":45.0,"key":"Ancient Tea Set"},{"floor":47.0,"key":"Letter Opener"},{"floor":47.0,"key":"Torii"},{"floor":48.0,"key":"Incense Burner"},{"floor":48.0,"key":"PreservedInsect"},{"floor":49.0,"key":"Mummified Hand"}],"event_choices":[{"cards_removed":["Barrage"],"damage_healed":0.0,"max_hp_gain":0.0,"max_hp_loss":0.0,"gold_gain":0.0,"event_name":"The Cleric","player_choice":"Card Removal","floor":3.0,"gold_loss":75.0,"damage_taken":0.0},{"cards_removed":["Undo"],"damage_healed":8.0,"max_hp_gain":0.0,"max_hp_loss":0.0,"gold_gain":0.0,"event_name":"Bonfire Elementals","player_choice":"Offered Uncommon","floor":5.0,"gold_loss":0.0,"damage_taken":0.0},{"damage_healed":0.0,"max_hp_gain":0.0,"max_hp_loss":0.0,"gold_gain":0.0,"event_name":"The Woman in Blue","player_choice":"Bought 0 Potions","floor":19.0,"gold_loss":0.0,"damage_taken":0.0},{"cards_removed":["Melter"],"damage_healed":0.0,"max_hp_gain":0.0,"max_hp_loss":0.0,"gold_gain":0.0,"event_name":"Back to Basics","player_choice":"Elegance","floor":22.0,"gold_loss":0.0,"damage_taken":0.0},{"damage_healed":0.0,"max_hp_gain":0.0,"max_hp_loss":0.0,"gold_gain":0.0,"event_name":"Lab","player_choice":"Got Potions","floor":36.0,"gold_loss":0.0,"damage_taken":0.0}],"is_beta":false,"boss_relics":[{"not_picked":["Busted Crown","SlaversCollar"],"picked":"Black Star"},{"not_picked":["Empty Cage","Runic Dome"],"picked":"Sozu"}],"items_purged_floors":[46],"is_endless":false,"potions_floor_spawned":[2,6,12,13,14,23,28,30,33,35,37,42],"ascension_level":20}}