{"host":"t7mx8yfj1no5p62f","time":1608840843,"event":{"mods":["BaseMod","Colored Map","Colored Powertips","Minty Spire (QoL Compilation)","Relic Stats","StSLib"],"gold_per_floor":[118,118,129,10,10,10,23,23,23,41,41,76,19,46,46,123,123,143,143,160,29,29,29,29],"floor_reached":23,"playtime":616,"items_purged":["Strike_R","Strike_R"],"score":394,"play_id":"b8af78df-ab9b-49d2-89c2-d80b28c72284","local_time":"20201224151403","is_ascension_mode":true,"campfire_choices":[{"data":"Cleave","floor":6,"key":"SMITH"},{"data":"Twin Strike","floor":11,"key":"SMITH"},{"data":"Spot Weakness","floor":15,"key":"SMITH"}],"circlet_count":0,"master_deck":["AscendersBane","Strike_R+1","Strike_R","Strike_R+1","Defend_R+1","Defend_R","Defend_R","Defend_R","Bash+1","Iron Wave","Cleave+1","Evolve","Twin Strike+1","Armaments","Metallicize","Anger","Spot Weakness+1","Immolate","Thunderclap"],"relics":["Burning Blood","Smiling Mask","Whetstone","Cursed Key"],"acts_visited":["Exordium","TheCity"],"potions_floor_usage":[12,23,23],"damage_taken":[{"damage":14,"enemies":"Jaw Worm","floor":1,"turns":5},{"damage":3,"enemies":"Small Slimes","floor":3,"turns":4},{"damage":3,"enemies":"2 Louse","floor":7,"turns":2},{"damage":8,"enemies":"Blue Slaver","floor":10,"turns":4},{"damage":5,"enemies":"3 Sentries","floor":12,"turns":6},{"damage":24,"enemies":"Lagavulin","floor":14,"turns":7},{"damage":33,"enemies":"Hexaghost","floor":16,"turns":9},{"damage":20,"enemies":"2 Thieves","floor":18,"turns":3},{"damage":12,"enemies":"Spheric Guardian","floor":20,"turns":6},{"damage":41,"enemies":"Slavers","floor":23,"turns":3}],"seed_played":"-5585977118020847410","potions_obtained":[{"floor":7,"key":"Fire Potion"}],"is_trial":false,"path_per_floor":["M","?","M","$","?","R","M","?","T","M","R","E","$","E","R","B",null,"M","?","M","$","T","E"],"character_chosen":"IRONCLAD","items_purchased":["Evolve","Anger","DuplicationPotion"],"campfire_rested":0,"item_purchase_floors":[4,13,21],"current_hp_per_floor":[67,67,70,70,45,45,48,75,75,73,73,74,74,56,56,29,69,55,43,37,37,37,0,0],"gold":29,"neow_bonus":"TEN_PERCENT_HP_BONUS","is_daily":false,"chose_seed":false,"campfire_upgraded":3,"win_rate":0.0,"timestamp":1608840843,"path_taken":["M","?","M","$","?","R","M","?","T","M","R","E","?","E","R","BOSS","M","?","M","?","?","E"],"items_purchased_type":["Card","Card","Potion"],"build_version":"2020-12-22","purchased_purges":2,"victory":false,"max_hp_per_floor":[82,82,82,82,82,82,82,82,82,82,82,82,82,82,82,82,82,82,82,82,82,82,82,82],"relic_stats":{"counters":[10,49],"Whetstone":["Strike_R","Bash"],"Smiling Mask":50,"Cursed Key":0,"obtain_stats":[{"Whetstone":14,"Smiling Mask":12,"Cursed Key":17,"Burning Blood":0},{"Whetstone":6,"Smiling Mask":5,"Cursed Key":7,"Burning Blood":0},{"Whetstone":28,"Smiling Mask":21,"Cursed Key":37,"Burning Blood":0}],"Burning Blood":54},"card_choices":[{"not_picked":["Heavy Blade","Cleave"],"picked":"Iron Wave","floor":1},{"not_picked":["Warcry","Clash"],"picked":"Cleave","floor":3},{"not_picked":["Wild Strike","Shrug It Off"],"picked":"Twin Strike","floor":7},{"not_picked":["Combust","Rampage"],"picked":"Armaments","floor":10},{"not_picked":["Clash","Bloodletting"],"picked":"Metallicize","floor":12},{"not_picked":["Uppercut","Whirlwind"],"picked":"Spot Weakness","floor":14},{"not_picked":["Limit Break","Fiend Fire"],"picked":"Immolate","floor":16},{"not_picked":["Fire Breathing","Dropkick","Blood for Blood"],"picked":"SKIP","floor":18},{"not_picked":["Wild Strike","Iron Wave"],"picked":"Thunderclap","floor":20}],"player_experience":1584772,"relics_obtained":[{"floor":12,"key":"Smiling Mask"},{"floor":14,"key":"Whetstone"}],"event_choices":[{"damage_healed":0,"gold_gain":0,"player_choice":"Ignored","damage_taken":0,"max_hp_gain":0,"max_hp_loss":0,"event_name":"Liars Game","floor":2,"gold_loss":0},{"damage_healed":0,"gold_gain":0,"player_choice":"Entered Light","damage_taken":25,"max_hp_gain":0,"max_hp_loss":0,"event_name":"Shining Light","floor":5,"gold_loss":0,"cards_upgraded":["Strike_R","Defend_R"]},{"damage_healed":27,"gold_gain":0,"player_choice":"Banana","damage_taken":0,"max_hp_gain":0,"max_hp_loss":0,"event_name":"Big Fish","floor":8,"gold_loss":0},{"damage_healed":0,"gold_gain":0,"player_choice":"POTION ","damage_taken":12,"max_hp_gain":0,"max_hp_loss":0,"event_name":"Knowing Skull","floor":19,"potions_obtained":["Block Potion"],"gold_loss":0,"cards_obtained":[]}],"is_beta":false,"boss_relics":[{"not_picked":["Runic Dome","Snecko Eye"],"picked":"Cursed Key"}],"items_purged_floors":[4,21],"is_endless":false,"potions_floor_spawned":[7],"killed_by":"Slavers","ascension_level":20}}