{"host":"wbdly04l9mkn9nrc","time":1608807964,"event":{"mods":["AchievementEnabler","BaseMod","BetterRewards","Minty Spire (QoL Compilation)","StSLib","[IsaacMod]ÒÔÈö¼âËþ"],"gold_per_floor":[112,126,137,12,32,32,63,83,138,138,169,169,169,185,185,262,262,280,290,83,100,100],"floor_reached":21,"playtime":1512,"items_purged":["Strike_R","Defend_R","Strike_R"],"score":607,"play_id":"b693cb5d-70ce-4641-9dc3-92f9c13ab197","local_time":"20201224190604","is_ascension_mode":true,"campfire_choices":[{"data":"Armaments","floor":6.0,"key":"SMITH"},{"data":"Armaments","floor":10.0,"key":"SMITH"},{"data":"Offering","floor":12.0,"key":"SMITH"},{"data":"Demon Form","floor":15,"key":"SMITH"}],"circlet_count":0,"master_deck":["AscendersBane","Strike_R","Strike_R","Strike_R","Defend_R","Defend_R","Defend_R","Bash","Armaments+1","Shrug It Off","Offering+1","Spot Weakness","Impervious","Armaments+1","Demon Form+1","Corruption","Limit Break","Immolate"],"relics":["Burning Blood","HushsDoor","PillsDrop","SteamSale","BookofShadows","Singing Bowl","Happy Flower","Omamori","Lee\u0027s Waffle","Habit","Lantern","Pen Nib","Gremlin Horn","SlaversCollar","GuppysHairball","MomsKnife","NineLifeCat","Tiny Chest"],"acts_visited":["Exordium","TheCity"],"potions_floor_usage":[],"damage_taken":[{"damage":7.0,"enemies":"Cultist","floor":1.0,"turns":4.0},{"damage":19.0,"enemies":"Jaw Worm","floor":2.0,"turns":5.0},{"damage":6.0,"enemies":"Small Slimes","floor":3.0,"turns":3.0},{"damage":13.0,"enemies":"2 Fungi Beasts","floor":5.0,"turns":5.0},{"damage":11.0,"enemies":"3 Sentries","floor":7.0,"turns":9.0},{"damage":17.0,"enemies":"Lots of Slimes","floor":8.0,"turns":6.0},{"damage":6.0,"enemies":"Lagavulin","floor":11.0,"turns":5.0},{"damage":9,"enemies":"Red Slaver","floor":14,"turns":2},{"damage":6,"enemies":"Slime Boss","floor":16,"turns":8},{"damage":13,"enemies":"Chosen","floor":18,"turns":4},{"damage":16,"enemies":"3 Byrds","floor":19,"turns":6},{"damage":25,"enemies":"3 Cultists","floor":21,"turns":4}],"seed_played":"-8683864807225354735","potions_obtained":[{"floor":2.0,"key":"Energy Potion"},{"floor":8.0,"key":"Block Potion"}],"is_trial":false,"path_per_floor":["M","M","M","$","M","R","E","M","T","R","E","R","?","M","R","B",null,"M","M","$","M"],"character_chosen":"IRONCLAD","items_purchased":["Armaments","SteamSale","Shrug It Off","BookofShadows","Singing Bowl","Happy Flower","Offering","Omamori","Lee\u0027s Waffle","Spot Weakness","Habit","GuppysHairball","MomsKnife","NineLifeCat","Tiny Chest","Immolate"],"campfire_rested":0,"item_purchase_floors":[0,0,0,0,0,0,0,0,0,0,4,17,17,17,20,20],"current_hp_per_floor":[86,76,78,78,71,71,68,59,59,59,59,59,59,61,61,61,11,13,15,15,13,13],"gold":100,"neow_bonus":"","is_daily":false,"chose_seed":false,"campfire_upgraded":4,"win_rate":0.0,"timestamp":1608807964,"path_taken":["M","?","M","$","?","R","E","?","T","R","E","R","?","?","R","BOSS","M","M","$","?"],"items_purchased_type":["Card","Relic","Card","Relic","Relic","Relic","Card","Relic","Relic","Card","Relic","Relic","Relic","Relic","Relic","Card"],"build_version":"2020-12-22","purchased_purges":3,"victory":false,"max_hp_per_floor":[87,90,92,92,92,92,89,91,91,91,91,91,91,96,96,96,11,13,15,15,17,17],"card_choices":[{"not_picked":["Headbutt","Bloodletting"],"picked":"Impervious","floor":1.0},{"not_picked":["Intimidate","Heavy Blade"],"picked":"Armaments","floor":2.0},{"not_picked":["Clash","Sword Boomerang","Clothesline"],"picked":"Singing Bowl","floor":3.0},{"not_picked":["Bomb","Warcry"],"picked":"Demon Form","floor":5.0},{"not_picked":["Metallicize","Infernal Blade","Ghostly Armor"],"picked":"Singing Bowl","floor":7.0},{"not_picked":["Perfected Strike","Hemokinesis","Cleave"],"picked":"Singing Bowl","floor":8.0},{"not_picked":["Sentinel","Havoc"],"picked":"Corruption","floor":11.0},{"not_picked":["Warcry","Bloodletting","Dual Wield"],"picked":"Singing Bowl","floor":14},{"not_picked":["Fiend Fire","Offering"],"picked":"Limit Break","floor":16},{"not_picked":["Sentinel","Sword Boomerang","Heavy Blade"],"picked":"Singing Bowl","floor":18},{"not_picked":["Clothesline","Intimidate","Iron Wave"],"picked":"Singing Bowl","floor":19},{"not_picked":["Warcry","Inflame","Heavy Blade"],"picked":"Singing Bowl","floor":21}],"player_experience":115285,"relics_obtained":[{"floor":7.0,"key":"Lantern"},{"floor":9.0,"key":"Pen Nib"},{"floor":11.0,"key":"Gremlin Horn"}],"event_choices":[{"damage_healed":0,"gold_gain":0,"player_choice":"0 cards matched","damage_taken":0,"max_hp_gain":0,"max_hp_loss":0,"event_name":"Match and Keep!","floor":13,"gold_loss":0,"cards_obtained":[]}],"is_beta":false,"boss_relics":[{"not_picked":["Tiny House","Ectoplasm"],"picked":"SlaversCollar"},{"not_picked":[]}],"items_purged_floors":[0,4,20],"is_endless":false,"potions_floor_spawned":[2,8,14,19],"killed_by":"3 Cultists","ascension_level":13}}