{"host":"t75twhtg6c476ygg","time":1608823772,"event":{"mods":["AchievementEnabler","BaseMod","Colored Powertips","Minty Spire (QoL Compilation)","Quick Restart","Relic Stats","StSLib","SuperFastMode"],"gold_per_floor":[114,289,47,62,62,92,92,107,107,122,152,152,167,182,182,282,282,297,22,52,67,82,82,112,112,162,162,177,27,42,57,57,157,157,172,187,233,248,248,278,278,293,368,383,398,428,0,27,27,27],"floor_reached":51,"playtime":1805,"items_purged":[],"score":1186,"play_id":"c5502b50-e950-4279-b5de-3ee110972057","local_time":"20201224152932","daily_mods":["Insanity","Purple Cards","DeadlyEvents"],"is_ascension_mode":false,"campfire_choices":[{"data":"Well Laid Plans","floor":7.0,"key":"SMITH"},{"floor":12.0,"key":"REST"},{"data":"ForeignInfluence","floor":15.0,"key":"SMITH"},{"data":"Corruption","floor":23.0,"key":"SMITH"},{"data":"Accuracy","floor":25.0,"key":"SMITH"},{"data":"Corpse Explosion","floor":32.0,"key":"SMITH"},{"data":"Backstab","floor":41,"key":"SMITH"},{"data":"Doubt","floor":49,"key":"PURGE"}],"circlet_count":0,"master_deck":["Outmaneuver","Quick Slash","Slice","Meditate","Halt","Concentrate","Finisher","Cloak And Dagger","MentalFortress","WheelKick","FlyingSleeves","FollowUp","Crescendo","Prepared","TalkToTheHand","FlurryOfBlows","Slice","Crescendo","PiercingWail","ThirdEye","Deadly Poison","TalkToTheHand","Well Laid Plans+1","FlurryOfBlows","Sucker Punch","Meditate","Outmaneuver","EmptyMind","CrushJoints","SignatureMove","Conclude","FollowUp","Riddle With Holes","FlurryOfBlows","Dodge and Roll","FlyingSleeves","FlurryOfBlows","ForeignInfluence+1","Evaluate","Quick Slash","BowlingBash","Conclude","Evaluate","Dagger Throw","Evaluate","Setup","Blade Dance","TalkToTheHand","FlyingSleeves","Tantrum","Noxious Fumes","FlurryOfBlows","Study","FlurryOfBlows","Indignation","Mind Blast+1","Ragnarok","Bullet Time","Corruption+1","TalkToTheHand","Accuracy+1","Corpse Explosion+1","DeceiveReality","After Image","FlurryOfBlows","Backstab+1","ForeignInfluence+1","Tantrum+1","Blade Dance+1","Consecrate+1","Riddle With Holes+1","Wallop+1","Halt","Backflip","Fasting2","Thinking Ahead","Panacea"],"relics":["Ring of the Snake","Membership Card","Vajra","MealTicket","Boot","Matryoshka","Thread and Needle","Potion Belt","Question Card","Dead Branch","Bottled Tornado","Bag of Preparation","Medical Kit","Mark of Pain","Blood Vial","Smiling Mask","PreservedInsect","Anchor","ClockworkSouvenir","Nunchaku","Philosopher\u0027s Stone","Peace Pipe","Singing Bowl","Molten Egg 2","InkBottle","Regal Pillow","Red Mask","Mummified Hand","Gambling Chip","Unceasing Top"],"acts_visited":["Exordium","TheCity","TheBeyond"],"potions_floor_usage":[50,50],"damage_taken":[{"damage":5.0,"enemies":"Small Slimes","floor":1.0,"turns":2.0},{"damage":0.0,"enemies":"Jaw Worm","floor":4.0,"turns":2.0},{"damage":18.0,"enemies":"Gremlin Nob","floor":6.0,"turns":4.0},{"damage":0.0,"enemies":"Cultist","floor":8.0,"turns":2.0},{"damage":0.0,"enemies":"Lots of Slimes","floor":10.0,"turns":2.0},{"damage":30.0,"enemies":"Lagavulin","floor":11.0,"turns":3.0},{"damage":0.0,"enemies":"2 Fungi Beasts","floor":13.0,"turns":2.0},{"damage":0.0,"enemies":"3 Louse","floor":14.0,"turns":1.0},{"damage":0.0,"enemies":"Slime Boss","floor":16.0,"turns":2.0},{"damage":0.0,"enemies":"Spheric Guardian","floor":18.0,"turns":1.0},{"damage":0.0,"enemies":"Book of Stabbing","floor":20.0,"turns":2.0},{"damage":0.0,"enemies":"3 Byrds","floor":21.0,"turns":2.0},{"damage":0.0,"enemies":"Snecko","floor":22.0,"turns":2.0},{"damage":0.0,"enemies":"Gremlin Leader","floor":24.0,"turns":1.0},{"damage":0.0,"enemies":"Chosen and Byrds","floor":28.0,"turns":1.0},{"damage":0.0,"enemies":"Shelled Parasite and Fungi","floor":30.0,"turns":1.0},{"damage":0.0,"enemies":"3 Cultists","floor":31.0,"turns":1.0},{"damage":0.0,"enemies":"Automaton","floor":33.0,"turns":4.0},{"damage":0.0,"enemies":"Orb Walker","floor":35.0,"turns":1.0},{"damage":0.0,"enemies":"3 Shapes","floor":36.0,"turns":1.0},{"damage":0.0,"enemies":"2 Orb Walkers","floor":37.0,"turns":2.0},{"damage":0,"enemies":"Maw","floor":38,"turns":1},{"damage":0,"enemies":"Nemesis","floor":40,"turns":1},{"damage":0,"enemies":"3 Darklings","floor":42,"turns":1},{"damage":0,"enemies":"Spire Growth","floor":44,"turns":1},{"damage":0,"enemies":"Writhing Mass","floor":45,"turns":1},{"damage":0,"enemies":"Reptomancer","floor":46,"turns":1},{"damage":30,"enemies":"Time Eater","floor":50,"turns":4}],"seed_played":"-4388098555046818604","potions_obtained":[{"floor":4.0,"key":"SkillPotion"},{"floor":10.0,"key":"LiquidBronze"},{"floor":13.0,"key":"Poison Potion"},{"floor":14.0,"key":"Swift Potion"},{"floor":18.0,"key":"FearPotion"},{"floor":21.0,"key":"Energy Potion"},{"floor":22.0,"key":"Energy Potion"},{"floor":33.0,"key":"FairyPotion"},{"floor":35.0,"key":"FairyPotion"},{"floor":44,"key":"FairyPotion"}],"is_trial":false,"path_per_floor":["M","?","$","M","?","E","R","M","T","M","E","R","M","M","R","B",null,"M","$","E","M","M","R","E","R","T","?","M","$","M","M","R","B",null,"M","M","?","M","?","E","R","M","T","M","M","E","?","$","R","B",null],"character_chosen":"THE_SILENT","items_purchased":["Membership Card","Vajra","Noxious Fumes","Bottled Tornado","Bag of Preparation","Medical Kit","ClockworkSouvenir","Nunchaku","Gambling Chip","Riddle With Holes+1","Wallop+1","Halt","Backflip","Fasting2","Thinking Ahead","Panacea"],"campfire_rested":1,"item_purchase_floors":[3,3,3,19,19,19,29,29,48,48,48,48,48,48,48,48],"current_hp_per_floor":[65,65,65,65,62,44,44,44,44,44,14,35,35,35,35,35,70,70,70,70,70,70,70,70,70,70,70,70,70,70,70,70,70,70,70,70,70,70,70,70,70,72,72,72,74,76,76,76,76,46],"gold":27,"neow_bonus":"","is_daily":true,"chose_seed":false,"campfire_upgraded":6,"win_rate":0.0,"timestamp":1608823772,"path_taken":["M","?","$","M","?","E","R","M","T","M","E","R","?","M","R","BOSS","M","?","?","M","M","R","E","R","T","?","M","?","?","M","R","BOSS","M","M","?","M","?","E","R","M","T","M","?","?","?","?","R","BOSS"],"items_purchased_type":["Relic","Relic","Card","Relic","Relic","Relic","Relic","Relic","Relic","Card","Card","Card","Card","Card","Card","Card"],"build_version":"2020-12-22","purchased_purges":0,"victory":true,"max_hp_per_floor":[70,70,70,70,70,70,70,70,70,70,70,70,70,70,70,70,70,70,70,70,70,70,70,70,70,70,70,70,70,70,70,70,70,70,70,70,70,70,70,70,70,72,72,72,74,76,76,76,76,76],"relic_stats":{"Regal Pillow":0,"Singing Bowl":6,"counters":[28,49],"Dead Branch":[164],"PreservedInsect":106,"Bag of Preparation":[36],"Boot":[18],"Question Card":19,"Medical Kit":[2],"Smiling Mask":0,"Blood Vial":0,"Peace Pipe":1,"Nunchaku":[11],"Mummified Hand":[6],"Gambling Chip":[0],"MealTicket":0,"obtain_stats":[{"Regal Pillow":46,"Singing Bowl":40,"Vajra":3,"Bag of Preparation":19,"Bottled Tornado":19,"Boot":6,"Smiling Mask":24,"ClockworkSouvenir":29,"Blood Vial":20,"Nunchaku":29,"Matryoshka":9,"Mummified Hand":48,"Gambling Chip":48,"MealTicket":5,"Philosopher\u0027s Stone":34,"Red Mask":47,"InkBottle":43,"Ring of the Snake":0,"Potion Belt":17,"Dead Branch":17,"Thread and Needle":11,"PreservedInsect":26,"Question Card":17,"Medical Kit":19,"Calling Bell":17,"Peace Pipe":37,"Anchor":26,"Molten Egg 2":43,"Mark of Pain":20,"Membership Card":3,"Unceasing Top":50},{"Regal Pillow":27,"Singing Bowl":23,"Vajra":1,"Bag of Preparation":10,"Bottled Tornado":10,"Boot":3,"Smiling Mask":14,"ClockworkSouvenir":15,"Blood Vial":11,"Nunchaku":15,"Matryoshka":4,"Mummified Hand":27,"Gambling Chip":27,"MealTicket":2,"Philosopher\u0027s Stone":18,"Red Mask":27,"InkBottle":24,"Ring of the Snake":0,"Potion Belt":9,"Dead Branch":9,"Thread and Needle":6,"PreservedInsect":14,"Question Card":9,"Medical Kit":10,"Calling Bell":9,"Peace Pipe":21,"Anchor":14,"Molten Egg 2":24,"Mark of Pain":11,"Membership Card":1,"Unceasing Top":28},{"Regal Pillow":45,"Singing Bowl":41,"Vajra":2,"Bag of Preparation":21,"Bottled Tornado":21,"Boot":8,"Smiling Mask":28,"ClockworkSouvenir":29,"Blood Vial":23,"Nunchaku":29,"Matryoshka":10,"Mummified Hand":45,"Gambling Chip":45,"MealTicket":4,"Philosopher\u0027s Stone":35,"Red Mask":45,"InkBottle":42,"Ring of the Snake":0,"Potion Belt":20,"Dead Branch":20,"Thread and Needle":15,"PreservedInsect":28,"Question Card":20,"Medical Kit":21,"Calling Bell":20,"Peace Pipe":39,"Anchor":28,"Molten Egg 2":42,"Mark of Pain":22,"Membership Card":2,"Unceasing Top":46}],"InkBottle":[6],"Unceasing Top":[0],"Ring of the Snake":[56]},"card_choices":[{"not_picked":["Bane","WreathOfFlame","Choke"],"picked":"SKIP","floor":1.0},{"not_picked":["CrushJoints","Adaptation","FollowUp"],"picked":"SKIP","floor":4.0},{"not_picked":["Well Laid Plans","Sanctity"],"picked":"FlurryOfBlows","floor":6.0},{"not_picked":["Evaluate","Quick Slash"],"picked":"Study","floor":8.0},{"not_picked":["Evaluate","Caltrops"],"picked":"FlurryOfBlows","floor":10.0},{"not_picked":["Acrobatics","Cloak And Dagger"],"picked":"Indignation","floor":11.0},{"not_picked":["Terror","Masterful Stab","Flying Knee"],"picked":"SKIP","floor":13.0},{"not_picked":["Terror","Masterful Stab","Flying Knee"],"picked":"SKIP","floor":13.0},{"not_picked":["Leg Sweep","CrushJoints"],"picked":"Ragnarok","floor":14.0},{"not_picked":["Die Die Die","ConjureBlade"],"picked":"Bullet Time","floor":16.0},{"not_picked":["Underhanded Strike","Pray","Prostrate","WheelKick"],"picked":"SKIP","floor":18.0},{"not_picked":["Reflex","MentalFortress","Bane","Scrawl"],"picked":"SKIP","floor":20.0},{"not_picked":["Prostrate+1","FlyingSleeves","CarveReality+1"],"picked":"TalkToTheHand","floor":21.0},{"not_picked":["Swivel+1","Dagger Throw","Blade Dance"],"picked":"Accuracy","floor":22.0},{"not_picked":["Footwork","Cloak And Dagger","Pray","CutThroughFate+1"],"picked":"SKIP","floor":24.0},{"not_picked":["Cloak And Dagger","Poisoned Stab","Reflex+1","Conclude"],"picked":"SKIP","floor":28.0},{"not_picked":["JustLucky","Dagger Throw","EmptyBody"],"picked":"DeceiveReality","floor":30.0},{"not_picked":["Heel Hook","PathToVictory+1","Concentrate","Riddle With Holes"],"picked":"SKIP","floor":31.0},{"not_picked":["Brilliance","Ragnarok","Devotion"],"picked":"After Image","floor":33.0},{"not_picked":["Well Laid Plans","Noxious Fumes","Dagger Throw"],"picked":"FlurryOfBlows","floor":35.0},{"not_picked":["Flechettes","Concentrate","WheelKick+1"],"picked":"Backstab","floor":36.0},{"not_picked":["DeceiveReality+1","Sanctity","ClearTheMind+1"],"picked":"ForeignInfluence+1","floor":37.0},{"not_picked":["Footwork+1","Tactician+1","Underhanded Strike+1"],"picked":"Tantrum+1","floor":38},{"not_picked":["Tantrum+1","Deflect+1","Halt+1"],"picked":"Blade Dance+1","floor":40},{"not_picked":["Dodge and Roll+1","Quick Slash","SashWhip","Evaluate"],"picked":"Singing Bowl","floor":42},{"not_picked":["FearNoEvil+1","WreathOfFlame","Flechettes+1"],"picked":"Consecrate+1","floor":44},{"not_picked":["Dagger Spray+1","WheelKick+1","Backflip","LikeWater+1"],"picked":"Singing Bowl","floor":45},{"not_picked":["Masterful Stab+1","Deadly Poison","Choke+1","Eviscerate+1"],"picked":"Singing Bowl","floor":46}],"player_experience":191056,"relics_obtained":[{"floor":6.0,"key":"Boot"},{"floor":9.0,"key":"Matryoshka"},{"floor":11.0,"key":"Thread and Needle"},{"floor":17.0,"key":"Potion Belt"},{"floor":17.0,"key":"Question Card"},{"floor":17.0,"key":"Dead Branch"},{"floor":20.0,"key":"Blood Vial"},{"floor":24.0,"key":"Smiling Mask"},{"floor":26.0,"key":"PreservedInsect"},{"floor":26.0,"key":"Anchor"},{"floor":37.0,"key":"Peace Pipe"},{"floor":40,"key":"Singing Bowl"},{"floor":43,"key":"Molten Egg 2"},{"floor":43,"key":"InkBottle"},{"floor":46,"key":"Regal Pillow"}],"event_choices":[{"damage_healed":0.0,"max_hp_gain":0.0,"max_hp_loss":0.0,"gold_gain":175.0,"event_name":"Liars Game","player_choice":"AGREE","floor":2.0,"gold_loss":0.0,"damage_taken":0.0,"cards_obtained":["Doubt"]},{"damage_healed":0.0,"max_hp_gain":0.0,"max_hp_loss":0.0,"gold_gain":0.0,"event_name":"Scrap Ooze","player_choice":"Success","floor":5.0,"gold_loss":0.0,"damage_taken":3.0,"relics_obtained":["MealTicket"]},{"damage_healed":0.0,"max_hp_gain":0.0,"max_hp_loss":0.0,"gold_gain":0.0,"event_name":"The Library","player_choice":"Read","floor":27.0,"gold_loss":0.0,"damage_taken":0.0,"cards_obtained":["Corpse Explosion"]},{"damage_healed":0.0,"max_hp_gain":0.0,"max_hp_loss":0.0,"gold_gain":0.0,"event_name":"Mysterious Sphere","player_choice":"Fight","floor":37.0,"gold_loss":0.0,"damage_taken":0.0},{"damage_healed":0,"gold_gain":0,"player_choice":"Memory 1","damage_taken":0,"max_hp_gain":0,"max_hp_loss":0,"event_name":"SensoryStone","floor":39,"gold_loss":0},{"damage_healed":0,"gold_gain":0,"player_choice":"Paid","damage_taken":0,"relics_obtained":["Red Mask"],"max_hp_gain":0,"max_hp_loss":0,"event_name":"Tomb of Lord Red Mask","floor":47,"gold_loss":428}],"is_beta":false,"boss_relics":[{"not_picked":["Black Star","Snecko Eye"],"picked":"Calling Bell"},{"not_picked":["Fusion Hammer","Busted Crown"],"picked":"Philosopher\u0027s Stone"}],"items_purged_floors":[],"is_endless":false,"potions_floor_spawned":[4,10,13,14,16,18,21,22,24,33,35,36,44,45,46],"ascension_level":0}}