{"host":"8xp52u5o8fcssvzz","time":1608797139,"event":{"mods":["2.2 Compatiblity","AchievementEnabler","Act Like it!","Aspiration","BaseMod","Better Altar","Better Match","Better Note","Better Sensory Stone","Better Skull","Better Third Choice","BetterRewards","Colored Map","Conspire","Downfall","Gensokyo","GifTheSpireLib","Googly Eyes","Halation","Hallownest","Highlight Path","Hubris","Infinite Spire","Jorbs\u0027s Wanderer Trilogy","Koishi","Lobotomy","LobotomyExtend","Marisa????????","Menagerie","Mimic Mod","Minty Spire (QoL Compilation)","Reimu??????","Remilia??????","Replay The Spire","Shade Mod","Spicy Shops","StSLib","Stuff the Spire","The Administrix","The Blackbeard","The Bladedancer","The Construct","The Cursed","The Gatherer","The Necromancer","The Runesmith","The Servant 0.9.4","The Valiant","TheFirefly","TheSwordswoman","Unceasing Turn Reminder","everything is the same but u backflip on backflip"],"gold_per_floor":[114,124,136,156,176,176,195,195,195,212,212,212,212,229,229,332,332,332,332,332,344,364,364,125,125,180,180,195,195,214,226,226,329,329,346,361,361,372,385,385,415,415,415,122,140,140,140,140],"floor_reached":47,"playtime":2769,"items_purged":[],"score":451,"play_id":"34fa842f-6fea-4992-a844-ff7ba384d96c","local_time":"20201224000539","is_ascension_mode":false,"campfire_choices":[{"floor":6,"key":"REST"},{"data":"Thunderclap","floor":8,"key":"SMITH"},{"floor":11,"key":"REST"},{"data":"conspire:ExplosiveBarrier","floor":13,"key":"SMITH"},{"data":"Iron Wave","floor":15,"key":"SMITH"},{"floor":25,"key":"REST"},{"data":"Uppercut","floor":27,"key":"SMITH"},{"data":"Pummel","floor":32,"key":"SMITH"},{"floor":40,"key":"REST"},{"floor":46,"key":"REST"}],"circlet_count":0,"master_deck":["Strike_R+1","Strike_R+1","Strike_R+1","Strike_R+1","Strike_R+1","Defend_R+1","Defend_R+1","Defend_R+1","Defend_R+1","Bash","Pummel+1","Iron Wave+1","Entrench+1","Thunderclap+1","Shrug It Off+1","conspire:ExplosiveBarrier+1","hubris:CleavingFinish","Uppercut+1","Demon Form","blademaster:Sharpen+1","Perfected Strike+1","Seeing Red+1","Perfected Strike","Thunderclap","Armaments+1","Juggernaut","Ghostly Armor+1","Clothesline","StuffTheSpire:Pyroclast+1","ReplayTheSpireMod:Limb From Limb+1","ReplayTheSpireMod:Stacked+1","StuffTheSpire:BrainWave","hubris:ReadiedAction+1"],"relics":["Burning Blood","aspiration:Nostalgia","blackbeard:LoadTheCannons","LetterFromLob","Toxic Egg 2","conspire:RoyalGoblet","aspiration:Stabinomicon","hubris:IronBody","Runic Cube","Girya"],"acts_visited":["Exordium","TheCity","TheBeyond"],"potions_floor_usage":[41,41],"damage_taken":[{"damage":8,"enemies":"Small Slimes","floor":1,"turns":3},{"damage":3,"enemies":"Jaw Worm","floor":2,"turns":4},{"damage":5,"enemies":"2 Louse","floor":3,"turns":3},{"damage":18,"enemies":"Large Slime","floor":4,"turns":7},{"damage":6,"enemies":"2 Fungi Beasts","floor":5,"turns":4},{"damage":24,"enemies":"Gremlin Gang","floor":7,"turns":7},{"damage":9,"enemies":"Exordium Wildlife","floor":10,"turns":5},{"damage":7,"enemies":"Looter","floor":14,"turns":4},{"damage":47,"enemies":"Fading Forest","floor":16,"turns":11},{"damage":10,"enemies":"Chosen","floor":21,"turns":4},{"damage":29,"enemies":"3 Byrds","floor":22,"turns":6},{"damage":10,"enemies":"conspire:HollyBat","floor":28,"turns":8},{"damage":13,"enemies":"Centurion and Healer","floor":30,"turns":6},{"damage":7,"enemies":"Snake Plant","floor":31,"turns":2},{"damage":19,"enemies":"conspire:MysteriousRune","floor":33,"turns":9},{"damage":13,"enemies":"Orb Walker","floor":35,"turns":3},{"damage":35,"enemies":"3 Darklings","floor":36,"turns":5},{"damage":13,"enemies":"Maw","floor":38,"turns":8},{"damage":0,"enemies":"Transient","floor":39,"turns":5},{"damage":65,"enemies":"Giant Head","floor":41,"turns":9},{"damage":29,"enemies":"Spire Growth","floor":45,"turns":5},{"damage":40,"enemies":"Jaw Worm Horde","floor":47,"turns":4}],"seed_played":"5717394793543824812","potions_obtained":[{"floor":3,"key":"Elixir"},{"floor":4,"key":"sneckomod:MuddlingPotion"},{"floor":7,"key":"conspire:TimeTravelPotion"},{"floor":22,"key":"BlessingOfTheForge"},{"floor":36,"key":"SteroidPotion"},{"floor":41,"key":"Guardian:BlockOnCardUsePotion"}],"is_trial":false,"path_per_floor":["M","M","M","M","M","R","M","R","T","M","R","?","R","M","R","B",null,"M","?","?","M","M","?","$","R","T","R","M","?","M","M","R","B",null,"M","M","?","M","M","R","E","?","T","$","M","R","M"],"character_chosen":"IRONCLAD","items_purchased":["hubris:IronBody","Girya"],"campfire_rested":5,"item_purchase_floors":[24,44],"current_hp_per_floor":[78,80,80,68,68,80,62,62,62,59,80,80,80,79,79,48,80,80,80,80,76,53,37,37,61,61,61,57,80,73,72,72,59,80,73,44,44,37,43,67,32,32,32,32,9,33,0,0],"gold":140,"neow_bonus":"NOSTALGIA","is_daily":false,"chose_seed":false,"campfire_upgraded":5,"win_rate":0.0,"timestamp":1608797139,"path_taken":["M","M","M","M","M","R","M","R","T","M","R","?","R","M","R","BOSS","M","?","?","M","M","?","$","R","T","R","M","?","M","M","R","BOSS","M","M","?","?","M","R","E","?","T","?","M","R","M"],"items_purchased_type":["Relic","Relic"],"build_version":"2020-12-22","purchased_purges":0,"victory":false,"max_hp_per_floor":[80,80,80,80,80,80,80,80,80,80,80,80,80,80,80,80,80,80,80,80,80,80,80,80,80,80,80,80,80,80,80,80,80,80,80,80,80,80,80,80,80,80,80,80,80,80,80,80],"card_choices":[{"not_picked":["Blood for Blood","Evolve"],"picked":"Pummel","floor":1},{"not_picked":["ReplayTheSpireMod:LeadingStrike","Havoc"],"picked":"Iron Wave","floor":2},{"not_picked":["hubris:ReadiedAction","Spot Weakness"],"picked":"Entrench","floor":3},{"not_picked":["Power Through","Replay:Undeath\u0027s Touch"],"picked":"Thunderclap","floor":4},{"not_picked":["Clash","Sentinel"],"picked":"Shrug It Off","floor":5},{"not_picked":["Combust","Pommel Strike"],"picked":"conspire:ExplosiveBarrier","floor":7},{"not_picked":["Warcry+1","Evolve"],"picked":"hubris:CleavingFinish","floor":10},{"not_picked":["True Grit+1","StuffTheSpire:Resist"],"picked":"Uppercut","floor":14},{"not_picked":["Feed","Double Tap+1"],"picked":"Demon Form","floor":16},{"not_picked":["conspire:Charge","Searing Blow"],"picked":"Perfected Strike+1","floor":21},{"not_picked":["Pommel Strike","Body Slam+1"],"picked":"Seeing Red+1","floor":22},{"not_picked":["conspire:Purge+1","conspire:Charge+1"],"picked":"Perfected Strike","floor":28},{"not_picked":["Perfected Strike","ReplayTheSpireMod:Strike From Hell"],"picked":"Thunderclap","floor":30},{"not_picked":["Run Through","Sever Soul"],"picked":"Armaments+1","floor":31},{"not_picked":["conspire:Purge+1","Bludgeon"],"picked":"Juggernaut","floor":33},{"not_picked":["Power Through+1","hubris:ReadiedAction+1"],"picked":"Ghostly Armor+1","floor":35},{"not_picked":["Shockwave+1","ReplayTheSpireMod:LeadingStrike"],"picked":"Clothesline","floor":36},{"not_picked":["StuffTheSpire:Incineration+1","Entrench+1"],"picked":"StuffTheSpire:Pyroclast+1","floor":38},{"not_picked":["Clothesline+1","Clash"],"picked":"ReplayTheSpireMod:Limb From Limb+1","floor":39},{"not_picked":["ReplayTheSpireMod:Strike From Hell","Power Through+1"],"picked":"ReplayTheSpireMod:Stacked+1","floor":41},{"not_picked":["StuffTheSpire:Perfection","StuffTheSpire:Brawn"],"picked":"StuffTheSpire:BrainWave","floor":42},{"not_picked":["Havoc+1","Berserk"],"picked":"hubris:ReadiedAction+1","floor":45}],"player_experience":472163,"relics_obtained":[{"floor":1,"key":"LetterFromLob"},{"floor":9,"key":"Toxic Egg 2"},{"floor":23,"key":"aspiration:Stabinomicon"},{"floor":26,"key":"War Paint"}],"event_choices":[{"damage_healed":0,"gold_gain":0,"player_choice":"Take","damage_taken":0,"max_hp_gain":0,"max_hp_loss":0,"event_name":"betterNote:BetterNote","floor":19,"gold_loss":0,"cards_obtained":["blademaster:Sharpen"]},{"damage_healed":0,"gold_gain":0,"player_choice":"Simplicity","damage_taken":0,"max_hp_gain":0,"max_hp_loss":9,"event_name":"betterThird:BetterWriting","floor":20,"gold_loss":0},{"damage_healed":0,"gold_gain":0,"player_choice":"Obtained Book","damage_taken":16,"max_hp_gain":0,"max_hp_loss":0,"event_name":"Cursed Tome","floor":23,"gold_loss":0},{"damage_healed":26,"gold_gain":0,"player_choice":"Heal","damage_taken":0,"max_hp_gain":0,"max_hp_loss":0,"event_name":"The Library","floor":29,"gold_loss":0},{"damage_healed":0,"gold_gain":0,"player_choice":"Got Potions","damage_taken":0,"max_hp_gain":0,"max_hp_loss":0,"event_name":"Lab","floor":37,"gold_loss":0}],"is_beta":false,"boss_relics":[{"not_picked":["Fusion Hammer","halation:PlatinumPhoenix"],"picked":"conspire:RoyalGoblet"},{"not_picked":["halation:Prosthetics","halation:PinkAlligatorPlush"],"picked":"Runic Cube"}],"items_purged_floors":[],"is_endless":false,"potions_floor_spawned":[3,4,7,10,22,30,36,39,41,45],"killed_by":"Jaw Worm Horde","ascension_level":0}}