{"host":"344lv32hnei0mdhu","time":1608792319,"event":{"mods":["Act Like it!","BaseMod","Better Match","Better Sensory Stone","Better Skull","Better Third Choice","Better Vampires","Colored Powertips","Highlight Path","Minty Spire (QoL Compilation)","Quick Restart","Random Character Button","Rare Cards Sparkle","StSLib"],"gold_per_floor":[110,110,121,27,100,129,129,163,187,187,113,113,37,55,55,156,156,173,190,190,40,40,40,40,75,101,101,101],"floor_reached":27,"playtime":2027,"items_purged":["Writhe"],"score":377,"play_id":"8d77d8a2-b625-4e47-bfbc-10626c715c31","local_time":"20201224004519","is_ascension_mode":true,"campfire_choices":[{"data":"Rage","floor":7,"key":"SMITH"},{"data":"Uppercut","floor":10,"key":"SMITH"},{"data":"Metallicize","floor":12,"key":"SMITH"},{"data":"Bash","floor":15,"key":"SMITH"},{"floor":23,"key":"REST"}],"circlet_count":0,"master_deck":["Strike_R","Strike_R","Strike_R","Strike_R","Strike_R","Defend_R","Defend_R","Defend_R","Defend_R","Bash+1","Metallicize+1","Uppercut+1","Shrug It Off","Blood for Blood","Rage+1","Twin Strike","Rupture","Spot Weakness","Inflame","Feed","Battle Trance","Flame Barrier+1","Inflame","Whirlwind+1"],"relics":["Burning Blood","NeowsBlessing","StrikeDummy","Pen Nib","Pantograph","Blood Vial","Philosopher\u0027s Stone","Strawberry","Smiling Mask","Anchor"],"acts_visited":["Exordium","TheCity"],"potions_floor_usage":[16,16,25,25,25],"damage_taken":[{"damage":0,"enemies":"Jaw Worm","floor":1,"turns":1},{"damage":0,"enemies":"Cultist","floor":3,"turns":1},{"damage":0,"enemies":"Lagavulin","floor":6,"turns":1},{"damage":14,"enemies":"Gremlin Nob","floor":8,"turns":5},{"damage":0,"enemies":"2 Louse","floor":14,"turns":2},{"damage":24,"enemies":"Slime Boss","floor":16,"turns":12},{"damage":9,"enemies":"Chosen","floor":18,"turns":4},{"damage":32,"enemies":"2 Thieves","floor":19,"turns":4},{"damage":95,"enemies":"Gremlin Leader","floor":25,"turns":7},{"damage":30,"enemies":"Sentry and Sphere","floor":27,"turns":3}],"seed_played":"5732876402677183858","potions_obtained":[{"floor":1,"key":"Regen Potion"},{"floor":3,"key":"Swift Potion"},{"floor":6,"key":"Explosive Potion"},{"floor":16,"key":"Weak Potion"},{"floor":18,"key":"BloodPotion"}],"is_trial":false,"path_per_floor":["M","?","M","$","T","E","R","E","T","R","$","R","$","M","R","B",null,"M","M","?","$","?","R","$","E","T","M"],"character_chosen":"IRONCLAD","items_purchased":["Shrug It Off","Blood for Blood","Rupture","Spot Weakness","Inflame"],"campfire_rested":1,"item_purchase_floors":[4,4,11,13,21],"current_hp_per_floor":[78,78,80,80,80,80,80,72,72,72,72,72,72,80,80,62,76,75,54,61,61,61,88,88,28,28,0,0],"gold":101,"neow_bonus":"THREE_ENEMY_KILL","is_daily":false,"chose_seed":false,"campfire_upgraded":4,"win_rate":0.0,"timestamp":1608792319,"path_taken":["M","?","?","?","?","E","R","E","T","R","$","R","?","M","R","BOSS","M","M","?","$","?","R","$","E","T","M"],"items_purchased_type":["Card","Card","Card","Card","Card"],"build_version":"2020-12-22","purchased_purges":1,"victory":false,"max_hp_per_floor":[80,80,80,80,80,80,80,80,80,80,80,80,80,80,80,80,80,80,83,90,90,90,90,90,90,90,90,90],"card_choices":[{"not_picked":["Pommel Strike","Power Through"],"picked":"Metallicize","floor":1},{"not_picked":["Iron Wave","Twin Strike"],"picked":"Uppercut","floor":3},{"not_picked":["Entrench","Offering"],"picked":"Rage","floor":6},{"not_picked":["Wild Strike","Armaments"],"picked":"Twin Strike","floor":8},{"not_picked":["Wild Strike","Havoc"],"picked":"Inflame","floor":14},{"not_picked":["Juggernaut","Barricade"],"picked":"Feed","floor":16},{"not_picked":["Carnage","Thunderclap"],"picked":"Battle Trance","floor":18},{"not_picked":["Entrench","Flex"],"picked":"Flame Barrier+1","floor":19},{"not_picked":["Rampage+1","Clothesline+1"],"picked":"Whirlwind+1","floor":25}],"player_experience":270407,"relics_obtained":[{"floor":5,"key":"StrikeDummy"},{"floor":6,"key":"Pen Nib"},{"floor":8,"key":"Pantograph"},{"floor":9,"key":"Blood Vial"},{"floor":25,"key":"Smiling Mask"},{"floor":26,"key":"Anchor"}],"event_choices":[{"damage_healed":0,"gold_gain":0,"player_choice":"Bought 0 Potions","damage_taken":0,"max_hp_gain":0,"max_hp_loss":0,"event_name":"The Woman in Blue","floor":2,"gold_loss":0},{"damage_healed":0,"gold_gain":0,"player_choice":"Opened","damage_taken":0,"relics_obtained":["Strawberry"],"max_hp_gain":0,"max_hp_loss":0,"event_name":"The Mausoleum","floor":20,"gold_loss":0,"cards_obtained":["Writhe"]}],"is_beta":false,"boss_relics":[{"not_picked":["Sozu","Snecko Eye"],"picked":"Philosopher\u0027s Stone"}],"items_purged_floors":[21],"is_endless":false,"potions_floor_spawned":[1,3,6,16,18],"killed_by":"Sentry and Sphere","ascension_level":9}}