{"host":"88n6zaadp7apuxho","time":1608840252,"event":{"mods":["AchievementEnabler","BaseMod","CapriCore","Colored Map","Friendly Minions","KomeijiMod","Minty Spire (QoL Compilation)","StSLib","The Immortal"],"gold_per_floor":[112,37,55,70,120,120,147,147,147,162,179,193,223,223,223,299,299,319,319,339,339,264,264,289,289,343,343,359,371,371,387,387,466,466,477,477,134,134,134,134,166,186,212,226,239,239,152,152,152,152],"floor_reached":51,"playtime":1689,"items_purged":["MokouMod:Strike","MokouMod:HeatSpark"],"score":1376,"play_id":"195bc599-26e1-4004-aad1-7ca2a146db65","local_time":"20201225050412","is_ascension_mode":true,"campfire_choices":[{"data":"MokouMod:InfernalWave","floor":6,"key":"SMITH"},{"data":"MokouMod:TemporalFireSeal","floor":8,"key":"SMITH"},{"data":"MokouMod:FlareStarter","floor":15,"key":"SMITH"},{"data":"MokouMod:SearingBlow","floor":23,"key":"SMITH"},{"data":"MokouMod:SearingBlow+1","floor":27,"key":"SMITH"},{"data":"MokouMod:SearingBlow+4","floor":32,"key":"SMITH"},{"data":"MokouMod:SearingBlow+7","floor":40,"key":"SMITH"},{"data":"MokouMod:SearingBlow+13","floor":46,"key":"SMITH"},{"data":"MokouMod:SearingBlow+14","floor":49,"key":"SMITH"}],"circlet_count":0,"master_deck":["AscendersBane","MokouMod:Ember","MokouMod:InfernalWave+1","MokouMod:TemporalFireSeal+1","MokouMod:FlareStarter+1","MokouMod:HeartofFire+1","MokouMod:SearingBlow+18","MokouMod:FlareStarter+1","MokouMod:FlickeringFlame","MokouMod:Ventilation","MokouMod:HouraiForge+1","MokouMod:RisingSunBarrier+1","Bandage Up","MokouMod:ResonanceReactor+1","MokouMod:ResonanceReactor+1","MokouMod:SubterraneanCore"],"relics":["MokouMod:PhoenixFeather","NeowsBlessing","TungstenRod","Frozen Egg 2","Art of War","SteinsOfFate","Coffee Dripper","Shovel","Omamori","Sozu","Bronze Scales","Happy Flower","Nunchaku","Blue Candle"],"acts_visited":["Exordium","TheCity","TheBeyond"],"potions_floor_usage":[4,18,41],"damage_taken":[{"damage":2,"enemies":"Small Slimes","floor":1,"turns":2},{"damage":0,"enemies":"Cultist","floor":3,"turns":1},{"damage":0,"enemies":"Jaw Worm","floor":4,"turns":1},{"damage":35,"enemies":"3 Sentries","floor":7,"turns":9},{"damage":0,"enemies":"Exordium Wildlife","floor":10,"turns":2},{"damage":2,"enemies":"Looter","floor":11,"turns":2},{"damage":6,"enemies":"Large Slime","floor":12,"turns":6},{"damage":26,"enemies":"Gremlin Nob","floor":13,"turns":4},{"damage":20,"enemies":"Remiria","floor":14,"turns":9},{"damage":36,"enemies":"Slime Boss","floor":16,"turns":13},{"damage":0,"enemies":"3 Byrds","floor":18,"turns":6},{"damage":24,"enemies":"2 Thieves","floor":20,"turns":4},{"damage":2,"enemies":"Gremlin Leader","floor":24,"turns":3},{"damage":1,"enemies":"Centurion and Healer","floor":28,"turns":4},{"damage":3,"enemies":"Sentry and Sphere","floor":29,"turns":4},{"damage":0,"enemies":"Snake Plant","floor":31,"turns":3},{"damage":10,"enemies":"Champ","floor":33,"turns":4},{"damage":0,"enemies":"3 Darklings","floor":35,"turns":3},{"damage":7,"enemies":"Reptomancer","floor":41,"turns":5},{"damage":0,"enemies":"3 Shapes","floor":42,"turns":4},{"damage":0,"enemies":"Writhing Mass","floor":44,"turns":1},{"damage":8,"enemies":"Sphere and 2 Shapes","floor":45,"turns":3},{"damage":25,"enemies":"Awakened One","floor":50,"turns":5}],"seed_played":"-7369651679565024170","potions_obtained":[{"floor":4,"key":"Fruit Juice"},{"floor":7,"key":"Ancient Potion"},{"floor":12,"key":"EssenceOfSteel"},{"floor":16,"key":"RedTea"},{"floor":18,"key":"DuplicationPotion"}],"is_trial":false,"path_per_floor":["M","$","M","M","?","R","E","R","T","M","M","M","E","?","R","B",null,"M","?","M","?","?","R","E","T","T","R","M","M","?","M","R","B",null,"M","?","$","?","?","R","E","M","T","M","M","R","$","T","R","B",null],"character_chosen":"MKU","items_purchased":["MokouMod:ResonanceReactor+1","Bronze Scales","MokouMod:SubterraneanCore"],"campfire_rested":0,"item_purchase_floors":[37,37,47],"current_hp_per_floor":[66,66,66,71,63,63,28,28,28,28,26,20,20,20,20,7,62,62,62,38,38,38,38,36,36,36,36,35,32,32,32,32,22,66,66,66,66,66,66,66,63,67,67,71,67,67,67,67,67,46],"gold":152,"neow_bonus":"THREE_ENEMY_KILL","is_daily":false,"chose_seed":false,"campfire_upgraded":9,"win_rate":0.0,"timestamp":1608840252,"path_taken":["M","$","M","M","?","R","E","R","T","M","M","?","E","?","R","BOSS","M","?","M","?","?","R","E","?","T","R","M","?","?","M","R","BOSS","M","?","$","?","?","R","E","M","T","?","M","R","$","?","R","BOSS"],"items_purchased_type":["Card","Relic","Card"],"build_version":"2020-12-22","purchased_purges":2,"victory":true,"max_hp_per_floor":[75,75,75,80,80,80,80,80,80,80,80,80,80,80,80,80,80,80,80,80,80,80,80,80,80,80,80,80,80,80,80,80,80,80,80,80,80,80,80,80,80,80,80,80,80,80,80,80,80,80],"card_choices":[{"not_picked":["MokouMod:Overheat","MokouMod:EternalBurstReactor"],"picked":"MokouMod:Ember","floor":1},{"not_picked":["MokouMod:ResoluteFlare","MokouMod:BlazingComet"],"picked":"MokouMod:InfernalWave","floor":3},{"not_picked":["MokouMod:EnchantingBambooForest","MokouMod:ControlledCombustion","MokouMod:WarmUp"],"picked":"SKIP","floor":4},{"not_picked":["MokouMod:CrimsonFlare","MokouMod:RetainTemperature"],"picked":"MokouMod:TemporalFireSeal","floor":7},{"not_picked":["MokouMod:ScorchingColumn","MokouMod:ResonanceReactor+1"],"picked":"MokouMod:FlareStarter","floor":10},{"not_picked":["MokouMod:InfernalWave","MokouMod:ImperishableFlame"],"picked":"MokouMod:HeartofFire+1","floor":11},{"not_picked":["MokouMod:TemporalFireSeal","MokouMod:BlazingComet","MokouMod:HeatTransfer"],"picked":"SKIP","floor":12},{"not_picked":["MokouMod:Ember","MokouMod:IgnitionBlast+1","MokouMod:ShiftIgnition"],"picked":"SKIP","floor":13},{"not_picked":["MokouMod:Geothermal","MokouMod:ResonatingAura+1"],"picked":"MokouMod:SearingBlow","floor":16},{"not_picked":["MokouMod:Overheat","MokouMod:AdaptivePyromancy"],"picked":"MokouMod:FlareStarter+1","floor":18},{"not_picked":["MokouMod:ScorchingColumn","MokouMod:FlareStarter"],"picked":"MokouMod:FlickeringFlame","floor":20},{"not_picked":["MokouMod:InfernalWave","MokouMod:Fireball","MokouMod:Singe"],"picked":"SKIP","floor":24},{"not_picked":["MokouMod:Singe+1","MokouMod:IndiscriminateIgnition+1","MokouMod:EternalBurstReactor"],"picked":"SKIP","floor":28},{"not_picked":["MokouMod:Firecracker","MokouMod:Combust"],"picked":"MokouMod:Ventilation","floor":29},{"not_picked":["MokouMod:FlickeringFlame+1","MokouMod:UncontrollableSolarReaction","MokouMod:TemporalFireSeal+1"],"picked":"SKIP","floor":31},{"not_picked":["MokouMod:Extinguish","MokouMod:EnchantingBambooForest+1"],"picked":"MokouMod:HouraiForge+1","floor":33},{"not_picked":["MokouMod:Firecracker+1","MokouMod:Stoke+1"],"picked":"MokouMod:RisingSunBarrier+1","floor":35},{"not_picked":["Trip","Discovery"],"picked":"Bandage Up","floor":36},{"not_picked":["MokouMod:AdaptivePyromancy+1","MokouMod:IgnitionBarrier","MokouMod:FujiyamaVolcano"],"picked":"SKIP","floor":41},{"not_picked":["MokouMod:RoaringFlare","MokouMod:AdaptivePyromancy"],"picked":"MokouMod:ResonanceReactor+1","floor":42},{"not_picked":["MokouMod:ResoluteFlare","MokouMod:BurningDraft+1","MokouMod:HeatFactory"],"picked":"SKIP","floor":44},{"not_picked":["MokouMod:BlazingComet","MokouMod:IcarusDive","MokouMod:FujiyamaVolcano"],"picked":"SKIP","floor":45}],"player_experience":490257,"relics_obtained":[{"floor":7,"key":"TungstenRod"},{"floor":9,"key":"Frozen Egg 2"},{"floor":13,"key":"Art of War"},{"floor":14,"key":"SteinsOfFate"},{"floor":24,"key":"Shovel"},{"floor":25,"key":"Omamori"},{"floor":41,"key":"Happy Flower"},{"floor":43,"key":"Nunchaku"},{"floor":48,"key":"Blue Candle"}],"event_choices":[{"damage_healed":0,"gold_gain":50,"player_choice":"Touch","damage_taken":8,"max_hp_gain":0,"max_hp_loss":0,"event_name":"FaceTrader","floor":5,"gold_loss":0},{"damage_healed":0,"gold_gain":0,"player_choice":"Ignored","damage_taken":0,"max_hp_gain":0,"max_hp_loss":0,"event_name":"Ghosts","floor":19,"gold_loss":0},{"cards_removed":["MokouMod:Strike"],"damage_healed":0,"gold_gain":0,"player_choice":"Elegance","damage_taken":0,"max_hp_gain":0,"max_hp_loss":0,"event_name":"Back to Basics","floor":21,"gold_loss":0},{"cards_removed":["MokouMod:Defend"],"damage_healed":0,"gold_gain":0,"player_choice":"Gave Gold","damage_taken":0,"max_hp_gain":0,"max_hp_loss":0,"event_name":"Beggar","floor":22,"gold_loss":75},{"damage_healed":0,"gold_gain":0,"player_choice":"Forge","damage_taken":0,"max_hp_gain":0,"max_hp_loss":0,"event_name":"Accursed Blacksmith","floor":30,"gold_loss":0,"cards_upgraded":["MokouMod:SearingBlow"]},{"damage_healed":0,"gold_gain":0,"player_choice":"Memory 1","damage_taken":0,"max_hp_gain":0,"max_hp_loss":0,"event_name":"SensoryStone","floor":36,"gold_loss":0},{"damage_healed":0,"gold_gain":0,"player_choice":"Ignored","damage_taken":0,"max_hp_gain":0,"max_hp_loss":0,"event_name":"Tomb of Lord Red Mask","floor":39,"gold_loss":0}],"is_beta":false,"boss_relics":[{"not_picked":["Runic Pyramid","Astrolabe"],"picked":"Coffee Dripper"},{"not_picked":["Runic Dome","Pandora\u0027s Box"],"picked":"Sozu"}],"items_purged_floors":[2,37],"is_endless":false,"potions_floor_spawned":[4,7,12,13,16,18,29,33,41,44,45],"ascension_level":19}}