{"host":"bbld1ic1uj90ldt9","time":1608801981,"event":{"mods":["2.2 Compatiblity","AchievementEnabler","Act Like it!","BaseMod","Better Third Choice","Conspire","Downfall","Emptier Cage","Gensokyo","Hallownest","Hermit","Highlight Path","Hubris","Marisa????????","Minty Spire (QoL Compilation)","Random Character Button","Replay The Spire","StSLib","The Animator","The Bug Knight","The Cursed","The Disciple","The Hierophant","The Jungle","The Runesmith","The Servant 0.9.4"],"gold_per_floor":[112,112,112,112,37,63,63,78,78,78,78,88,121,25,25,130,230,243,286,298,315,333,333,352,206,206,206,206],"floor_reached":27,"playtime":1851,"items_purged":["Hallownest:curseDreamersLament"],"score":246,"play_id":"f363bf63-eef9-4af3-85ea-9a75751d3fa7","local_time":"20201224102621","is_ascension_mode":false,"campfire_choices":[{"floor":7,"key":"RECALL"},{"data":"hermit:Dive","floor":10,"key":"SMITH"},{"data":"expansioncontent:DarkVoid","floor":15,"key":"SMITH"},{"data":"hermit:Scavenge","floor":23,"key":"SMITH"}],"circlet_count":0,"master_deck":["hermit:Strike_Hermit","hermit:Strike_Hermit","hermit:Strike_Hermit","hermit:Defend_Hermit","hermit:Defend_Hermit","hermit:Defend_Hermit","hermit:Defend_Hermit","hermit:Snapshot","hermit:Covet","hermit:Ricochet","hermit:PistolWhip","hermit:Dive+1","hermit:HoleUp","hermit:Enervate","hermit:WideOpen","expansioncontent:DarkVoid+1","hermit:Roughhouse","hermit:CursedWeapon+1","hermit:ItchyTrigger","hermit:NoHoldsBarred","hermit:Maintenance","hermit:Scavenge+1"],"relics":["Coffee Dripper","Hallownest:TeacherSealRelic","Mirror","Hallownest:DreamNailRelic","Gremlin Food","Replay:Wanted Poster","ReplayTheSpireMod:TigerMarble","Anchor","Replay:Baseball"],"acts_visited":["Hallownest:Greenpath","TheCity"],"potions_floor_usage":[22,22,22,24],"damage_taken":[{"damage":0,"enemies":"Hallownest:monsterHuskWarrior","floor":1,"turns":4},{"damage":15,"enemies":"Hallownest:eliteCrystalGuardian","floor":6,"turns":5},{"damage":0,"enemies":"Hallownest:2_Baldur","floor":8,"turns":2},{"damage":0,"enemies":"Hallownest:2_MossCreeps","floor":12,"turns":4},{"damage":0,"enemies":"Hallownest:eliteMossKnight","floor":13,"turns":10},{"damage":43,"enemies":"Hallownest:BossBrokenVessel","floor":16,"turns":14},{"damage":19,"enemies":"conspire:FuzzyDice","floor":18,"turns":4},{"damage":2,"enemies":"Sentry and Sphere","floor":20,"turns":4},{"damage":4,"enemies":"3 Cultists","floor":21,"turns":3},{"damage":4,"enemies":"Centurion and Healer","floor":22,"turns":4},{"damage":11,"enemies":"Snecko","floor":24,"turns":2},{"damage":13,"enemies":"Shelled Parasite and Fungi","floor":27,"turns":2}],"seed_played":"6066488035501042679","potions_obtained":[{"floor":6,"key":"Block Potion"},{"floor":19,"key":"Guardian:BlockOnCardUsePotion"},{"floor":20,"key":"Block Potion"},{"floor":22,"key":"champ:CounterPotion"}],"is_trial":false,"path_per_floor":["M","?","?","?","$","E","R","M","T","R","?","M","E","$","R","B",null,"M","?","M","M","M","R","M","$","T","M"],"character_chosen":"HERMIT","items_purchased":["expansioncontent:DarkVoid","Anchor"],"campfire_rested":0,"item_purchase_floors":[14,25],"current_hp_per_floor":[75,66,66,66,66,51,51,51,51,51,51,51,51,51,51,8,75,56,26,24,20,16,16,5,5,5,0,0],"gold":206,"neow_bonus":"BOSS_RELIC","is_daily":false,"chose_seed":false,"campfire_upgraded":3,"win_rate":0.0,"timestamp":1608801981,"path_taken":["M","?","?","?","$","E","R","M","T","R","?","?","E","$","R","BOSS","M","?","M","M","?","R","M","$","T","M"],"items_purchased_type":["Card","Relic"],"build_version":"2020-12-22","purchased_purges":1,"victory":false,"max_hp_per_floor":[75,75,75,75,75,75,75,75,75,75,75,75,75,75,75,75,75,75,75,75,75,75,75,75,75,75,75,75],"card_choices":[{"not_picked":["hermit:SprayPray","hermit:HoleUp"],"picked":"hermit:Ricochet","floor":1},{"not_picked":["hermit:DeadMansHand","hermit:Combo"],"picked":"hermit:Dive","floor":6},{"not_picked":["hermit:Misfire","hermit:WideOpen"],"picked":"hermit:HoleUp","floor":8},{"not_picked":["hermit:Coalescence","hermit:Gambit"],"picked":"hermit:Enervate","floor":12},{"not_picked":["hermit:Desperado","hermit:PistolWhip"],"picked":"hermit:WideOpen","floor":13},{"not_picked":["hermit:Gambit","hermit:OverwhelmingPower"],"picked":"hermit:Roughhouse","floor":16},{"not_picked":["hermit:ShadowCloak","hermit:SprayPray"],"picked":"hermit:CursedWeapon+1","floor":18},{"not_picked":["hermit:TrackingShot+1","hermit:SprayPray+1"],"picked":"hermit:ItchyTrigger","floor":19},{"not_picked":["hermit:Headshot","hermit:Manifest"],"picked":"hermit:NoHoldsBarred","floor":19},{"not_picked":["hermit:Feint","hermit:Midnight+1"],"picked":"hermit:Maintenance","floor":20},{"not_picked":["hermit:Desperado","hermit:SprayPray+1","hermit:Snipe"],"picked":"SKIP","floor":21},{"not_picked":["hermit:Manifest+1","hermit:Malice"],"picked":"hermit:Scavenge","floor":22},{"not_picked":["hermit:Virtue+1","hermit:WideOpen","hermit:Snipe"],"picked":"SKIP","floor":24},{"not_picked":["hermit:Virtue+1","hermit:WideOpen","hermit:Snipe"],"picked":"SKIP","floor":24}],"player_experience":2150346,"relics_obtained":[{"floor":6,"key":"Mirror"},{"floor":13,"key":"Gremlin Food"},{"floor":19,"key":"ReplayTheSpireMod:TigerMarble"},{"floor":26,"key":"Replay:Baseball"}],"event_choices":[],"is_beta":false,"boss_relics":[{"not_picked":["Replay:Ancient Bell","Kintsugi"],"picked":"Replay:Wanted Poster"}],"items_purged_floors":[5],"is_endless":false,"potions_floor_spawned":[6,20,22],"killed_by":"Shelled Parasite and Fungi","ascension_level":0}}