{"host":"nieu49hsh1dm9v6n","time":1608835259,"event":{"mods":["Aspiration","BaseMod","Better Third Choice","Hubris","Minty Spire (QoL Compilation)","StSLib","vexMod"],"gold_per_floor":[114,131,144,158,171,171,171,183,183,183,41,41,86,261,261,261,261],"floor_reached":16,"playtime":562,"items_purged":["Strike_P"],"score":108,"play_id":"f3d117c1-accc-46c0-bc1f-001b307d3d94","local_time":"20201224194059","is_ascension_mode":true,"campfire_choices":[{"data":"FlyingSleeves","floor":6,"key":"SMITH"},{"data":"EmptyBody","floor":10,"key":"SMITH"},{"data":"Vigilance","floor":12,"key":"SMITH"},{"data":"Wish","floor":15,"key":"SMITH"}],"circlet_count":0,"master_deck":["Strike_P","Strike_P","Strike_P","Defend_P","Defend_P","Defend_P","Defend_P","Eruption","Vigilance+1","FlyingSleeves+1","EmptyBody+1","Worship","Worship","Prostrate","Wish+1","FearNoEvil","EmptyFist","Doubt"],"relics":["PureWater","TeardropLocket"],"acts_visited":["Exordium"],"potions_floor_usage":[8,16,16],"damage_taken":[{"damage":1,"enemies":"Cultist","floor":1,"turns":5},{"damage":4,"enemies":"Small Slimes","floor":2,"turns":2},{"damage":2,"enemies":"Jaw Worm","floor":3,"turns":3},{"damage":2,"enemies":"Red Slaver","floor":4,"turns":4},{"damage":12,"enemies":"Large Slime","floor":5,"turns":5},{"damage":0,"enemies":"3 Louse","floor":8,"turns":3},{"damage":3,"enemies":"Looter","floor":13,"turns":3},{"damage":64,"enemies":"Hexaghost","floor":16,"turns":10}],"seed_played":"9187013987813025459","potions_obtained":[{"floor":2,"key":"Block Potion"},{"floor":3,"key":"Strength Potion"},{"floor":4,"key":"AttackPotion"},{"floor":13,"key":"ColorlessPotion"}],"is_trial":false,"path_per_floor":["M","M","M","M","M","R","?","M","T","R","$","R","M","?","R","B"],"character_chosen":"WATCHER","items_purchased":["FearNoEvil"],"campfire_rested":0,"item_purchase_floors":[11],"current_hp_per_floor":[78,74,72,70,58,58,63,63,63,63,63,63,60,60,60,0,0],"gold":261,"neow_bonus":"TEN_PERCENT_HP_BONUS","is_daily":false,"chose_seed":false,"campfire_upgraded":4,"win_rate":0.0,"timestamp":1608835259,"path_taken":["M","M","M","?","?","R","?","M","T","R","$","R","M","?","R","BOSS"],"items_purchased_type":["Card"],"build_version":"2020-12-22","purchased_purges":1,"victory":false,"max_hp_per_floor":[79,79,79,79,79,79,84,84,84,84,84,84,84,84,84,84,84],"card_choices":[{"not_picked":["Consecrate","EmptyFist"],"picked":"FlyingSleeves","floor":1},{"not_picked":["Weave","Adaptation"],"picked":"EmptyBody","floor":2},{"not_picked":["Protect","Crescendo"],"picked":"Worship","floor":3},{"not_picked":["WindmillStrike","Conclude"],"picked":"Worship","floor":4},{"not_picked":["EmptyFist","EmptyBody"],"picked":"Prostrate","floor":5},{"not_picked":["DeceiveReality","PathToVictory"],"picked":"Wish","floor":8},{"not_picked":["Consecrate","ClearTheMind"],"picked":"EmptyFist","floor":13}],"player_experience":216415,"relics_obtained":[{"floor":9,"key":"TeardropLocket"}],"event_choices":[{"damage_healed":0,"gold_gain":0,"player_choice":"Donut","damage_taken":0,"max_hp_gain":5,"max_hp_loss":0,"event_name":"Big Fish","floor":7,"gold_loss":0},{"damage_healed":0,"gold_gain":175,"player_choice":"AGREE","damage_taken":86,"max_hp_gain":0,"max_hp_loss":0,"event_name":"betterThird:BetterSerpent","floor":14,"gold_loss":0}],"is_beta":false,"boss_relics":[],"items_purged_floors":[11],"is_endless":false,"potions_floor_spawned":[2,3,4,5,13],"killed_by":"Hexaghost","ascension_level":3}}