{"host":"lpze9ywvzk5bsxql","time":1608828084,"event":{"mods":["2.2 Compatiblity","BaseMod","Bestiary","Better Third Choice","Colored Map","Downfall","Hermit","Ironclad Rager","Minty Spire (QoL Compilation)","Replay The Spire","StSLib","The Cursed","The Hierophant","The Servant 0.9.4"],"gold_per_floor":[118,118,133,152,164,164,195,195],"floor_reached":7,"playtime":724,"items_purged":[],"score":53,"play_id":"207c7c26-3acb-4bc5-bc70-59dc3a09c4a5","local_time":"20201224174124","is_ascension_mode":false,"campfire_choices":[{"data":"TheCursedMod:Neurasthenia","floor":6,"key":"SMITH"}],"circlet_count":0,"master_deck":["TheCursedMod:Strike_TheCursed","TheCursedMod:Strike_TheCursed","TheCursedMod:Strike_TheCursed","TheCursedMod:Strike_TheCursed","TheCursedMod:Defend_TheCursed","TheCursedMod:Defend_TheCursed+1","TheCursedMod:Defend_TheCursed","TheCursedMod:Defend_TheCursed","TheCursedMod:CursedWand","TheCursedMod:CleanUpWorkshop","TheCursedMod:Dregs","TheCursedMod:Neurasthenia+1","TheCursedMod:StingEye","TheCursedMod:CursedShiv","TheCursedMod:CursedShiv","TheCursedMod:SurpriseAttack"],"relics":["TheCursedMod:BlackMagic101","Bronze Scales"],"acts_visited":["Exordium"],"potions_floor_usage":[7],"damage_taken":[{"damage":3,"enemies":"Small Slimes","floor":1,"turns":5},{"damage":0,"enemies":"2 Louse","floor":3,"turns":2},{"damage":0,"enemies":"Cultist","floor":4,"turns":4},{"damage":3,"enemies":"Exordium Wildlife","floor":5,"turns":5},{"damage":27,"enemies":"Gremlin Nob","floor":7,"turns":4}],"seed_played":"-7398442540279836027","potions_obtained":[{"floor":1,"key":"Swift Potion"},{"floor":3,"key":"SkillPotion"},{"floor":5,"key":"Regen Potion"}],"is_trial":false,"path_per_floor":["M","?","M","M","M","R","E"],"character_chosen":"THE_CURSED","items_purchased":[],"campfire_rested":0,"item_purchase_floors":[],"current_hp_per_floor":[72,72,72,72,69,69,42,42],"gold":195,"neow_bonus":"ONE_RANDOM_RARE_CARD","is_daily":false,"chose_seed":false,"campfire_upgraded":1,"win_rate":0.0,"timestamp":1608828084,"path_taken":["M","?","M","M","M","R","E"],"items_purchased_type":[],"build_version":"2020-12-22","purchased_purges":0,"victory":false,"max_hp_per_floor":[75,75,75,75,75,75,75,75],"card_choices":[{"not_picked":["TheCursedMod:TacticalStrike","TheCursedMod:BloodBarrier"],"picked":"TheCursedMod:StingEye","floor":1},{"not_picked":["TheCursedMod:ManaBullet","TheCursedMod:Grudge"],"picked":"TheCursedMod:CursedShiv","floor":3},{"not_picked":["TheCursedMod:CursedStaff","TheCursedMod:CursedAmulet"],"picked":"TheCursedMod:CursedShiv","floor":4},{"not_picked":["TheCursedMod:RavingStaff","TheCursedMod:CircleOfBlood"],"picked":"TheCursedMod:SurpriseAttack","floor":5}],"player_experience":320397,"relics_obtained":[{"floor":7,"key":"Bronze Scales"}],"event_choices":[],"is_beta":false,"boss_relics":[],"items_purged_floors":[],"is_endless":false,"potions_floor_spawned":[1,3,5],"killed_by":"Gremlin Nob","ascension_level":0}}