{"host":"r5cycnjhcbwgkpkf","time":1608779893,"event":{"mods":["2.2 Compatiblity","AchievementEnabler","BaseMod","Bestiary","Better Match","Better Note","Better Skull","Better Third Choice","BetterRewards","Colored Map","Colored Powertips","Downfall","Googly Eyes","Infinite Spire","Minty Spire (QoL Compilation)","Replay The Spire","Spicy Shops","StSLib"],"gold_per_floor":[99,118,118,130,130,42,42,142,158,158,158,220,220,290,304,406,406,406,406,406,406,40,59,83,114,134,134,234,253,253,253,273,370,370,370,385,385,385,235,235,259,4,4,15,47,62,62,73,88,88],"floor_reached":51,"playtime":5278,"items_purged":[],"score":713,"play_id":"6fa77516-f09e-4889-b1cb-a01e6a2a617b","local_time":"20201223191813","is_ascension_mode":true,"campfire_choices":[{"data":"champ:Execute","floor":1.0,"key":"SMITH"},{"floor":10,"key":"REST"},{"data":"champ:FocusedBerserking","floor":13,"key":"SMITH"},{"floor":18,"key":"DIG"},{"floor":27,"key":"REST"},{"data":"champ:IgnorePain","floor":30,"key":"SMITH"},{"data":"champ:SwordThrow","floor":35,"key":"SMITH"},{"data":"champ:Encircle","floor":43,"key":"SMITH"},{"data":"champ:BringItOn","floor":47,"key":"SMITH"}],"circlet_count":0,"master_deck":["champ:Strike","champ:Strike","champ:Strike","champ:Strike","champ:Defend","champ:Defend","champ:Defend","champ:Defend","champ:Execute+1","champ:Taunt+1","champ:RageSigil","champ:GladiatorStyle+1","champ:BringItOn+1","champ:ArenaPreparation","champ:FocusedBerserking+1","champ:ArenaPreparation","champ:Improvising+1","champ:Control+1","champ:IgnorePain+1","champ:SwordThrow+1","champ:RisingSlash","champ:Encircle+1"],"relics":["champ:ChampionCrown","Pen Nib","ReplayTheSpireMod:Shallot","Potion Belt","WingedGreaves","Frozen Egg 2","infinitespire:Satchel","Onion Ring","Velvet Choker","Bag of Preparation","ClockworkSouvenir","Orichalcum","Ancient Tea Set","champ:BlackKnightHelmet","Darkstone Periapt","Singing Bowl","Painkiller Herb","Replay:Baseball","Omamori","Shuriken","Oddly Smooth Stone"],"acts_visited":["Exordium","TheCity","TheBeyond"],"potions_floor_usage":[22,50,50],"damage_taken":[{"damage":20.0,"enemies":"Small Slimes","floor":2.0,"turns":4.0},{"damage":19.0,"enemies":"Jaw Worm","floor":4.0,"turns":3.0},{"damage":13,"enemies":"downfall:FleeingMerchant","floor":6,"turns":4},{"damage":62,"enemies":"downfall:LadyInBlue","floor":8,"turns":11},{"damage":5,"enemies":"infinitespire:Voidling","floor":9,"turns":3},{"damage":30,"enemies":"Gremlin Nob","floor":12,"turns":3},{"damage":10,"enemies":"2 Fungi Beasts","floor":15,"turns":3},{"damage":89,"enemies":"downfall:Watcher","floor":16,"turns":13},{"damage":0,"enemies":"Chosen","floor":19,"turns":1},{"damage":78,"enemies":"downfall:FleeingMerchant","floor":22,"turns":4},{"damage":54,"enemies":"3 Byrds","floor":23,"turns":7},{"damage":79,"enemies":"Slavers","floor":25,"turns":5},{"damage":71,"enemies":"3 Cultists","floor":26,"turns":5},{"damage":42,"enemies":"3 Cultists","floor":28,"turns":6},{"damage":50,"enemies":"Centurion and Healer","floor":29,"turns":3},{"damage":27,"enemies":"Snecko","floor":32,"turns":3},{"damage":129,"enemies":"downfall:Silent","floor":33,"turns":8},{"damage":28,"enemies":"3 Shapes","floor":36,"turns":3},{"damage":25,"enemies":"downfall:FleeingMerchant","floor":42,"turns":4},{"damage":27,"enemies":"3 Darklings","floor":44,"turns":3},{"damage":33,"enemies":"R_Hoarder","floor":45,"turns":4},{"damage":13,"enemies":"Spire Growth","floor":46,"turns":3},{"damage":34,"enemies":"Maw","floor":48,"turns":4},{"damage":16,"enemies":"Sphere and 2 Shapes","floor":49,"turns":3},{"damage":97,"enemies":"downfall:Ironclad","floor":50,"turns":9}],"seed_played":"3093959357219044040","potions_obtained":[{"floor":2.0,"key":"Weak Potion"},{"floor":8,"key":"ColorlessPotion"},{"floor":8,"key":"LiquidBronze"},{"floor":8,"key":"Death Potion"},{"floor":16,"key":"Strength Potion"}],"is_trial":false,"path_per_floor":["R","M","?","M","?","$","T","?","M","R","?","?","R","T","M","B",null,"R_BF","M","AVR","T","$","M","T","E","M","R","?","M","R","T","M","B",null,"T","?","?","?","?","AVR","T","T","T","?","E","?","T","?","?","B",null],"character_chosen":"THE_CHAMP","items_purchased":["Pen Nib","ClockworkSouvenir","Fruit Juice","Adrenaline Potion","Shuriken"],"campfire_rested":2,"item_purchase_floors":[6,22,22,22,42],"current_hp_per_floor":[90,80,80,69,69,69,69,33,33,60,60,58,58,58,63,15,90,90,90,90,90,94,85,85,68,51,79,78,78,78,78,73,31,97,97,89,89,89,107,107,107,107,107,109,109,111,111,113,115,91],"gold":88,"neow_bonus":"UPGRADE_CARD","is_daily":false,"chose_seed":false,"campfire_upgraded":6,"win_rate":0.0,"timestamp":1608779893,"path_taken":["R","M","?","M","?","$","T","?","?","R","?","?","R","?","M","BOSS","R_BF","M","AVR","?","$","?","T","E","M","R","?","M","R","?","M","BOSS","T","?","?","?","?","AVR","T","T","T","?","E","?","T","?","?","BOSS"],"items_purchased_type":["Relic","Relic","Potion","Potion","Relic"],"build_version":"2020-12-22","purchased_purges":0,"victory":true,"max_hp_per_floor":[90,90,90,90,90,90,90,90,90,90,90,90,90,90,90,90,90,90,90,90,90,95,95,95,95,95,95,95,95,95,95,97,97,97,97,97,97,97,107,107,107,107,107,109,111,113,113,115,117,117],"card_choices":[{"not_picked":["champ:Haymaker","champ:GladiatorsShout"],"picked":"champ:RageSigil","floor":2.0},{"not_picked":["champ:DefensiveStyle","champ:AdrenalArmor"],"picked":"champ:GladiatorStyle","floor":4.0},{"not_picked":["champ:GladiatorsShout","champ:FlashCut"],"picked":"champ:BringItOn","floor":6},{"not_picked":["champ:ShieldSlam","champ:BladeFlurry"],"picked":"champ:ArenaPreparation","floor":9},{"not_picked":["champ:BringItOn","champ:GutPunch"],"picked":"champ:FocusedBerserking","floor":12},{"not_picked":["champ:EnGarde","champ:CrookedStrike"],"picked":"champ:ArenaPreparation","floor":15},{"not_picked":["champ:IgnorePain","champ:LastStand+1"],"picked":"champ:Improvising+1","floor":16},{"not_picked":["champ:BringItOn","champ:CrookedStrike","champ:BerserkersShout"],"picked":"SKIP","floor":19},{"not_picked":["champ:PerfectedStrike","champ:TornadoPunch","champ:CrookedStrike"],"picked":"SKIP","floor":22},{"not_picked":["champ:RageSigil","champ:Circumvent","champ:GutPunch"],"picked":"SKIP","floor":23},{"not_picked":["champ:FocusedDefense","champ:BerserkersShout","champ:TornadoPunch+1"],"picked":"SKIP","floor":25},{"not_picked":["champ:HeartStrike+1","champ:BladeFlurry"],"picked":"champ:Control+1","floor":26},{"not_picked":["champ:Backstep","champ:HeartStrike"],"picked":"champ:IgnorePain","floor":28},{"not_picked":["champ:Haymaker","champ:GutPunch","champ:TornadoPunch"],"picked":"SKIP","floor":29},{"not_picked":["champ:Circumvent","champ:BringItOn+1","champ:GladiatorsShout+1"],"picked":"Singing Bowl","floor":32},{"not_picked":["champ:DancingMaster+1","champ:StrikeOfGenius+1"],"picked":"champ:SwordThrow","floor":33},{"not_picked":["champ:BerserkersShout","champ:ShieldSigil"],"picked":"champ:RisingSlash","floor":36},{"not_picked":["champ:SwordSigil","champ:ShieldSigil+1"],"picked":"champ:Encircle","floor":42},{"not_picked":["champ:GladiatorsShout","champ:ViciousMockery","champ:Lariat+1"],"picked":"Singing Bowl","floor":44},{"not_picked":["champ:ShieldSlam","champ:Backstep","champ:Circumvent+1"],"picked":"Singing Bowl","floor":45},{"not_picked":["champ:FocusedDefense","champ:AdrenalArmor+1","champ:StrikeOfGenius+1"],"picked":"Singing Bowl","floor":46},{"not_picked":["champ:AdrenalArmor","champ:GladiatorStyle+1","champ:Riposte"],"picked":"Singing Bowl","floor":48},{"not_picked":["champ:BringItOn+1","champ:FlashCut","champ:Haymaker"],"picked":"Singing Bowl","floor":49}],"player_experience":379713,"relics_obtained":[{"floor":7,"key":"ReplayTheSpireMod:Shallot"},{"floor":8,"key":"Potion Belt"},{"floor":12,"key":"WingedGreaves"},{"floor":14,"key":"Frozen Egg 2"},{"floor":18,"key":"infinitespire:Satchel"},{"floor":21,"key":"Bag of Preparation"},{"floor":24,"key":"Orichalcum"},{"floor":25,"key":"Ancient Tea Set"},{"floor":28,"key":"champ:BlackKnightHelmet"},{"floor":28,"key":"Darkstone Periapt"},{"floor":31,"key":"Singing Bowl"},{"floor":41,"key":"Omamori"},{"floor":45,"key":"Oddly Smooth Stone"}],"event_choices":[],"is_beta":false,"boss_relics":[{"not_picked":["Runic Pyramid","Kintsugi","Fusion Hammer"]},{"not_picked":["Replay:Bronze Core","Runic Dome"],"picked":"Painkiller Herb"}],"items_purged_floors":[],"is_endless":false,"potions_floor_spawned":[2,16,23,25,29,32,45,48,49],"ascension_level":1}}