{"host":"xgnmnr8f8w1a0eo3","time":1608780132,"event":{"mods":["BaseMod","Downfall","Highlight Path","Minty Spire (QoL Compilation)","Permanent Neow","Relic Stats","StSLib","everything is the same but u backflip on backflip"],"gold_per_floor":[111,135,147,178,340,352,391,418,443,485,517,544,556,598,626,733,745,757,785,809,836,865,464,537,537,564,564,597,597,632,632,643,740,740,740,311,331,42,92,92,92,119,219,252,267,185,35,61,74,74],"floor_reached":51,"playtime":4825,"items_purged":["champ:Strike","champ:SteelEdge","champ:Execute"],"score":1177,"play_id":"4502b506-28e5-415c-b2aa-78d81201b212","local_time":"20201223222212","is_ascension_mode":true,"campfire_choices":[{"data":"champ:Taunt","floor":1.0,"key":"SMITH"},{"data":"champ:SkillfulDodge","floor":6.0,"key":"SMITH"},{"data":"champ:Circumvent","floor":18.0,"key":"SMITH"},{"data":"champ:ShieldWall","floor":27.0,"key":"SMITH"},{"data":"champ:ShieldWall","floor":29.0,"key":"SMITH"},{"data":"champ:TornadoPunch","floor":35.0,"key":"SMITH"},{"data":"champ:DefensiveStyle","floor":47,"key":"SMITH"}],"circlet_count":0,"master_deck":["champ:Defend","champ:Defend","champ:Defend","champ:Defend","champ:Taunt+1","champ:SkillfulDodge+1","champ:BringItOn","champ:EnGarde+1","champ:DefensiveShout","champ:Circumvent+1","champ:HoldFirm+1","champ:ShieldSigil+1","champ:BringItOn+1","champ:TornadoPunch+1","champ:CalledShot+1","champ:FocusedDefense","champ:ShieldWall+1","champ:Circumvent+1","champ:TornadoPunch","champ:ShieldWall+1","champ:TornadoPunch+1","champ:DefensiveStyle+1","champ:DefensiveShout","champ:FalseCounter+1","champ:ShieldWall","champ:BringItOn+1","expansioncontent:SuperHexaguard+1","champ:StanceDance+1","champ:MurderStrike","champ:FocusedDefense+1","champ:StanceDance+1","Decay","champ:Taunt+1","expansioncontent:TimeRipple","champ:SwordSigil+1","champ:DefensiveStyle+1","champ:RageSigil+1","champ:Lariat+1","champ:ShieldSigil+1","champ:RageSigil+1"],"relics":["champ:ChampionCrown","MawBank","Pantograph","InkBottle","champ:GladiatorsBookOfMartialProwess","SlaversCollar","Orrery","Mercury Hourglass","Matryoshka","Blood Vial","Pen Nib","Empty Cage","Toxic Egg 2","Letter Opener","War Paint","Calipers","champ:FightingForDummies","PreservedInsect","downfall:GremlinSack","Art of War","downfall:HeartBlessingRed","downfall:HeartBlessingGreen","Pear"],"acts_visited":["Exordium","TheCity","TheBeyond"],"potions_floor_usage":[],"damage_taken":[{"damage":11.0,"enemies":"2 Louse","floor":2.0,"turns":4.0},{"damage":5.0,"enemies":"Small Slimes","floor":4.0,"turns":3.0},{"damage":10.0,"enemies":"Cultist","floor":8.0,"turns":5.0},{"damage":16.0,"enemies":"Lots of Slimes","floor":9.0,"turns":4.0},{"damage":33.0,"enemies":"Gremlin Nob","floor":10.0,"turns":5.0},{"damage":0.0,"enemies":"2 Fungi Beasts","floor":11.0,"turns":3.0},{"damage":11.0,"enemies":"Gremlin Gang","floor":12.0,"turns":4.0},{"damage":10.0,"enemies":"3 Sentries","floor":14.0,"turns":6.0},{"damage":1.0,"enemies":"Blue Slaver","floor":15.0,"turns":3.0},{"damage":5.0,"enemies":"downfall:Watcher","floor":16.0,"turns":12.0},{"damage":4.0,"enemies":"Spheric Guardian","floor":19.0,"turns":5.0},{"damage":0.0,"enemies":"Shell Parasite","floor":20.0,"turns":3.0},{"damage":28.0,"enemies":"Chosen and Byrds","floor":21.0,"turns":8.0},{"damage":12.0,"enemies":"3 Cultists","floor":22.0,"turns":8.0},{"damage":0.0,"enemies":"downfall:FleeingMerchant","floor":23.0,"turns":4.0},{"damage":3.0,"enemies":"Slavers","floor":26.0,"turns":4.0},{"damage":0.0,"enemies":"Book of Stabbing","floor":28.0,"turns":5.0},{"damage":10.0,"enemies":"Gremlin Leader","floor":30.0,"turns":10.0},{"damage":0.0,"enemies":"Cultist and Chosen","floor":32.0,"turns":4.0},{"damage":11.0,"enemies":"downfall:Silent","floor":33.0,"turns":8.0},{"damage":5.0,"enemies":"downfall:FleeingMerchant","floor":36.0,"turns":4.0},{"damage":5.0,"enemies":"3 Darklings","floor":37.0,"turns":4.0},{"damage":5.0,"enemies":"downfall:FleeingMerchant","floor":38.0,"turns":4.0},{"damage":15,"enemies":"Mind Bloom Boss Battle","floor":39,"turns":7},{"damage":0,"enemies":"Reptomancer","floor":42,"turns":5},{"damage":0,"enemies":"Reptomancer","floor":43,"turns":3},{"damage":13,"enemies":"Giant Head","floor":44,"turns":6},{"damage":10,"enemies":"Orb Walker","floor":45,"turns":4},{"damage":7,"enemies":"Reptomancer","floor":48,"turns":5},{"damage":41,"enemies":"Transient","floor":49,"turns":5},{"damage":0,"enemies":"downfall:Ironclad","floor":50,"turns":9}],"seed_played":"939151582489977658","potions_obtained":[{"floor":4.0,"key":"Fire Potion"},{"floor":11.0,"key":"Explosive Potion"},{"floor":14.0,"key":"Fire Potion"},{"floor":16.0,"key":"LiquidMemories"},{"floor":22.0,"key":"FairyPotion"},{"floor":25.0,"key":"CultistPotion"},{"floor":28.0,"key":"Block Potion"},{"floor":48,"key":"PowerPotion"}],"is_trial":false,"path_per_floor":["R","M","?","M","?","R","T","M","M","E","M","M","?","E","M","B",null,"R","M","M","M","M","$","T","?","E","R","E","R","E","?","M","B",null,"R","$","M","$","?","?","T","E","?","E","M","$","R","E","M","B",null],"character_chosen":"THE_CHAMP","items_purchased":["champ:FocusedDefense","champ:ShieldWall","champ:Circumvent","Orrery","Toxic Egg 2","champ:FalseCounter+1","champ:ShieldWall","champ:BringItOn+1","Letter Opener","War Paint","champ:Lariat+1"],"campfire_rested":0,"item_purchase_floors":[23,23,23,23,36,36,38,38,38,38,46],"current_hp_per_floor":[90,84,77,77,77,77,77,77,71,43,43,37,37,37,36,61,90,90,86,86,66,64,64,64,64,61,61,61,61,63,63,65,84,90,90,90,90,90,75,75,75,77,79,68,60,60,60,65,26,53],"gold":74,"neow_bonus":"RANDOM_COMMON_RELIC","is_daily":false,"chose_seed":false,"campfire_upgraded":7,"win_rate":0.0,"timestamp":1608780132,"path_taken":["R","M","?","M","?","R","T","?","?","E","M","M","?","E","M","BOSS","R","M","?","M","M","$","T","?","E","R","E","R","E","?","M","BOSS","R","$","M","$","?","?","T","E","?","E","?","?","R","E","M","BOSS"],"items_purchased_type":["Card","Card","Card","Relic","Relic","Card","Card","Card","Relic","Relic","Card"],"build_version":"2020-12-22","purchased_purges":3,"victory":true,"max_hp_per_floor":[90,90,90,90,90,90,90,90,90,90,90,90,90,90,90,90,90,90,90,90,90,90,90,90,90,90,90,90,90,90,90,90,90,90,90,90,90,90,90,90,90,90,90,90,90,90,90,100,100,100],"relic_stats":{"Blood Vial":20,"counters":[31,164],"Pantograph":73,"Pen Nib":[4],"PreservedInsect":209,"Art of War":[10],"Letter Opener":[177],"War Paint":["champ:Circumvent","champ:HoldFirm"],"MawBank":276,"obtain_stats":[{"Calipers":39,"champ:ChampionCrown":0,"downfall:HeartBlessingGreen":47,"Empty Cage":34,"Blood Vial":28,"Dream Catcher":7,"Matryoshka":26,"champ:DefensiveTrainingManual":14,"Pantograph":3,"Toxic Egg 2":36,"champ:FightingForDummies":41,"InkBottle":10,"Runic Pyramid":17,"Pear":48,"downfall:HeartBlessingRed":47,"Pen Nib":30,"PreservedInsect":42,"Letter Opener":38,"War Paint":38,"MawBank":0,"champ:GladiatorsBookOfMartialProwess":14,"Mercury Hourglass":24,"SlaversCollar":19,"downfall:GremlinSack":43,"Orrery":23,"Art of War":44},{"Calipers":24,"champ:ChampionCrown":0,"downfall:HeartBlessingGreen":28,"Empty Cage":20,"Blood Vial":17,"Dream Catcher":2,"Matryoshka":16,"champ:DefensiveTrainingManual":8,"Pantograph":1,"Toxic Egg 2":21,"champ:FightingForDummies":24,"InkBottle":5,"Runic Pyramid":10,"Pear":29,"downfall:HeartBlessingRed":28,"Pen Nib":18,"PreservedInsect":25,"Letter Opener":23,"War Paint":23,"MawBank":0,"champ:GladiatorsBookOfMartialProwess":8,"Mercury Hourglass":15,"SlaversCollar":11,"downfall:GremlinSack":26,"Orrery":15,"Art of War":27},{"Calipers":127,"champ:ChampionCrown":0,"downfall:HeartBlessingGreen":145,"Empty Cage":108,"Blood Vial":86,"Dream Catcher":7,"Matryoshka":81,"champ:DefensiveTrainingManual":34,"Pantograph":4,"Toxic Egg 2":112,"champ:FightingForDummies":127,"InkBottle":21,"Runic Pyramid":49,"Pear":150,"downfall:HeartBlessingRed":145,"Pen Nib":96,"PreservedInsect":132,"Letter Opener":120,"War Paint":120,"MawBank":0,"champ:GladiatorsBookOfMartialProwess":34,"Mercury Hourglass":77,"SlaversCollar":52,"downfall:GremlinSack":135,"Orrery":77,"Art of War":141}],"InkBottle":[52],"Mercury Hourglass":[310]},"card_choices":[{"not_picked":["champ:FightOn","champ:Circumvent"],"picked":"champ:SkillfulDodge","floor":2.0},{"not_picked":["champ:Backstep","champ:Haymaker"],"picked":"champ:CrookedStrike","floor":4.0},{"not_picked":["champ:HeartStrike","champ:FanOfKnives"],"picked":"champ:BringItOn","floor":8.0},{"not_picked":["champ:FaceSlap","champ:FocusedGladiator","champ:FanOfKnives"],"picked":"SKIP","floor":9.0},{"not_picked":["champ:FocusedBerserking","champ:Shatter"],"picked":"champ:EnGarde","floor":10.0},{"not_picked":["champ:Duel","champ:PerfectedStrike"],"picked":"champ:DefensiveShout","floor":11.0},{"not_picked":["champ:BerserkersShout","champ:FanOfKnives","champ:BladeFlurry"],"picked":"SKIP","floor":12.0},{"not_picked":["champ:CalledShot","champ:BringItOn"],"picked":"champ:Circumvent","floor":14.0},{"not_picked":["champ:FlashCut","champ:PerfectedStrike"],"picked":"champ:HoldFirm","floor":15.0},{"not_picked":["champ:CheapShot","champ:DancingMaster"],"picked":"champ:SteelEdge","floor":16.0},{"not_picked":["champ:Balance","champ:BerserkerStyle"],"picked":"champ:ShieldSigil+1","floor":19.0},{"not_picked":["champ:ShieldSigil","champ:PerfectedStrike","champ:GutPunch+1"],"picked":"SKIP","floor":20.0},{"not_picked":["champ:Shatter","champ:SkillfulDodge"],"picked":"champ:BringItOn+1","floor":21.0},{"not_picked":["champ:FightOn","champ:GutPunch"],"picked":"champ:TornadoPunch","floor":22.0},{"not_picked":["champ:GladiatorsShout","champ:Backstep+1"],"picked":"champ:CalledShot+1","floor":23.0},{"not_picked":["champ:PreciseThrust","champ:FlashCut"],"picked":"champ:TornadoPunch","floor":23.0},{"not_picked":["champ:RageSigil","champ:FightOn"],"picked":"champ:ShieldWall","floor":23.0},{"not_picked":["champ:AdrenalArmor+1","champ:BerserkerStyle"],"picked":"champ:TornadoPunch+1","floor":26.0},{"not_picked":["champ:ShieldSigil","champ:AdrenalArmor"],"picked":"champ:DefensiveStyle+1","floor":28.0},{"not_picked":["champ:HeavySlash","champ:StanceDance"],"picked":"champ:DefensiveShout","floor":30.0},{"not_picked":["champ:FocusedGladiator","champ:CrookedStrike","champ:DeathBlow"],"picked":"SKIP","floor":32.0},{"not_picked":["champ:AdrenalArmor","champ:Duel+1","champ:Control"],"picked":"SKIP","floor":36.0},{"not_picked":["champ:Control+1","champ:TornadoPunch","champ:BerserkersShout+1"],"picked":"SKIP","floor":37.0},{"not_picked":["expansioncontent:Collect","expansioncontent:PolyBeam"],"picked":"expansioncontent:SuperHexaguard+1","floor":40},{"not_picked":["champ:TornadoPunch","champ:DeathBlow"],"picked":"champ:StanceDance+1","floor":42},{"not_picked":["champ:Haymaker","champ:GutPunch"],"picked":"champ:SwordSigil+1","floor":43},{"not_picked":["champ:CheapShot","champ:Riposte+1"],"picked":"champ:DefensiveStyle","floor":44},{"not_picked":["champ:ShieldSigil+1","champ:RecklessLeap+1"],"picked":"champ:RageSigil+1","floor":45},{"not_picked":["champ:CrookedStrike+1","champ:Aggression+1"],"picked":"champ:ShieldSigil+1","floor":48},{"not_picked":["champ:EnragedBash+1","champ:GutPunch"],"picked":"champ:RageSigil+1","floor":49}],"player_experience":1146260,"relics_obtained":[{"floor":7.0,"key":"Dream Catcher"},{"floor":10.0,"key":"InkBottle"},{"floor":14.0,"key":"champ:GladiatorsBookOfMartialProwess"},{"floor":24.0,"key":"Mercury Hourglass"},{"floor":26.0,"key":"Matryoshka"},{"floor":28.0,"key":"Blood Vial"},{"floor":30.0,"key":"Pen Nib"},{"floor":39,"key":"Calipers"},{"floor":41,"key":"champ:FightingForDummies"},{"floor":42,"key":"PreservedInsect"},{"floor":43,"key":"downfall:GremlinSack"},{"floor":44,"key":"Art of War"},{"floor":48,"key":"Pear"}],"event_choices":[{"damage_healed":0.0,"max_hp_gain":0.0,"max_hp_loss":0.0,"gold_gain":0.0,"event_name":"Scrap Ooze","player_choice":"Success","floor":3.0,"gold_loss":0.0,"damage_taken":7.0,"relics_obtained":["Pantograph"]},{"damage_healed":0.0,"max_hp_gain":0.0,"max_hp_loss":0.0,"gold_gain":0.0,"event_name":"Accursed Blacksmith","player_choice":"Forge","floor":13.0,"gold_loss":0.0,"damage_taken":0.0,"cards_upgraded":["champ:EnGarde"]}],"is_beta":false,"boss_relics":[{"not_picked":["SacredBark","Velvet Choker"],"picked":"Runic Pyramid"},{"not_picked":["Tiny House","champ:PowerArmor"],"picked":"Empty Cage"}],"items_purged_floors":[23,36,38],"is_endless":false,"potions_floor_spawned":[4,11,14,16,22,28,30,32,33,42,44,45,48,49],"ascension_level":3}}