{"host":"g53g9qlo34vrqi92","time":1608788835,"event":{"mods":["Aspiration","Bard","BaseMod","Beaked The Cultist","BetterRewards","Colored Map","Conspire","Energized Spire","Fiend Mod","GifTheSpireLib","Googly Eyes","Gremlin Skip","Halation","Hermit","Hubris","Infinite Spire","Jedi Mod","Minty Spire (QoL Compilation)","Permanent Neow","Quick Restart","Relic Filter","Replay The Spire","Spikes Relics","StSLib","Stuff the Spire","Synergy Search","The Bladedancer","The Bug Knight","The Construct","The Cursed","The Factory","The Forsaken","The Jungle","The Necromancer","The Spell Scribe","The Trickster","Trackpad","slay the spire mod where everything is the same but ironclad has a cowboy hat","vexMod"],"gold_per_floor":[119,119,138,138,138,138,49,79,126,126,139,149,166,196,196,307,307,323,339,339,339,373,373,377,377],"floor_reached":24,"playtime":1207,"items_purged":["Strike_G"],"score":304,"play_id":"657c54e8-21a1-443f-9f2f-4fc79cbdf6a0","local_time":"20201223214715","is_ascension_mode":false,"campfire_choices":[{"floor":6.0,"key":"REST"},{"floor":10.0,"key":"REST"},{"floor":15.0,"key":"REST"},{"floor":23,"key":"REST"}],"circlet_count":0,"master_deck":["Strike_G","Strike_G","Strike_G","Strike_G","Defend_G","Defend_G","Defend_G","Defend_G","Defend_G","Survivor","Neutralize+1","jedi:pocketpoison+1","Blur+1","Fluid Movement+1","Bane+1","jedi:pocketpoison+1","Underhanded Strike","PlatinumSkin","Poison Darts","PiercingWail","Backflip","Adrenaline","Terror","Slice"],"relics":["Ring of the Snake","vexMod:PaidLearning","Pen Nib","hubris:AncientText","Orichalcum","halation:IllGainedPizza","aspiration:PoetsPen","Red Mask"],"acts_visited":["Exordium","TheCity"],"potions_floor_usage":[],"damage_taken":[{"damage":0.0,"enemies":"2 Louse","floor":1.0,"turns":2.0},{"damage":0.0,"enemies":"Small Slimes","floor":3.0,"turns":2.0},{"damage":23.0,"enemies":"3 Sentries","floor":8.0,"turns":11.0},{"damage":0.0,"enemies":"Cultist","floor":11.0,"turns":3.0},{"damage":12.0,"enemies":"3 Louse","floor":12.0,"turns":3.0},{"damage":8.0,"enemies":"2 Fungi Beasts","floor":13.0,"turns":3.0},{"damage":8.0,"enemies":"Lagavulin","floor":14.0,"turns":5.0},{"damage":28.0,"enemies":"Hexaghost","floor":16.0,"turns":7.0},{"damage":10.0,"enemies":"Shell Parasite","floor":18.0,"turns":4.0},{"damage":3,"enemies":"Spheric Guardian","floor":19,"turns":3},{"damage":50,"enemies":"Masked Bandits","floor":22,"turns":5},{"damage":29,"enemies":"3 Cultists","floor":24,"turns":3}],"seed_played":"8691062574432402453","potions_obtained":[{"floor":8.0,"key":"Strength Potion"},{"floor":13.0,"key":"Milkshake"},{"floor":14.0,"key":"LiquidBronze"},{"floor":16.0,"key":"Strength Potion"}],"is_trial":false,"path_per_floor":["M","?","M","?","?","R","$","E","T","R","M","M","M","E","R","B",null,"M","M","?","?","?","R","M"],"character_chosen":"THE_SILENT","items_purchased":["jedi:pocketpoison","Blur+1","Fluid Movement","vexMod:PaidLearning","Bane+1","Pen Nib","PlatinumSkin"],"campfire_rested":4,"item_purchase_floors":[0,0,0,0,0,0,7],"current_hp_per_floor":[47,47,47,47,47,68,68,45,45,66,66,54,46,38,59,31,70,60,57,57,57,7,28,0,0],"gold":377,"neow_bonus":"","is_daily":false,"chose_seed":false,"campfire_upgraded":0,"win_rate":0.0,"timestamp":1608788835,"path_taken":["M","?","M","?","?","R","?","E","T","R","M","M","M","E","R","BOSS","M","M","?","?","?","R","M"],"items_purchased_type":["Card","Card","Card","Relic","Card","Relic","Card"],"build_version":"2020-12-22","purchased_purges":1,"victory":false,"max_hp_per_floor":[70,70,70,70,70,70,70,70,70,70,70,70,70,70,70,70,70,70,70,70,70,70,70,70,70],"card_choices":[{"not_picked":["Deadly Poison","Dagger Throw"],"picked":"jedi:pocketpoison","floor":1.0},{"not_picked":["StuffTheSpire:Python","Catalyst"],"picked":"Underhanded Strike","floor":3.0},{"not_picked":["Cloak And Dagger","Flechettes"],"picked":"Poison Darts","floor":8.0},{"not_picked":["Dagger Throw","hubris:SlightOfHand"],"picked":"PiercingWail","floor":11.0},{"not_picked":["StuffTheSpire:Python","Deflect","Slice"],"picked":"SKIP","floor":12.0},{"not_picked":["StuffTheSpire:ClusterCrunch","InfectiousVector","Dodge and Roll"],"picked":"SKIP","floor":13.0},{"not_picked":["Dagger Throw","StuffTheSpire:Incursion"],"picked":"Backflip","floor":14.0},{"not_picked":["Malaise","Grand Finale"],"picked":"Adrenaline","floor":16.0},{"not_picked":["Cloak And Dagger+1","jedi:pocketpoison"],"picked":"Terror","floor":18},{"not_picked":["Skewer","Quick Slash"],"picked":"Slice","floor":19}],"player_experience":1068995,"relics_obtained":[{"floor":4.0,"key":"hubris:AncientText"},{"floor":8.0,"key":"Orichalcum"},{"floor":14.0,"key":"halation:IllGainedPizza"},{"floor":22,"key":"Red Mask"}],"event_choices":[{"damage_healed":0.0,"max_hp_gain":0.0,"max_hp_loss":0.0,"gold_gain":0.0,"event_name":"Living Wall","player_choice":"Grow","floor":2.0,"gold_loss":0.0,"damage_taken":0.0,"cards_upgraded":["jedi:pocketpoison"]},{"damage_healed":0,"gold_gain":0,"player_choice":"Ignored","damage_taken":0,"max_hp_gain":0,"max_hp_loss":0,"event_name":"Vampires","floor":20,"gold_loss":0},{"damage_healed":0,"gold_gain":0,"player_choice":"Fought Bandits","damage_taken":0,"max_hp_gain":0,"max_hp_loss":0,"event_name":"Masked Bandits","floor":22,"gold_loss":0}],"is_beta":false,"boss_relics":[{"not_picked":["jedi:battlestandard","halation:PinkAlligatorPlush"],"picked":"aspiration:PoetsPen"}],"items_purged_floors":[0],"is_endless":false,"potions_floor_spawned":[8,13,14,16,19],"killed_by":"3 Cultists","ascension_level":0}}