{"host":"npubv26u89aif4fa","time":1608778592,"event":{"mods":["Astrologer","BaseMod","Better Vampires","Better-Laid Plans","Colored Powertips","GifTheSpireLib","GungeonMod","HornydragonMod","Hubris","Jedi Mod","KinomotoSakuraMod(木之本樱)","Minty Spire (QoL Compilation)","Quick Restart","Remilia（蕾米莉亚）","Replay The Spire","StSLib","Td1madao Mod","The Administrix","The Alterego","The Bug Knight","The Cursed","The Mystic","The Runesmith","TheWitcher","Yuri Mod","Yuyuko"],"gold_per_floor":[115,115,115,65,78,123,141,171,171,171,191,205,225,248,248,371,371,391,70,95,115,135,173,173,197,224,224,224],"floor_reached":27,"playtime":1544,"items_purged":["DemoMod:Strike_Huntress"],"score":266,"play_id":"43f3cb93-d8e5-4d5d-835b-56171cbfe3bc","local_time":"20201224105632","is_ascension_mode":false,"campfire_choices":[{"floor":10,"key":"RECALL"},{"data":"DemoMod:PotionOfGunFriendShip","floor":15,"key":"SMITH"},{"data":"DemoMod:FinishedGun","floor":24,"key":"SMITH"}],"circlet_count":0,"master_deck":["DemoMod:Defend_Huntress","DemoMod:Defend_Huntress","DemoMod:Defend_Huntress","DemoMod:Defend_Huntress","DemoMod:Roll","DemoMod:ManualReload","DemoMod:RustySidearm","DemoMod:CrossBow","DemoMod:FinishedGun+1","DemoMod:MegaHand","DemoMod:BattleInHaste","DemoMod:PotionOfGunFriendShip+1","DemoMod:TripleGun","DemoMod:HardPowerCard","DemoMod:CursedBullets","DemoMod:FastSwitch","DemoMod:Elimentaler","DemoMod:ShadowBullets+1","DemoMod:Unity","DemoMod:HungryBullets"],"relics":["DemoMod:Dog","NeowsBlessing","Golden Idol","Iron Hammer","hubris:OldNail","jedi:battlestandard","jedi:bottledfury","Gambling Chip","DemoMod:GlassGuonStoneRelic","jedi:arcanewood"],"acts_visited":["Exordium","TheCity"],"potions_floor_usage":[16],"damage_taken":[{"damage":0,"enemies":"2 Louse","floor":1,"turns":1},{"damage":0,"enemies":"Small Slimes","floor":5,"turns":1},{"damage":0,"enemies":"Lagavulin","floor":6,"turns":1},{"damage":0,"enemies":"Jaw Worm","floor":7,"turns":3},{"damage":2,"enemies":"Lots of Slimes","floor":8,"turns":2},{"damage":0,"enemies":"Looter","floor":11,"turns":2},{"damage":0,"enemies":"Large Slime","floor":12,"turns":6},{"damage":12,"enemies":"3 Louse","floor":13,"turns":9},{"damage":0,"enemies":"Blue Slaver","floor":14,"turns":2},{"damage":3,"enemies":"Slime Boss","floor":16,"turns":7},{"damage":0,"enemies":"Spheric Guardian","floor":18,"turns":1},{"damage":0,"enemies":"Chosen","floor":20,"turns":2},{"damage":12,"enemies":"Centurion and Healer","floor":21,"turns":4},{"damage":17,"enemies":"Cultist and Chosen","floor":22,"turns":5},{"damage":6,"enemies":"Book of Stabbing","floor":23,"turns":5},{"damage":19,"enemies":"Shelled Parasite and Fungi","floor":25,"turns":3},{"damage":21,"enemies":"Snake Plant","floor":27,"turns":1}],"seed_played":"673934385866115958","potions_obtained":[{"floor":1,"key":"SkillPotion"},{"floor":8,"key":"Strength Potion"},{"floor":12,"key":"AttackPotion"},{"floor":13,"key":"DemoMod:LeadSkinPotion"},{"floor":21,"key":"PowerPotion"}],"is_trial":false,"path_per_floor":["M","?","?","?","M","E","M","M","T","R","M","M","M","M","R","B",null,"M","$","M","M","M","E","R","M","T","M"],"character_chosen":"HUNTRESS","items_purchased":["jedi:bottledfury"],"campfire_rested":0,"item_purchase_floors":[19],"current_hp_per_floor":[70,53,53,53,53,53,53,51,51,51,51,51,39,39,39,36,70,70,70,70,58,41,35,35,16,16,0,0],"gold":224,"neow_bonus":"THREE_ENEMY_KILL","is_daily":false,"chose_seed":false,"campfire_upgraded":2,"win_rate":0.0,"timestamp":1608778592,"path_taken":["M","?","?","?","M","E","M","?","T","R","M","M","?","M","R","BOSS","M","$","M","M","M","E","R","M","T","M"],"items_purchased_type":["Relic"],"build_version":"2020-12-22","purchased_purges":1,"victory":false,"max_hp_per_floor":[70,70,70,70,70,70,70,70,70,70,70,70,70,70,70,70,70,70,70,70,70,70,70,70,70,70,70,70],"card_choices":[{"not_picked":["DemoMod:FastSwitch","DemoMod:MachoBrace"],"picked":"DemoMod:DirectionalPad","floor":1},{"not_picked":["DemoMod:AbyssalTentacle","DemoMod:BoxingGlove"],"picked":"DemoMod:MegaHand","floor":5},{"not_picked":["DemoMod:SkilledReload","DemoMod:ChanceBullets"],"picked":"DemoMod:BattleInHaste","floor":6},{"not_picked":["DemoMod:StickyCrossBow","DemoMod:ConditionalReflex"],"picked":"DemoMod:PotionOfGunFriendShip","floor":7},{"not_picked":["DemoMod:TeaPot","DemoMod:ShadowBullets"],"picked":"DemoMod:TripleGun","floor":8},{"not_picked":["DemoMod:LifeOrb","DemoMod:FortunesFavor","DemoMod:TeaPot"],"picked":"SKIP","floor":11},{"not_picked":["DemoMod:GunstockTap","DemoMod:DoubleSwitch"],"picked":"DemoMod:HardPowerCard","floor":12},{"not_picked":["DemoMod:FortunesFavor","DemoMod:TableSutra"],"picked":"DemoMod:CursedBullets","floor":13},{"not_picked":["DemoMod:HuntsMan","DemoMod:CombinedRifle"],"picked":"DemoMod:FastSwitch","floor":14},{"not_picked":["DemoMod:BlackHoleGun","DemoMod:BSG"],"picked":"DemoMod:Elimentaler","floor":16},{"not_picked":["DemoMod:BattleInHaste","DemoMod:FeignSurrender"],"picked":"DemoMod:ShadowBullets+1","floor":18},{"not_picked":["DemoMod:TeaPot+1","DemoMod:Unmoved","DemoMod:MegaHand+1"],"picked":"SKIP","floor":20},{"not_picked":["DemoMod:HuntsMan","DemoMod:StickyCrossBow"],"picked":"DemoMod:Unity","floor":21},{"not_picked":["DemoMod:BoxingGlove","DemoMod:GunslingerForm","DemoMod:AWP"],"picked":"SKIP","floor":22},{"not_picked":["DemoMod:AC15+1","DemoMod:StickyCrossBow+1","DemoMod:Unmoved"],"picked":"SKIP","floor":23},{"not_picked":["DemoMod:HighKaliber","DemoMod:SkilledReload"],"picked":"DemoMod:HungryBullets","floor":25}],"player_experience":135582,"relics_obtained":[{"floor":6,"key":"Iron Hammer"},{"floor":13,"key":"hubris:OldNail"},{"floor":23,"key":"Gambling Chip"},{"floor":26,"key":"jedi:arcanewood"}],"event_choices":[{"damage_healed":0,"gold_gain":0,"player_choice":"Take Damage","damage_taken":17,"relics_obtained":["Golden Idol"],"max_hp_gain":0,"max_hp_loss":0,"event_name":"Golden Idol","floor":2,"gold_loss":0},{"damage_healed":0,"gold_gain":0,"cards_transformed":["DemoMod:Strike_Huntress"],"player_choice":"Change","damage_taken":0,"max_hp_gain":0,"max_hp_loss":0,"event_name":"Living Wall","floor":3,"gold_loss":0,"cards_obtained":["DemoMod:FinishedGun"]},{"cards_removed":["DemoMod:Strike_Huntress"],"damage_healed":0,"gold_gain":0,"player_choice":"Card Removal","damage_taken":0,"max_hp_gain":0,"max_hp_loss":0,"event_name":"The Cleric","floor":4,"gold_loss":50}],"is_beta":false,"boss_relics":[{"not_picked":["DemoMod:Test1","hubris:HollowSoul"],"picked":"jedi:battlestandard"}],"items_purged_floors":[19],"is_endless":false,"potions_floor_spawned":[1,8,12,13,21,22,23],"killed_by":"Snake Plant","ascension_level":0}}