{"host":"ky7z67tg8zpdk0g7","time":1608795307,"event":{"mods":["BaseMod","Beaked The Cultist","Better Third Choice","CapriCore","Displayed Cursed Tome","Energized Spire","Fireblade Mod","Hubris","Lobotomy","LobotomyExtend","Minty Spire (QoL Compilation)","Replay The Spire","SOS???????","Shop Mod","StSLib","Td1madao Mod","The Dragon Tamer","The Hayseed","The Hierophant","The Immortal","The Marked","The Necromancer","TheBandit","TheWitcher"],"gold_per_floor":[118,136,136,101,101,136,136,103,103,123,123,143,143,143,143,243,243,243,2,2,18,33,65,17,28,28,28,28,63,63,91,91,193,193,210,257,268,288,306,306,306,316,316,328,328,348,360,360,360,360],"floor_reached":51,"playtime":1861,"items_purged":[],"score":907,"play_id":"acef2827-1e20-494f-9297-87108d06116d","local_time":"20201224143507","is_ascension_mode":false,"campfire_choices":[{"data":"TheSimpletonMod:SpiceUp","floor":7,"key":"SMITH"},{"data":"TheSimpletonMod:ControlledBurn","floor":15,"key":"SMITH"},{"data":"TheSimpletonMod:PestManagement","floor":27,"key":"SMITH"},{"data":"TheSimpletonMod:Pruning","floor":32,"key":"SMITH"},{"data":"TheSimpletonMod:Surplus","floor":40,"key":"SMITH"},{"floor":45,"key":"RECALL"},{"data":"TheSimpletonMod:Thresh","floor":49,"key":"SMITH"}],"circlet_count":0,"master_deck":["TheSimpletonMod:Strike_TheSimpleton","TheSimpletonMod:Strike_TheSimpleton","TheSimpletonMod:Strike_TheSimpleton","TheSimpletonMod:Defend_TheSimpleton","TheSimpletonMod:Defend_TheSimpleton","TheSimpletonMod:Defend_TheSimpleton","TheSimpletonMod:Defend_TheSimpleton","TheSimpletonMod:Haymaker+1","TheSimpletonMod:ControlledBurn+1","TheSimpletonMod:SpiceUp+1","TheSimpletonMod:Swelter","TheSimpletonMod:SlashAndBurn","TheSimpletonMod:VolatileFumes","TheSimpletonMod:Corn","TheSimpletonMod:Surplus+1","TheSimpletonMod:CloseScrape","TheSimpletonMod:SlashAndBurn","TheSimpletonMod:Haymaker+1","TheSimpletonMod:Pruning+1","TheSimpletonMod:PestManagement+1","TheSimpletonMod:Aerate","TheSimpletonMod:BumperCrop","TheSimpletonMod:Photosynthesis","TheSimpletonMod:Pruning","TheSimpletonMod:Thresh+1","TheSimpletonMod:PestManagement+1","TheSimpletonMod:Surplus+1","TheSimpletonMod:Sunchoke+1","TheSimpletonMod:Sunseed"],"relics":["TheSimpletonMod:SpudOfTheInnocent","TheSimpletonMod:NightSoil","TheSimpletonMod:TheHarvester","NeowsBlessing","LetterFromLob","hubris:Icosahedron","betterThird:SlimedRelic","StoneCalendar","hubris:CuriousFeather","hubris:MysteriousPyramids","hubris:BlackHole","LaetitiaHeart","Moonlight_r","InspiredRelic","ShedSkin_r","Lee\u0027s Waffle","Eternal Feather","Snack Pack","Sundial","Ornamental Fan","hubris:Backtick","Dead Branch","hubris:GlazedTorus","ReplayFunnel"],"acts_visited":["Exordium","TheCity","TheBeyond"],"potions_floor_usage":[12,12,25,51,51,51],"damage_taken":[{"damage":0,"enemies":"Jaw Worm","floor":1,"turns":1},{"damage":0,"enemies":"Small Slimes","floor":2,"turns":1},{"damage":0,"enemies":"Gremlin Nob","floor":6,"turns":1},{"damage":1,"enemies":"Cultist","floor":8,"turns":3},{"damage":8,"enemies":"Red Slaver","floor":10,"turns":4},{"damage":0,"enemies":"Blue Slaver","floor":12,"turns":2},{"damage":5,"enemies":"Slime Boss","floor":16,"turns":7},{"damage":0,"enemies":"3 Byrds","floor":18,"turns":2},{"damage":0,"enemies":"3 Byrds","floor":18,"turns":1},{"damage":0,"enemies":"3 Byrds","floor":18,"turns":2},{"damage":3,"enemies":"3 Byrds","floor":21,"turns":3},{"damage":0,"enemies":"Chosen","floor":22,"turns":2},{"damage":17,"enemies":"Book of Stabbing","floor":23,"turns":5},{"damage":0,"enemies":"Snake Plant","floor":25,"turns":3},{"damage":12,"enemies":"Replay:Snechameleon","floor":29,"turns":5},{"damage":18,"enemies":"Gremlin Leader","floor":31,"turns":4},{"damage":0,"enemies":"Automaton","floor":33,"turns":5},{"damage":0,"enemies":"3 Darklings","floor":35,"turns":1},{"damage":0,"enemies":"2 Orb Walkers","floor":36,"turns":1},{"damage":0,"enemies":"Orb Walker","floor":37,"turns":1},{"damage":0,"enemies":"Maw","floor":38,"turns":1},{"damage":0,"enemies":"Jaw Worm Horde","floor":39,"turns":1},{"damage":0,"enemies":"Spire Growth","floor":42,"turns":1},{"damage":0,"enemies":"Transient","floor":44,"turns":5},{"damage":0,"enemies":"4 Shapes","floor":46,"turns":1},{"damage":0,"enemies":"Writhing Mass","floor":47,"turns":1},{"damage":0,"enemies":"Donu and Deca","floor":50,"turns":1},{"damage":0,"enemies":"Malkuth","floor":51,"turns":1},{"damage":0,"enemies":"Hod","floor":51,"turns":2},{"damage":24,"enemies":"Geburah","floor":51,"turns":4},{"damage":0,"enemies":"Binah","floor":51,"turns":7},{"damage":47,"enemies":"Angela","floor":51,"turns":2}],"seed_played":"-8409928610226281522","potions_obtained":[{"floor":1,"key":"SpeedPotion"},{"floor":2,"key":"SpeedPotion"},{"floor":8,"key":"Explosive Potion"},{"floor":16,"key":"AttackPotion"},{"floor":21,"key":"Doom Potion"},{"floor":25,"key":"Fruit Juice"},{"floor":33,"key":"SpeedPotion"}],"is_trial":false,"path_per_floor":["M","M","?","?","?","E","R","M","T","M","?","M","?","T","R","B",null,"M","$","?","M","M","E","$","M","T","R","$","E","?","E","R","B",null,"M","?","M","M","M","R","$","M","T","M","R","M","M","?","R","B",null],"character_chosen":"THE_SIMPLETON","items_purchased":["Lee\u0027s Waffle","TheSimpletonMod:CloseScrape","TheSimpletonMod:SlashAndBurn","TheSimpletonMod:BumperCrop"],"campfire_rested":0,"item_purchase_floors":[19,19,19,24],"current_hp_per_floor":[75,75,75,64,69,69,69,68,68,64,64,68,72,72,72,71,80,25,67,67,64,67,56,56,72,72,72,72,66,66,66,72,72,72,72,72,72,72,72,72,72,72,72,72,72,72,72,72,72,72],"gold":360,"neow_bonus":"THREE_ENEMY_KILL","is_daily":false,"chose_seed":false,"campfire_upgraded":6,"win_rate":0.0,"timestamp":1608795307,"path_taken":["M","M","?","?","?","E","R","M","T","M","?","M","?","?","R","BOSS","M","$","?","?","M","E","$","M","T","R","?","E","?","E","R","BOSS","M","?","M","M","M","R","?","M","T","?","R","?","?","?","R","BOSS"],"items_purchased_type":["Relic","Card","Card","Card"],"build_version":"2020-12-22","purchased_purges":0,"victory":true,"max_hp_per_floor":[75,75,75,75,80,80,80,80,80,80,80,80,80,80,80,80,80,60,67,67,67,67,67,67,72,72,72,72,72,72,72,72,72,72,72,72,72,72,72,72,72,72,72,72,72,72,72,72,72,72],"card_choices":[{"not_picked":["TheSimpletonMod:Mulch","TheSimpletonMod:Potatoes"],"picked":"TheSimpletonMod:ControlledBurn","floor":1},{"not_picked":["TheSimpletonMod:Swelter","TheSimpletonMod:Sunchoke"],"picked":"TheSimpletonMod:SpiceUp","floor":2},{"not_picked":["TheSimpletonMod:Aerate","TheSimpletonMod:GoToMarket"],"picked":"TheSimpletonMod:Swelter","floor":6},{"not_picked":["TheSimpletonMod:DoubleBarrel","TheSimpletonMod:ControlledBurn"],"picked":"TheSimpletonMod:SlashAndBurn","floor":8},{"not_picked":["TheSimpletonMod:SpiceUp","TheSimpletonMod:Innovate"],"picked":"TheSimpletonMod:VolatileFumes","floor":10},{"not_picked":["TheSimpletonMod:Rototilling","TheSimpletonMod:SaladShooter"],"picked":"TheSimpletonMod:Corn","floor":12},{"not_picked":["TheSimpletonMod:ResearchGrant","TheSimpletonMod:Photosynthesis"],"picked":"TheSimpletonMod:Surplus","floor":16},{"not_picked":["TheSimpletonMod:Rototilling","TheSimpletonMod:Rake"],"picked":"TheSimpletonMod:Pruning","floor":21},{"not_picked":["TheSimpletonMod:RootDown","TheSimpletonMod:Potatoes"],"picked":"TheSimpletonMod:PestManagement","floor":22},{"not_picked":["TheSimpletonMod:SlashAndBurn","TheSimpletonMod:KeenEdge"],"picked":"TheSimpletonMod:Aerate","floor":23},{"not_picked":["TheSimpletonMod:SlashAndBurn","TheSimpletonMod:RootDown+1"],"picked":"TheSimpletonMod:Photosynthesis","floor":25},{"not_picked":["TheSimpletonMod:Rototilling","TheSimpletonMod:Corn"],"picked":"TheSimpletonMod:Pruning","floor":29},{"not_picked":["TheSimpletonMod:SlashAndBurn","TheSimpletonMod:StockTheCellar+1"],"picked":"TheSimpletonMod:PestManagement+1","floor":31},{"not_picked":["TheSimpletonMod:FlashPasteurize","TheSimpletonMod:BuzzBomb"],"picked":"TheSimpletonMod:Surplus","floor":33},{"not_picked":["TheSimpletonMod:Aerate","TheSimpletonMod:Innovate"],"picked":"TheSimpletonMod:Sunchoke+1","floor":35},{"not_picked":["TheSimpletonMod:SpiceUp","TheSimpletonMod:Swelter"],"picked":"TheSimpletonMod:Sunseed","floor":36},{"not_picked":["TheSimpletonMod:SaladShooter+1","TheSimpletonMod:Ferment+1","TheSimpletonMod:Thresh"],"picked":"SKIP","floor":37},{"not_picked":["TheSimpletonMod:Swelter+1","TheSimpletonMod:DigIn+1","TheSimpletonMod:Innovate+1"],"picked":"SKIP","floor":38},{"not_picked":["TheSimpletonMod:Swelter","TheSimpletonMod:Pruning+1","TheSimpletonMod:DoubleBarrel+1"],"picked":"SKIP","floor":39},{"not_picked":["TheSimpletonMod:Aerate","TheSimpletonMod:ErosionControl","TheSimpletonMod:ToughenUp"],"picked":"SKIP","floor":42},{"not_picked":["TheSimpletonMod:SeedCoat+1","TheSimpletonMod:Rototilling+1","TheSimpletonMod:ControlledBurn+1"],"picked":"SKIP","floor":44},{"not_picked":["TheSimpletonMod:PestManagement","TheSimpletonMod:CropRotation+1","TheSimpletonMod:RootDown+1"],"picked":"SKIP","floor":46},{"not_picked":["TheSimpletonMod:Sunseed","TheSimpletonMod:Fertilaser","TheSimpletonMod:RootDown+1"],"picked":"SKIP","floor":47}],"player_experience":299128,"relics_obtained":[{"floor":1,"key":"LetterFromLob"},{"floor":6,"key":"StoneCalendar"},{"floor":9,"key":"hubris:CuriousFeather"},{"floor":14,"key":"hubris:MysteriousPyramids"},{"floor":23,"key":"Eternal Feather"},{"floor":26,"key":"Snack Pack"},{"floor":29,"key":"Sundial"},{"floor":31,"key":"Ornamental Fan"},{"floor":36,"key":"hubris:GlazedTorus"},{"floor":43,"key":"ReplayFunnel"}],"event_choices":[{"damage_healed":0,"gold_gain":0,"player_choice":"Slimed","damage_taken":11,"max_hp_gain":0,"max_hp_loss":0,"event_name":"betterThird:BetterGoop","floor":4,"gold_loss":35},{"damage_healed":0,"gold_gain":0,"player_choice":"Donut","damage_taken":0,"max_hp_gain":5,"max_hp_loss":0,"event_name":"Big Fish","floor":5,"gold_loss":0},{"damage_healed":0,"gold_gain":0,"player_choice":"Copied","damage_taken":0,"max_hp_gain":0,"max_hp_loss":0,"event_name":"Duplicator","floor":20,"gold_loss":0,"cards_obtained":["TheSimpletonMod:Haymaker"]},{"damage_healed":0,"gold_gain":0,"player_choice":"Fight","damage_taken":0,"max_hp_gain":0,"max_hp_loss":0,"event_name":"Mysterious Sphere","floor":36,"gold_loss":0},{"cards_removed":["TheSimpletonMod:ReapAndSow"],"damage_healed":0,"gold_gain":0,"player_choice":"Removed Attack","damage_taken":0,"max_hp_gain":0,"max_hp_loss":0,"event_name":"Falling","floor":48,"gold_loss":0}],"is_beta":false,"boss_relics":[{"not_picked":["SlaversCollar","Busted Crown"],"picked":"hubris:BlackHole"},{"not_picked":["Sozu","energizedSpire:StickyHand"],"picked":"hubris:Backtick"}],"items_purged_floors":[],"is_endless":false,"potions_floor_spawned":[1,2,8,16,18,21,23,25,33,37,38,46],"ascension_level":0}}