{"host":"ufl0k2so27eic2iy","time":1608836078,"event":{"mods":["BaseMod","Minty Spire (QoL Compilation)","StSLib","The Animator"],"gold_per_floor":[126,126,139,153,169,196,206,241,264,264,289,300,300,318,318,395,395,424,440,292,309,324,324,324],"floor_reached":23,"playtime":1277,"items_purged":["animator:Strike"],"score":497,"play_id":"9c994aeb-e31d-4e85-a114-4953be5eba11","local_time":"20201224185438","is_ascension_mode":true,"campfire_choices":[{"floor":10.0,"key":"REST"},{"data":"animator:KaguyaHouraisan","floor":13.0,"key":"SMITH"},{"data":"animator:Shion","floor":15,"key":"SMITH"}],"circlet_count":0,"master_deck":["AscendersBane","animator:Strike_MadokaMagica","animator:Defend_MadokaMagica","animator:Strike","animator:Strike","animator:Defend","animator:Defend","animator:Defend","animator:IrohaTamaki","animator:YuiTsuruno","animator:Shion+1","animator:Eris","animator:KaguyaHouraisan+1","animator:ChaikaTrabant","animator:YuiTsuruno","animator:Gillette","animator:Yuuichirou","animator:KyokoSakura","animator:Mikaela","animator:IrohaTamaki","animator:Kyubey","animator:NagisaMomoe+1","animator:Walpurgisnacht","animator:Clownpiece","animator:Mikaela"],"relics":["animator:LivingPicture","animator:TheMissingPiece","Toy Ornithopter","Mango","Lantern","Oddly Smooth Stone","SlaversCollar","animator:CursedGlyph"],"acts_visited":["Exordium","TheCity"],"potions_floor_usage":[16,23],"damage_taken":[{"damage":0.0,"enemies":"Cultist","floor":1.0,"turns":3.0},{"damage":2.0,"enemies":"Jaw Worm","floor":3.0,"turns":3.0},{"damage":0.0,"enemies":"2 Louse","floor":4.0,"turns":2.0},{"damage":9.0,"enemies":"Gremlin Gang","floor":5.0,"turns":3.0},{"damage":16.0,"enemies":"Gremlin Nob","floor":6.0,"turns":3.0},{"damage":13.0,"enemies":"Lots of Slimes","floor":7.0,"turns":3.0},{"damage":31.0,"enemies":"Lagavulin","floor":8.0,"turns":7.0},{"damage":4.0,"enemies":"Exordium Wildlife","floor":11.0,"turns":2.0},{"damage":16.0,"enemies":"Exordium Thugs","floor":12.0,"turns":4.0},{"damage":0.0,"enemies":"3 Louse","floor":14.0,"turns":1.0},{"damage":0,"enemies":"Hexaghost","floor":16,"turns":8},{"damage":8,"enemies":"Chosen","floor":18,"turns":4},{"damage":0,"enemies":"Spheric Guardian","floor":19,"turns":1},{"damage":27,"enemies":"Centurion and Healer","floor":21,"turns":12},{"damage":7,"enemies":"Snecko","floor":22,"turns":5},{"damage":33,"enemies":"Slavers","floor":23,"turns":4}],"seed_played":"-3302488060209720981","potions_obtained":[{"floor":3.0,"key":"Ancient Potion"},{"floor":5.0,"key":"AttackPotion"},{"floor":12.0,"key":"Explosive Potion"},{"floor":14,"key":"animator:FalseLifePotion"},{"floor":18,"key":"Block Potion"}],"is_trial":false,"path_per_floor":["M","?","M","M","M","E","M","E","T","R","M","M","R","M","R","B",null,"M","M","$","M","M","E"],"character_chosen":"THE_ANIMATOR","items_purchased":["animator:Clownpiece"],"campfire_rested":1,"item_purchase_floors":[20],"current_hp_per_floor":[54,54,55,58,51,54,44,16,16,38,37,24,24,24,24,33,65,60,60,60,36,32,7,7],"gold":324,"neow_bonus":"RANDOM_COMMON_RELIC","is_daily":false,"chose_seed":true,"campfire_upgraded":2,"win_rate":0.0,"timestamp":1608836078,"path_taken":["M","?","M","?","M","E","M","E","T","R","M","M","R","M","R","BOSS","M","M","$","M","M","E"],"items_purchased_type":["Card"],"build_version":"2020-12-22","purchased_purges":1,"victory":false,"max_hp_per_floor":[60,60,60,60,60,74,74,74,74,74,74,74,74,74,74,75,75,75,71,71,71,71,71,71],"card_choices":[{"not_picked":["animator:Yoichi","animator:SuikaIbuki"],"picked":"animator:Shion","floor":1.0},{"not_picked":["animator:Hakurou","animator:Shuna"],"picked":"animator:KaguyaHouraisan","floor":3.0},{"not_picked":["animator:KomachiOnozuka","animator:Mitsurugi"],"picked":"animator:ChaikaTrabant","floor":4.0},{"not_picked":["animator:NagisaMomoe","animator:YachiyoNanami"],"picked":"animator:YuiTsuruno","floor":5.0},{"not_picked":["animator:SuikaIbuki","animator:Guren"],"picked":"animator:Gillette","floor":6.0},{"not_picked":["animator:Guy","animator:Verdia"],"picked":"animator:Yuuichirou","floor":7.0},{"not_picked":["animator:Shuna","animator:Shigure","animator:Millim"],"picked":"SKIP","floor":8.0},{"not_picked":["animator:YuiTsuruno","animator:YachiyoNanami"],"picked":"animator:KyokoSakura","floor":11.0},{"not_picked":["animator:Yuuichirou","animator:Shigure"],"picked":"animator:Mikaela","floor":12.0},{"not_picked":["animator:Mikaela","animator:Mitsurugi"],"picked":"animator:IrohaTamaki","floor":14},{"not_picked":["animator:HomuraAkemi","animator:Eris"],"picked":"animator:Kyubey","floor":16},{"not_picked":["animator:Megumin","animator:ReimuHakurei"],"picked":"animator:NagisaMomoe+1","floor":18},{"not_picked":["animator:SayakaMiki","animator:OrikoMikuni"],"picked":"animator:Walpurgisnacht","floor":19},{"not_picked":["animator:ItamiYouji","animator:YachiyoNanami","animator:Shion"],"picked":"SKIP","floor":21},{"not_picked":["animator:RoryMercury","animator:SuikaIbuki"],"picked":"animator:Mikaela","floor":22}],"player_experience":2366534,"relics_obtained":[{"floor":6.0,"key":"Mango"},{"floor":8.0,"key":"Lantern"},{"floor":9.0,"key":"Oddly Smooth Stone"},{"floor":19,"key":"animator:CursedGlyph"}],"event_choices":[{"damage_healed":0.0,"max_hp_gain":0.0,"max_hp_loss":0.0,"gold_gain":0.0,"event_name":"Match and Keep!","player_choice":"1 cards matched","floor":2.0,"gold_loss":0.0,"damage_taken":0.0,"cards_obtained":["animator:Eris"]}],"is_beta":false,"boss_relics":[{"not_picked":["SacredBark","Ectoplasm"],"picked":"SlaversCollar"}],"items_purged_floors":[20],"is_endless":false,"potions_floor_spawned":[3,5,12,14,18,19,22],"killed_by":"Slavers","ascension_level":15}}