{"host":"w3q5ijqu8eoknil3","time":1608773781,"event":{"mods":["AchievementEnabler","BaseMod","Block Reminder","Colored Powertips","Minty Spire (QoL Compilation)","Quick Restart","Relic Stats","ojb\u0027s Better Paths Mod","ojb\u0027s Info Mod","slay the spire mod where everything is the same but ironclad has a cowboy hat"],"gold_per_floor":[114,114,114,114,125,156,156,167,191,218,234,284,300,319,319,396,396,396,396],"floor_reached":18,"playtime":535,"items_purged":[],"score":394,"play_id":"57007e7c-a182-4535-9ca6-d8ce5d0e90ab","local_time":"20201224013621","is_ascension_mode":true,"campfire_choices":[{"data":"Bash","floor":7,"key":"SMITH"},{"data":"Demon Form","floor":15,"key":"SMITH"}],"circlet_count":0,"master_deck":["AscendersBane","Strike_R+1","Strike_R+1","Strike_R+1","Strike_R","Defend_R","Defend_R","Defend_R","Defend_R","Bash+1","Evolve+1","Rage","Battle Trance","Cleave","Twin Strike","Demon Form+1","Clothesline","Cleave","Shrug It Off","Bludgeon"],"relics":["Burning Blood","NeowsBlessing","Blood Vial","Paper Frog","Whetstone","Art of War","Runic Pyramid"],"acts_visited":["Exordium","TheCity"],"potions_floor_usage":[10,14,16],"damage_taken":[{"damage":0,"enemies":"Small Slimes","floor":1,"turns":1},{"damage":0,"enemies":"Jaw Worm","floor":5,"turns":1},{"damage":0,"enemies":"Gremlin Nob","floor":6,"turns":1},{"damage":6,"enemies":"2 Louse","floor":8,"turns":3},{"damage":11,"enemies":"Lagavulin","floor":10,"turns":4},{"damage":13,"enemies":"Blue Slaver","floor":11,"turns":2},{"damage":13,"enemies":"3 Louse","floor":13,"turns":4},{"damage":24,"enemies":"Gremlin Gang","floor":14,"turns":4},{"damage":10,"enemies":"Slime Boss","floor":16,"turns":7},{"damage":71,"enemies":"3 Byrds","floor":18,"turns":7}],"seed_played":"6996916833935668290","potions_obtained":[{"floor":1,"key":"Fruit Juice"},{"floor":5,"key":"Strength Potion"},{"floor":10,"key":"SteroidPotion"}],"is_trial":false,"path_per_floor":["M","?","?","?","M","E","R","M","T","E","M","?","M","M","R","B",null,"M"],"character_chosen":"IRONCLAD","items_purchased":[],"campfire_rested":0,"item_purchase_floors":[],"current_hp_per_floor":[74,56,33,33,41,49,49,51,51,48,43,43,38,27,27,25,66,0,0],"gold":396,"neow_bonus":"THREE_ENEMY_KILL","is_daily":false,"chose_seed":false,"campfire_upgraded":2,"win_rate":0.0,"timestamp":1608773781,"path_taken":["M","?","?","?","M","E","R","M","T","E","?","?","M","M","R","BOSS","M"],"items_purchased_type":[],"build_version":"2020-12-22","purchased_purges":0,"victory":false,"max_hp_per_floor":[75,75,75,75,75,75,75,75,75,75,75,75,75,80,80,80,80,80,80],"relic_stats":{"Blood Vial":18,"counters":[10,34],"Art of War":[0],"Whetstone":["Strike_R","Strike_R"],"obtain_stats":[{"Blood Vial":2,"NeowsBlessing":0,"Art of War":10,"Whetstone":9,"Burning Blood":0,"Paper Frog":6,"Runic Pyramid":17},{"Blood Vial":1,"NeowsBlessing":0,"Art of War":5,"Whetstone":4,"Burning Blood":0,"Paper Frog":3,"Runic Pyramid":9},{"Blood Vial":1,"NeowsBlessing":0,"Art of War":10,"Whetstone":6,"Burning Blood":0,"Paper Frog":3,"Runic Pyramid":27}],"Burning Blood":54},"card_choices":[{"not_picked":["Blood for Blood","Entrench"],"picked":"Evolve","floor":1},{"not_picked":["Wild Strike","Thunderclap"],"picked":"Battle Trance","floor":5},{"not_picked":["Heavy Blade","Disarm"],"picked":"Cleave","floor":6},{"not_picked":["Flex","Rupture"],"picked":"Twin Strike","floor":8},{"not_picked":["Dark Embrace","Shockwave"],"picked":"Demon Form","floor":10},{"not_picked":["Havoc","True Grit"],"picked":"Clothesline","floor":11},{"not_picked":["Sentinel","Havoc"],"picked":"Cleave","floor":13},{"not_picked":["Combust","Rage"],"picked":"Shrug It Off","floor":14},{"not_picked":["Corruption","Berserk"],"picked":"Bludgeon","floor":16}],"player_experience":940056,"relics_obtained":[{"floor":6,"key":"Paper Frog"},{"floor":9,"key":"Whetstone"},{"floor":10,"key":"Art of War"}],"event_choices":[{"damage_healed":0,"gold_gain":0,"player_choice":"Success","damage_taken":18,"relics_obtained":["Blood Vial"],"max_hp_gain":0,"max_hp_loss":0,"event_name":"Scrap Ooze","floor":2,"gold_loss":0},{"damage_healed":0,"gold_gain":0,"player_choice":"Entered Light","damage_taken":23,"max_hp_gain":0,"max_hp_loss":0,"event_name":"Shining Light","floor":3,"gold_loss":0,"cards_upgraded":["Strike_R","Evolve"]},{"damage_healed":0,"gold_gain":0,"cards_transformed":["Strike_R"],"player_choice":"Change","damage_taken":0,"max_hp_gain":0,"max_hp_loss":0,"event_name":"Living Wall","floor":4,"gold_loss":0,"cards_obtained":["Rage"]},{"damage_healed":0,"gold_gain":50,"player_choice":"Gained Gold","damage_taken":0,"max_hp_gain":0,"max_hp_loss":0,"event_name":"Golden Wing","floor":12,"gold_loss":0}],"is_beta":false,"boss_relics":[{"not_picked":["Empty Cage","Runic Cube"],"picked":"Runic Pyramid"}],"items_purged_floors":[],"is_endless":false,"potions_floor_spawned":[1,5,10],"killed_by":"3 Byrds","ascension_level":20}}