{"host":"2lrkmsuh7nz013qb","time":1608802033,"event":{"mods":["BaseMod","Colored Map","DeckTracker","Minty Spire (QoL Compilation)","SuperFastMode","everything is the same but u backflip on backflip"],"gold_per_floor":[123,146,165,184,184,223,223,253,276,17,17,31,65,85,85,199,199,219,243,258,287,81,81,97,97,123,167,167,92,17,17,17,17,17],"floor_reached":33,"playtime":791,"items_purged":["Strike_B"],"score":388,"play_id":"f31e1d4a-94bb-419b-aab0-ef4df61bcc3b","local_time":"20201224182713","is_ascension_mode":true,"campfire_choices":[{"data":"Beam Cell","floor":7.0,"key":"SMITH"},{"floor":11.0,"key":"REST"},{"floor":15.0,"key":"REST"},{"floor":23.0,"key":"REST"},{"floor":25,"key":"REST"},{"floor":32,"key":"REST"}],"circlet_count":0,"master_deck":["Strike_B","Strike_B","Defend_B+1","Defend_B","Defend_B","Defend_B+1","Zap","Dualcast","Rebound","Coolheaded","Cold Snap","Beam Cell+1","Ball Lightning","Echo Form","Ball Lightning+1","Compile Driver","Defragment","Conserve Battery","Defragment"],"relics":["Cracked Core","CeramicFish","Bronze Scales","Odd Mushroom","War Paint","Mummified Hand","Omamori","Fusion Hammer","Membership Card","Anchor","Question Card","ClockworkSouvenir"],"acts_visited":["Exordium","TheCity"],"potions_floor_usage":[27,33],"damage_taken":[{"damage":0.0,"enemies":"Small Slimes","floor":1.0,"turns":3.0},{"damage":2.0,"enemies":"Jaw Worm","floor":2.0,"turns":3.0},{"damage":4.0,"enemies":"2 Louse","floor":3.0,"turns":3.0},{"damage":11.0,"enemies":"2 Fungi Beasts","floor":4.0,"turns":4.0},{"damage":22.0,"enemies":"Gremlin Nob","floor":6.0,"turns":4.0},{"damage":23.0,"enemies":"The Mushroom Lair","floor":8.0,"turns":4.0},{"damage":7.0,"enemies":"3 Louse","floor":12.0,"turns":3.0},{"damage":12.0,"enemies":"Lagavulin","floor":13.0,"turns":5.0},{"damage":4.0,"enemies":"Red Slaver","floor":14.0,"turns":2.0},{"damage":18.0,"enemies":"Hexaghost","floor":16.0,"turns":8.0},{"damage":0.0,"enemies":"Chosen","floor":18.0,"turns":4.0},{"damage":25.0,"enemies":"2 Thieves","floor":19.0,"turns":4.0},{"damage":7.0,"enemies":"3 Cultists","floor":20.0,"turns":5.0},{"damage":11.0,"enemies":"Snecko","floor":21.0,"turns":4.0},{"damage":9,"enemies":"Cultist and Chosen","floor":24,"turns":4},{"damage":23,"enemies":"Book of Stabbing","floor":27,"turns":4},{"damage":59,"enemies":"Collector","floor":33,"turns":6}],"seed_played":"-3036140212535517467","potions_obtained":[{"floor":1.0,"key":"CultistPotion"},{"floor":2.0,"key":"FearPotion"},{"floor":3.0,"key":"Weak Potion"},{"floor":6.0,"key":"Strength Potion"},{"floor":24,"key":"Weak Potion"},{"floor":27,"key":"Strength Potion"}],"is_trial":false,"path_per_floor":["M","M","M","M","?","E","R","?","T","$","R","M","E","M","R","B",null,"M","M","M","M","$","R","M","R","T","E","?","?","$","?","R","B"],"character_chosen":"DEFECT","items_purchased":["Mummified Hand","Membership Card","Conserve Battery","ClockworkSouvenir"],"campfire_rested":5,"item_purchase_floors":[10,22,22,30],"current_hp_per_floor":[68,66,62,51,51,29,29,6,6,6,28,21,9,5,27,9,59,59,34,27,16,16,38,29,51,51,28,14,14,14,14,38,0,0],"gold":17,"neow_bonus":"RANDOM_COMMON_RELIC","is_daily":false,"chose_seed":false,"campfire_upgraded":1,"win_rate":0.0,"timestamp":1608802033,"path_taken":["M","M","M","M","?","E","R","?","T","?","R","M","E","M","R","BOSS","M","M","M","M","$","R","M","R","T","E","?","?","$","?","R","BOSS"],"items_purchased_type":["Relic","Relic","Card","Relic"],"build_version":"2020-12-22","purchased_purges":1,"victory":false,"max_hp_per_floor":[75,75,75,75,75,75,75,75,75,75,75,75,75,75,75,75,75,75,75,75,75,75,75,75,75,75,75,80,80,80,80,80,80,80],"card_choices":[{"not_picked":["Darkness","White Noise"],"picked":"Rebound","floor":1.0},{"not_picked":["Auto Shields","Force Field"],"picked":"Coolheaded","floor":2.0},{"not_picked":["White Noise","Gash"],"picked":"Cold Snap","floor":3.0},{"not_picked":["Skim","Leap","Gash"],"picked":"SKIP","floor":4.0},{"not_picked":["Tempest","Creative AI"],"picked":"Beam Cell","floor":6.0},{"not_picked":["Gash","Doom and Gloom","Chill"],"picked":"SKIP","floor":12.0},{"not_picked":["White Noise","Chill","Cold Snap"],"picked":"SKIP","floor":13.0},{"not_picked":["Coolheaded","Hologram"],"picked":"Ball Lightning","floor":14.0},{"not_picked":["Hyperbeam","Machine Learning"],"picked":"Echo Form","floor":16.0},{"not_picked":["Hologram+1","Streamline"],"picked":"Ball Lightning+1","floor":18.0},{"not_picked":["Ball Lightning","Sweeping Beam"],"picked":"Compile Driver","floor":19.0},{"not_picked":["Hello World+1","Streamline","Coolheaded"],"picked":"SKIP","floor":20.0},{"not_picked":["Stack","Streamline"],"picked":"Defragment","floor":21.0},{"not_picked":["Meteor Strike","Scrape","Leap"],"picked":"SKIP","floor":24},{"not_picked":["Hologram","Consume"],"picked":"Defragment","floor":27}],"player_experience":690436,"relics_obtained":[{"floor":6.0,"key":"Bronze Scales"},{"floor":8.0,"key":"Odd Mushroom"},{"floor":9.0,"key":"War Paint"},{"floor":13.0,"key":"Omamori"},{"floor":26,"key":"Anchor"},{"floor":27,"key":"Question Card"}],"event_choices":[{"damage_healed":0.0,"max_hp_gain":0.0,"max_hp_loss":0.0,"gold_gain":0.0,"event_name":"Liars Game","player_choice":"Ignored","floor":5.0,"gold_loss":0.0,"damage_taken":0.0},{"damage_healed":0.0,"max_hp_gain":0.0,"max_hp_loss":0.0,"gold_gain":0.0,"event_name":"Mushrooms","player_choice":"Fought Mushrooms","floor":8.0,"gold_loss":0.0,"damage_taken":0.0},{"damage_healed":0,"gold_gain":0,"player_choice":"Shed Blood","damage_taken":19,"max_hp_gain":5,"max_hp_loss":0,"event_name":"Forgotten Altar","floor":28,"gold_loss":0},{"cards_removed":["Strike_B"],"damage_healed":0,"gold_gain":0,"player_choice":"Gave Gold","damage_taken":0,"max_hp_gain":0,"max_hp_loss":0,"event_name":"Beggar","floor":29,"gold_loss":75},{"damage_healed":0,"gold_gain":0,"player_choice":"Ignored","damage_taken":0,"max_hp_gain":0,"max_hp_loss":0,"event_name":"Cursed Tome","floor":31,"gold_loss":0}],"is_beta":false,"boss_relics":[{"not_picked":["Busted Crown","Tiny House"],"picked":"Fusion Hammer"}],"items_purged_floors":[22],"is_endless":false,"potions_floor_spawned":[1,2,3,6,24,27],"killed_by":"Collector","ascension_level":8}}