{"host":"i3iesnh100m6i1gd","time":1608795826,"event":{"mods":["BaseMod","Colored Powertips","Downfall","Minty Spire (QoL Compilation)","Replay The Spire","StSLib"],"gold_per_floor":[118,118,136,136,152,183,201,201,253,253,0,31,31,42,42,137,137,154,154,154,164,183,183,183,183,183,203,203,203,231,241,241,336,336,354,374,54,100,118,118,118,118,196,226,81,111,111,111,111,111,111],"floor_reached":50,"playtime":5204,"items_purged":["Hallucinations"],"score":526,"play_id":"daf8b8c3-506f-4dcf-9655-a80b7af13d41","local_time":"20201223234346","is_ascension_mode":false,"campfire_choices":[{"floor":8,"key":"REST"},{"data":"Infinite Blades","floor":15,"key":"SMITH"},{"floor":23,"key":"REST"},{"floor":25,"key":"REST"},{"data":"Night Terror","floor":28,"key":"SMITH"},{"floor":32,"key":"REST"},{"data":"Infinite Blades","floor":40,"key":"SMITH"},{"floor":42,"key":"REST"},{"data":"Deep Breath","floor":47,"key":"SMITH"},{"floor":49,"key":"REST"}],"circlet_count":0,"master_deck":["Defend_G+1","Defend_G","Defend_G","Defend_G","Survivor","Neutralize+1","Deflect","Flying Knee+1","Acrobatics","Reflex","Infinite Blades+1","All Out Attack","Night Terror+1","Clumsy","Injury","Riddle With Holes","Voices","Blade Dance+1","Bullet Time","Necronomicurse","Backflip","Slice","Replay:Bag of Tricks","Terror+1","Dodge and Roll+1","Infinite Blades+1","Noxious Fumes+1","Fluid Movement+1","Deep Breath+1","ReplayTheSpireMod:Uncanny Aura","Hidden Blade","Prepared","Slice+1"],"relics":["Ring of the Snake","NeowsBlessing","CultistMask","Mirror","Potion Belt","Shuriken","Regal Pillow","Kintsugi","Ring of Fury","Necronomicon","Iron Hammer","Nunchaku","Cursed Key","Mummified Hand","Turnip","Eternal Feather","Omamori","Meat on the Bone"],"acts_visited":["Exordium","TheCity","TheBeyond"],"potions_floor_usage":[7,22,31,46,46,46,50,50,50],"damage_taken":[{"damage":0,"enemies":"2 Louse","floor":1,"turns":1},{"damage":0,"enemies":"Small Slimes","floor":3,"turns":1},{"damage":0,"enemies":"Cultist","floor":5,"turns":1},{"damage":21,"enemies":"Gremlin Nob","floor":6,"turns":5},{"damage":0,"enemies":"Large Slime","floor":7,"turns":5},{"damage":14,"enemies":"3 Sentries","floor":12,"turns":5},{"damage":3,"enemies":"3 Louse","floor":14,"turns":2},{"damage":33,"enemies":"The Guardian","floor":16,"turns":11},{"damage":2,"enemies":"Chosen","floor":18,"turns":6},{"damage":29,"enemies":"Spheric Guardian","floor":21,"turns":6},{"damage":36,"enemies":"Shelled Parasite and Fungi","floor":22,"turns":5},{"damage":7,"enemies":"Snecko","floor":27,"turns":4},{"damage":27,"enemies":"Gremlin Leader","floor":30,"turns":6},{"damage":7,"enemies":"Sentry and Sphere","floor":31,"turns":3},{"damage":16,"enemies":"Champ","floor":33,"turns":6},{"damage":0,"enemies":"3 Shapes","floor":35,"turns":3},{"damage":11,"enemies":"3 Darklings","floor":36,"turns":3},{"damage":9,"enemies":"2 Orb Walkers","floor":38,"turns":3},{"damage":5,"enemies":"Spire Growth","floor":39,"turns":3},{"damage":13,"enemies":"Giant Head","floor":44,"turns":3},{"damage":44,"enemies":"Reptomancer","floor":46,"turns":4},{"damage":79,"enemies":"Time Eater","floor":50,"turns":6}],"seed_played":"4505598252067608681","potions_obtained":[{"floor":5,"key":"Milkshake"},{"floor":6,"key":"Fire Potion"},{"floor":16,"key":"Weak Potion"},{"floor":18,"key":"Doom Potion"},{"floor":30,"key":"SteroidPotion"},{"floor":33,"key":"Poison Potion"},{"floor":36,"key":"PowerPotion"},{"floor":39,"key":"Toxic Potion"},{"floor":46,"key":"SpeedPotion"}],"is_trial":false,"path_per_floor":["M","?","M","?","M","E","M","R","T","?","$","E","?","M","R","B",null,"M","?","?","M","M","R","?","R","T","M","R","?","E","M","R","B",null,"M","M","$","?","M","R","?","R","T","E","$","E","R","?","R","B"],"character_chosen":"THE_SILENT","items_purchased":["Shuriken","Mummified Hand","Infinite Blades","Hidden Blade","Prepared"],"campfire_rested":6,"item_purchase_floors":[11,37,37,45,45],"current_hp_per_floor":[70,56,56,56,56,35,35,56,56,56,56,42,42,39,39,6,70,68,68,68,39,3,39,23,59,59,52,52,52,25,18,54,38,70,70,59,59,50,45,45,35,70,70,57,57,13,31,31,70,0,0],"gold":111,"neow_bonus":"THREE_ENEMY_KILL","is_daily":false,"chose_seed":false,"campfire_upgraded":4,"win_rate":0.0,"timestamp":1608795826,"path_taken":["M","?","M","?","?","E","M","R","T","?","$","E","?","M","R","BOSS","M","?","?","M","M","R","?","R","T","M","R","?","E","M","R","BOSS","M","M","$","?","M","R","?","R","T","E","$","E","R","?","R","BOSS"],"items_purchased_type":["Relic","Relic","Card","Card","Card"],"build_version":"2020-12-22","purchased_purges":1,"victory":false,"max_hp_per_floor":[70,70,70,70,70,70,70,70,70,70,70,70,70,70,70,70,70,70,70,70,70,70,70,70,70,70,70,70,70,70,70,70,70,70,70,70,70,70,70,70,70,70,70,70,70,70,70,70,70,70,70],"card_choices":[{"not_picked":["Riddle With Holes","ReplayTheSpireMod:Tripwire"],"picked":"Deflect","floor":1},{"not_picked":["Sneak Up","Deflect"],"picked":"Flying Knee","floor":3},{"not_picked":["Backflip","Leg Sweep"],"picked":"Acrobatics","floor":5},{"not_picked":["After Image","Prepared"],"picked":"Reflex","floor":6},{"not_picked":["Slice","Draining Mist"],"picked":"Infinite Blades","floor":7},{"not_picked":["Eviscerate","Dagger Spray"],"picked":"All Out Attack","floor":12},{"not_picked":["PiercingWail","Catalyst","Poisoned Stab"],"picked":"SKIP","floor":14},{"not_picked":["Poison Darts","Wraith Form v2"],"picked":"Night Terror","floor":16},{"not_picked":["Dagger Throw","Backflip"],"picked":"Riddle With Holes","floor":18},{"not_picked":["Outmaneuver","Prepared+1"],"picked":"Blade Dance+1","floor":21},{"not_picked":["Choke+1","Dagger Throw"],"picked":"Bullet Time","floor":22},{"not_picked":["Endless Agony","PiercingWail"],"picked":"Backflip","floor":27},{"not_picked":["Eviscerate","Reflex","Dagger Throw"],"picked":"SKIP","floor":30},{"not_picked":["Poisoned Stab","Sucker Punch"],"picked":"Slice","floor":31},{"not_picked":["Die Die Die","Bullet Time"],"picked":"Replay:Bag of Tricks","floor":33},{"not_picked":["ReplayTheSpireMod:The Works","Acrobatics"],"picked":"Terror+1","floor":35},{"not_picked":["Acrobatics+1","Replay:Poison Smokescreen+1"],"picked":"Dodge and Roll+1","floor":36},{"not_picked":["Dodge and Roll","Underhanded Strike+1"],"picked":"Noxious Fumes+1","floor":38},{"not_picked":["Flying Knee+1","Sneak Up"],"picked":"Fluid Movement+1","floor":39},{"not_picked":["Replay:SS_fish_3","expansioncontent:SlimeTackle"],"picked":"Deep Breath","floor":41},{"not_picked":["Replay:BasicMightCard","Replay:SS_hec_2"],"picked":"ReplayTheSpireMod:Uncanny Aura","floor":41},{"not_picked":["Dagger Spray","Deadly Poison","Bane+1"],"picked":"SKIP","floor":44},{"not_picked":["Dash","Bullet Time"],"picked":"Slice+1","floor":46}],"player_experience":72276,"relics_obtained":[{"floor":6,"key":"Mirror"},{"floor":9,"key":"Potion Belt"},{"floor":12,"key":"Regal Pillow"},{"floor":20,"key":"Ring of Fury"},{"floor":24,"key":"Necronomicon"},{"floor":26,"key":"Iron Hammer"},{"floor":30,"key":"Nunchaku"},{"floor":38,"key":"Turnip"},{"floor":43,"key":"Eternal Feather"},{"floor":44,"key":"Omamori"},{"floor":46,"key":"Meat on the Bone"}],"event_choices":[{"damage_healed":0,"gold_gain":0,"player_choice":"Entered Light","damage_taken":14,"max_hp_gain":0,"max_hp_loss":0,"event_name":"Shining Light","floor":2,"gold_loss":0,"cards_upgraded":["Neutralize","Defend_G"]},{"damage_healed":0,"gold_gain":0,"player_choice":"Trade","damage_taken":0,"relics_obtained":["CultistMask"],"max_hp_gain":0,"max_hp_loss":0,"event_name":"FaceTrader","floor":4,"gold_loss":0},{"cards_removed":["Strike_G"],"damage_healed":0,"gold_gain":0,"player_choice":"Forget","damage_taken":0,"max_hp_gain":0,"max_hp_loss":0,"event_name":"Living Wall","floor":13,"gold_loss":0},{"damage_healed":0,"gold_gain":0,"player_choice":"Obtained Book","damage_taken":16,"max_hp_gain":0,"max_hp_loss":0,"event_name":"Cursed Tome","floor":24,"gold_loss":0},{"damage_healed":0,"gold_gain":0,"player_choice":"Ignored","damage_taken":0,"max_hp_gain":0,"max_hp_loss":0,"event_name":"Vampires","floor":29,"gold_loss":0},{"damage_healed":0,"gold_gain":0,"player_choice":"Fight","damage_taken":0,"max_hp_gain":0,"max_hp_loss":0,"event_name":"Mysterious Sphere","floor":38,"gold_loss":0},{"damage_healed":0,"gold_gain":0,"player_choice":"Memory 3","damage_taken":10,"max_hp_gain":0,"max_hp_loss":0,"event_name":"SensoryStone","floor":41,"gold_loss":0},{"damage_healed":0,"gold_gain":0,"player_choice":"Ignored","damage_taken":0,"max_hp_gain":0,"max_hp_loss":0,"event_name":"The Moai Head","floor":48,"gold_loss":0}],"is_beta":false,"boss_relics":[{"not_picked":["Busted Crown","Coffee Dripper"],"picked":"Kintsugi"},{"not_picked":["Runic Pyramid","Snecko Scales"],"picked":"Cursed Key"}],"items_purged_floors":[45],"is_endless":false,"potions_floor_spawned":[5,6,16,18,30,33,36,39,46],"killed_by":"Time Eater","ascension_level":0}}