{"host":"tj6tjcyqgbd0xj5u","time":1608851143,"event":{"mods":["Aspiration","BaseMod","Better Match","BetterRewards","Challenge The Spire","Conspire","Defuse TimeMaze Blight","Energized Spire","GifTheSpireLib","Gremlin Mod","Halation","Hubris","Infinite Spire","Minty Spire (QoL Compilation)","Replay The Spire","Reworked Bosses","Robot Space Explorer","Spikes Relics","StSLib","Stuff the Spire","The Gatherer","The Sage","vexMod"],"gold_per_floor":[111,86,56,67,80,80,113,113,113,142,142,23,40,40,40,141,141,151,163,163,180,180,180,212,224,224,224,234,250,278,296,296,399,399,414,431,431,451,451,451,467,498,498,512,245,273,273,292,292,292],"floor_reached":51,"playtime":1961,"items_purged":["Strike_R","Strike_R"],"score":1108,"play_id":"5d163d89-9c01-4286-88d6-7e029b6768ac","local_time":"20201224190543","is_ascension_mode":true,"campfire_choices":[{"data":"Abandon","floor":6,"key":"SMITH"},{"data":"True Grit","floor":8,"key":"SMITH"},{"data":"Pummel","floor":11,"key":"SMITH"},{"data":"Inflame","floor":15,"key":"SMITH"},{"data":"Disarm","floor":23,"key":"SMITH"},{"floor":27,"key":"REST"},{"floor":32,"key":"REST"},{"floor":40,"key":"REST"},{"floor":47,"key":"REST"},{"data":"infinitespire:UltimateForm","floor":47,"key":"SMITH"},{"floor":49,"key":"REST"},{"data":"Assess","floor":49,"key":"SMITH"}],"circlet_count":0,"master_deck":["Bash","Disarm+1","Heavy Blade","ReplayTheSpireMod:Strike From Hell","Abandon+1","Pummel+1","True Grit+1","ReplayTheSpireMod:Corrosion Curse","Inflame+1","Pommel Strike","StuffTheSpire:Slingshot+1","Berserk+1","StuffTheSpire:Incineration","Rampage+1","Demon Form+1","Seeing Red+1","Life Link+1","Inflame","Twin Strike","Dual Wield+1","Sword Boomerang+1","Double Tap","Bloodletting","ReplayReversal+1","Whirlwind","hubris:ReadiedAction","Blood for Blood","Ghostly Armor","ReplayTheSpireMod:Limb From Limb","Carnage","True Grit","infinitespire:UltimateForm+1","ReplayTheSpireMod:Trickstab","Assess+1","Violence","Shrug It Off","Seeing Red+1","Bloodletting","ReplayTheSpireMod:Strike From Hell","Sentinel","Dropkick"],"relics":["Burning Blood","hubris:EmptyBottle","sagemod:Red_Beast_Statue","White Beast Statue","Onion Ring","infinitespire:EmpoweringShard","energizedSpire:DecayingSkull","halation:TwoAmDonut","vexMod:ImprovementManual","GolemAmulet","Dream Catcher","Replay:Towering Pillar of Hats","energizedSpire:StickyHand","hubris:GlazedTorus","Pandora\u0027s Box","Bottled Flame","infinitespire:Magic Flask","hubris:GlazedTorus","Toy Ornithopter"],"acts_visited":["Exordium","TheCity","TheBeyond"],"potions_floor_usage":[4,7,13,13,19,19,21,21,25,29,29,29,30,33,33,33,38,41,42,42,45,45,48,48,50,50,50,50],"damage_taken":[{"damage":3,"enemies":"2 Louse","floor":1,"turns":3},{"damage":11,"enemies":"Small Slimes","floor":4,"turns":3},{"damage":6,"enemies":"Cultist","floor":5,"turns":3},{"damage":56,"enemies":"3 Sentries","floor":7,"turns":9},{"damage":28,"enemies":"Gremlin Nob","floor":10,"turns":4},{"damage":9,"enemies":"Exordium Wildlife","floor":13,"turns":3},{"damage":0,"enemies":"Slime Boss","floor":16,"turns":5},{"damage":13,"enemies":"Chosen","floor":18,"turns":2},{"damage":0,"enemies":"Shell Parasite","floor":19,"turns":1},{"damage":9,"enemies":"3 Cultists","floor":21,"turns":4},{"damage":42,"enemies":"Book of Stabbing","floor":24,"turns":4},{"damage":10,"enemies":"Cultist and Chosen","floor":25,"turns":4},{"damage":3,"enemies":"Snake Plant","floor":28,"turns":2},{"damage":16,"enemies":"Centurion and Healer","floor":29,"turns":2},{"damage":38,"enemies":"Slavers","floor":30,"turns":2},{"damage":0,"enemies":"Snecko","floor":31,"turns":3},{"damage":42,"enemies":"bossMod:newCollector","floor":33,"turns":4},{"damage":33,"enemies":"3 Shapes","floor":35,"turns":3},{"damage":0,"enemies":"Orb Walker","floor":36,"turns":1},{"damage":54,"enemies":"Writhing Mass","floor":38,"turns":4},{"damage":0,"enemies":"Spire Growth","floor":41,"turns":2},{"damage":12,"enemies":"Nemesis","floor":42,"turns":3},{"damage":0,"enemies":"Maw","floor":44,"turns":4},{"damage":3,"enemies":"Reptomancer","floor":46,"turns":2},{"damage":28,"enemies":"Transient","floor":48,"turns":5},{"damage":77,"enemies":"bossMod:newShapes","floor":50,"turns":4}],"seed_played":"6275058544847667367","potions_obtained":[{"floor":1,"key":"FearPotion"},{"floor":3,"key":"sagemod:Wine"},{"floor":3,"key":"FairyPotion"},{"floor":10,"key":"Ancient Potion"},{"floor":13,"key":"LiquidBronze"},{"floor":16,"key":"GamblersBrew"},{"floor":18,"key":"DistilledChaos"},{"floor":19,"key":"DistilledChaos"},{"floor":21,"key":"BlessingOfTheForge"},{"floor":25,"key":"Weak Potion"},{"floor":29,"key":"CultistPotion"},{"floor":31,"key":"SkillPotion"},{"floor":33,"key":"sagemod:Wine"},{"floor":35,"key":"FearPotion"},{"floor":41,"key":"BlessingOfTheForge"},{"floor":42,"key":"Dexterity Potion"},{"floor":46,"key":"LiquidBronze"},{"floor":48,"key":"LiquidMemories"}],"is_trial":false,"path_per_floor":["M","?","?","M","M","R","E","R","T","E","R","$","M","T","R","B",null,"M","M","?","M","AVR","R","E","M","T","R","M","M","E","M","R","B",null,"M","M","AVR","M","?","R","M","E","T","M","$","E","R","M","R","B",null],"character_chosen":"IRONCLAD","items_purchased":["hubris:EmptyBottle","Inflame","Pommel Strike","hubris:GlazedTorus"],"campfire_rested":5,"item_purchase_floors":[0,12,12,45],"current_hp_per_floor":[74,74,74,69,69,69,19,19,19,30,30,30,27,27,27,33,80,73,79,79,76,76,76,40,36,36,60,63,53,21,27,51,15,80,53,59,59,11,11,35,41,35,35,41,41,44,68,56,80,19],"gold":292,"neow_bonus":"","is_daily":false,"chose_seed":false,"campfire_upgraded":7,"win_rate":0.0,"timestamp":1608851143,"path_taken":["M","?","?","?","M","R","E","R","T","E","R","$","M","?","R","BOSS","M","M","?","M","AVR","R","E","?","T","R","M","M","E","M","R","BOSS","M","M","AVR","M","?","R","M","E","T","M","$","E","R","M","R","BOSS"],"items_purchased_type":["Relic","Card","Card","Relic"],"build_version":"2020-12-22","purchased_purges":2,"victory":true,"max_hp_per_floor":[80,80,80,80,80,80,80,80,80,80,80,80,80,80,80,80,80,80,80,80,80,80,80,80,80,80,80,80,80,80,80,80,80,80,80,80,80,80,80,80,80,80,80,80,80,80,80,80,80,80],"card_choices":[{"not_picked":["Power Through","Run Through"],"picked":"ReplayTheSpireMod:Strike From Hell","floor":1},{"not_picked":["Sentinel","Warcry"],"picked":"Abandon","floor":4},{"not_picked":["Headbutt","Thunderclap"],"picked":"Pummel","floor":5},{"not_picked":["Replay:Many Hands","Reckless Charge"],"picked":"True Grit","floor":7},{"not_picked":["Thunderclap","Replay:Undeath\u0027s Touch"],"picked":"ReplayTheSpireMod:Corrosion Curse","floor":10},{"not_picked":["Perfected Strike","Disarm"],"picked":"StuffTheSpire:Slingshot","floor":13},{"not_picked":["Barricade","Fiend Fire"],"picked":"Berserk","floor":16},{"not_picked":["Searing Blow","Iron Wave"],"picked":"StuffTheSpire:Incineration","floor":18},{"not_picked":["Body Slam","Clash"],"picked":"Rampage","floor":19},{"not_picked":["Clothesline","Warcry"],"picked":"Seeing Red","floor":21},{"not_picked":["StuffTheSpire:RockThrow","Searing Blow","Sever Soul"],"picked":"SKIP","floor":24},{"not_picked":["Pommel Strike","ReplayTheSpireMod:Strike From Hell"],"picked":"Life Link+1","floor":25},{"not_picked":["Dark Embrace+1","Armaments+1"],"picked":"Inflame","floor":27},{"not_picked":["StuffTheSpire:RockThrow","Massacre","Fiend Fire"],"picked":"SKIP","floor":28},{"not_picked":["StuffTheSpire:RockThrow","Massacre","Fiend Fire"],"picked":"SKIP","floor":28},{"not_picked":["StuffTheSpire:RockThrow","Warcry"],"picked":"Twin Strike","floor":29},{"not_picked":["Armaments+1","Iron Wave"],"picked":"Dual Wield+1","floor":30},{"not_picked":["Fiend Fire","Twin Strike"],"picked":"Sword Boomerang+1","floor":31},{"not_picked":["Berserk","Corruption"],"picked":"Double Tap","floor":33},{"not_picked":["Bloodletting","ReplayReversal+1"],"picked":"Whirlwind","floor":35},{"not_picked":["StuffTheSpire:RagingBull","StuffTheSpire:Slingshot+1","StuffTheSpire:RockThrow"],"picked":"SKIP","floor":36},{"not_picked":["Wild Strike+1","Perfected Strike+1","Havoc"],"picked":"SKIP","floor":38},{"not_picked":["ReplayTheSpireMod:Trickstab","Violence"],"picked":"Assess","floor":39},{"not_picked":["Wild Strike","Battle Trance","Searing Blow+1"],"picked":"SKIP","floor":41},{"not_picked":["Infernal Blade+1","conspire:ExplosiveBarrier+1","Warcry+1"],"picked":"SKIP","floor":42},{"not_picked":["Rupture","Clothesline","Twin Strike"],"picked":"SKIP","floor":44},{"not_picked":["Berserk","StuffTheSpire:Slingshot+1","Carnage"],"picked":"SKIP","floor":46},{"not_picked":["Seeing Red+1","Bloodletting"],"picked":"Shrug It Off","floor":48},{"not_picked":["ReplayTheSpireMod:Strike From Hell","Dropkick"],"picked":"Sentinel","floor":49}],"player_experience":54760,"relics_obtained":[{"floor":9,"key":"White Beast Statue"},{"floor":10,"key":"Onion Ring"},{"floor":14,"key":"infinitespire:EmpoweringShard"},{"floor":24,"key":"GolemAmulet"},{"floor":26,"key":"Dream Catcher"},{"floor":30,"key":"Replay:Towering Pillar of Hats"},{"floor":42,"key":"Bottled Flame"},{"floor":43,"key":"infinitespire:Magic Flask"},{"floor":46,"key":"Toy Ornithopter"}],"event_choices":[{"damage_healed":0,"gold_gain":0,"player_choice":"Bought 2 Potions","damage_taken":0,"max_hp_gain":0,"max_hp_loss":0,"event_name":"The Woman in Blue","floor":3,"gold_loss":0},{"damage_healed":0,"gold_gain":0,"player_choice":"Read","damage_taken":0,"max_hp_gain":0,"max_hp_loss":0,"event_name":"The Library","floor":20,"gold_loss":0,"cards_obtained":["Demon Form"]},{"damage_healed":0,"gold_gain":0,"player_choice":"Memory 1","damage_taken":0,"max_hp_gain":0,"max_hp_loss":0,"event_name":"SensoryStone","floor":39,"gold_loss":0}],"is_beta":false,"boss_relics":[{"not_picked":["aspiration:DefectSkillbook","StuffTheSpire:RunicHypercube"],"picked":"energizedSpire:DecayingSkull"},{"not_picked":["Ooze Armor","halation:Prosthetics"],"picked":"energizedSpire:StickyHand"}],"items_purged_floors":[22,37],"is_endless":false,"potions_floor_spawned":[1,4,10,13,16,18,19,21,24,25,28,29,30,31,33,35,36,38,41,42,44,46,48],"ascension_level":1}}