{"host":"Teixeira","time":1608781651,"event":{"mods":["2.2 Compatiblity","AchievementEnabler","Aspiration","BaseMod","Better Match","Better Note","Better Sensory Stone","Better Skull","Better Third Choice","Colored Map","Colored Powertips","Downfall","Hermit","Hubris","Infinite Spire","Marked Mod","Minty Spire (QoL Compilation)","Permanent Neow","Quick Restart","Rare Cards Sparkle","Relic Filter","Replay The Spire","Spicy Shops","StSLib","SuperFastMode"],"gold_per_floor":[123,138,138,138,158,158,182,226,226,247,282,29,29,44,44,163,163,176,190,210,210,241,279,279,304,329,362,377,402,402,426,426,585,585,641,641,698,182,217,271,308,208,208,260,260,300,70,95,95,95,95,95,17,56,56],"floor_reached":56,"playtime":9105,"items_purged":["Guardian:Strike_Guardian","Guardian:Defend_Guardian"],"score":1786,"play_id":"34f0e10b-82f0-45dd-a43d-5128f10736e7","local_time":"20201224004731","is_ascension_mode":false,"campfire_choices":[{"data":"Guardian:Harden","floor":6.0,"key":"SMITH"},{"data":"Pot Of Greed","floor":13.0,"key":"SMITH"},{"data":"Pot Of Greed","floor":15.0,"key":"SMITH"},{"data":"Guardian:BaubleBeam","floor":30.0,"key":"SMITH"},{"data":"Guardian:PiercingHide","floor":32.0,"key":"SMITH"},{"floor":45,"key":"RECALL"},{"data":"Guardian:BaubleBeam","floor":52,"key":"SMITH"}],"circlet_count":0,"master_deck":["Guardian:Defend_Guardian","Guardian:CurlUp","Guardian:TwinSlam","Survivor","Guardian:SentryBeam+1","Phantasmal Killer","Dodge and Roll","Flechettes","Guardian:Harden+1","Guardian:PiercingHide","Pot Of Greed+1","Pot Of Greed+1","Guardian:Recover","Guardian:RollAttack","Guardian:RollAttack","Guardian:ArmoredProtocol+1","Guardian:BaubleBeam+1","Guardian:ChargeCore","Pot Of Greed","Guardian:PiercingHide+1","Guardian:DonusPower+1","Guardian:BaubleBeam+1","Mayhem+1","Guardian:FloatingOrbs+1","Mayhem+1"],"relics":["Guardian:ModeShifter","Ice Cream","Golden Idol","Frozen Egg 2","Happy Flower","Grinning Jar","Akabeko","Philosopher\u0027s Stone","Red Mask","ReplayTheSpireMod:TigerMarble","Pet Ghost","Toy Ornithopter","infinitespire:EvilPickle","aspiration:PoetsPen_weak","Shuriken","infinitespire:PuzzleCube","infinitespire:EmpoweringShard","Oddly Smooth Stone","DollysMirror","infinitespire:Satchel","Strange Spoon","hubris:TenFootPole"],"acts_visited":["Exordium","TheCity","TheBeyond","TheEnding"],"potions_floor_usage":[55,55],"damage_taken":[{"damage":0.0,"enemies":"Small Slimes","floor":1.0,"turns":3.0},{"damage":0.0,"enemies":"2 Louse","floor":2.0,"turns":3.0},{"damage":1.0,"enemies":"Jaw Worm","floor":5.0,"turns":2.0},{"damage":0.0,"enemies":"Red Slaver","floor":7.0,"turns":2.0},{"damage":0.0,"enemies":"Lagavulin","floor":8.0,"turns":6.0},{"damage":0.0,"enemies":"3 Louse","floor":10.0,"turns":2.0},{"damage":0.0,"enemies":"Replay:BlueRogue","floor":11.0,"turns":4.0},{"damage":0.0,"enemies":"Looter","floor":14.0,"turns":1.0},{"damage":0.0,"enemies":"Slime Boss","floor":16.0,"turns":9.0},{"damage":6.0,"enemies":"Spheric Guardian","floor":18.0,"turns":3.0},{"damage":0.0,"enemies":"Chosen","floor":19.0,"turns":4.0},{"damage":3.0,"enemies":"Shelled Parasite and Fungi","floor":20.0,"turns":3.0},{"damage":3.0,"enemies":"Masked Bandits","floor":22.0,"turns":3.0},{"damage":0.0,"enemies":"Slavers","floor":23.0,"turns":4.0},{"damage":0.0,"enemies":"Centurion and Healer","floor":25.0,"turns":3.0},{"damage":4.0,"enemies":"Gremlin Leader","floor":27.0,"turns":4.0},{"damage":0.0,"enemies":"Snecko","floor":28.0,"turns":3.0},{"damage":0.0,"enemies":"Snake Plant","floor":29.0,"turns":2.0},{"damage":0.0,"enemies":"Pondfish","floor":33.0,"turns":9.0},{"damage":2.0,"enemies":"3 Shapes","floor":35.0,"turns":3.0},{"damage":0.0,"enemies":"Orb Walker","floor":37.0,"turns":2.0},{"damage":0.0,"enemies":"Jaw Worm Horde","floor":39.0,"turns":2.0},{"damage":0.0,"enemies":"Reptomancer","floor":40.0,"turns":4.0},{"damage":0.0,"enemies":"3 Darklings","floor":41.0,"turns":2.0},{"damage":54,"enemies":"Nightmare","floor":44,"turns":5},{"damage":1,"enemies":"4 Shapes","floor":46,"turns":2},{"damage":0,"enemies":"Spire Growth","floor":48,"turns":2},{"damage":0,"enemies":"hubris:GrandSnecko","floor":50,"turns":4},{"damage":0,"enemies":"Shield and Spear","floor":54,"turns":3},{"damage":43,"enemies":"The Heart","floor":55,"turns":6}],"seed_played":"1554661022451707444","potions_obtained":[{"floor":2.0,"key":"sneckomod:MuddlingPotion"},{"floor":5.0,"key":"FairyPotion"},{"floor":8.0,"key":"Explosive Potion"},{"floor":11.0,"key":"Block Potion"},{"floor":18.0,"key":"FearPotion"},{"floor":22.0,"key":"LiquidBronze"},{"floor":28.0,"key":"SkillPotion"},{"floor":41.0,"key":"DistilledChaos"}],"is_trial":false,"path_per_floor":["M","M","?","?","M","R","M","E","T","M","E","$","R","M","R","B",null,"M","M","M","?","?","E","?","M","T","E","M","M","R","T","R","B",null,"M","?","M","$","M","E","M","$","T","NM","R","M","$","M","R_BF","B",null,"R","$","E","B",null],"character_chosen":"GUARDIAN","items_purchased":["Akabeko","Guardian:Gem_White","Guardian:RollAttack","Shuriken","Mayhem+1","DollysMirror","infinitespire:Satchel","Strange Spoon"],"campfire_rested":0,"item_purchase_floors":[12,12,12,38,38,47,47,53],"current_hp_per_floor":[80,80,80,80,79,79,79,79,79,79,79,79,79,79,79,79,80,74,74,71,71,68,68,68,68,68,64,64,64,64,64,64,64,80,78,78,78,78,78,78,78,78,78,24,24,23,23,31,55,55,80,80,80,80,41],"gold":56,"neow_bonus":"ONE_RARE_RELIC","is_daily":false,"chose_seed":false,"campfire_upgraded":6,"win_rate":0.0,"timestamp":1608781651,"path_taken":["M","M","?","?","M","R","M","E","T","M","E","?","R","M","R","BOSS","M","M","M","?","?","E","?","M","T","E","M","?","R","?","R","BOSS","M","?","M","$","M","E","?","?","T","NM","R","?","$","M","R_BF","BOSS","R","$","E","BOSS"],"items_purchased_type":["Relic","Card","Card","Relic","Card","Relic","Relic","Relic"],"build_version":"2020-11-17","purchased_purges":2,"victory":true,"max_hp_per_floor":[80,80,80,80,80,80,80,80,80,80,80,80,80,80,80,80,80,80,80,80,80,80,80,80,80,80,80,80,80,80,80,80,80,80,80,80,80,80,80,80,80,80,80,80,80,80,80,80,80,80,80,80,80,80,80],"card_choices":[{"not_picked":["Guardian:VentSteam","Guardian:Gem_White"],"picked":"Guardian:SentryBeam","floor":1.0},{"not_picked":["Guardian:ChargeUp","Guardian:Planning"],"picked":"Guardian:Gem_Crimson","floor":2.0},{"not_picked":["Guardian:Gem_Lightblue","Guardian:MultiBeam"],"picked":"Guardian:Harden","floor":5.0},{"not_picked":["Guardian:PrimingBeam","Guardian:BronzeArmor"],"picked":"Guardian:PiercingHide","floor":7.0},{"not_picked":["Guardian:HyperBeam_Guardian","Guardian:ShieldSpikes","Guardian:PrimingBeam"],"picked":"SKIP","floor":8.0},{"not_picked":["Guardian:WalkerClaw","Guardian:Suspension","Guardian:TemporalShield"],"picked":"SKIP","floor":10.0},{"not_picked":["Guardian:BronzeOrb","Guardian:Recover","Guardian:PrimingBeam"],"picked":"SKIP","floor":11.0},{"not_picked":["Guardian:BronzeOrb","Guardian:PrimingBeam"],"picked":"Guardian:Recover","floor":11.0},{"not_picked":["Guardian:PrismaticBeam","Guardian:ChargeCore"],"picked":"Guardian:ArmoredProtocol+1","floor":14.0},{"not_picked":["Guardian:RevengeProtocol+1","Guardian:Gem_Synthetic"],"picked":"Guardian:BaubleBeam","floor":16.0},{"not_picked":["Guardian:Planning","Guardian:TemporalStrike","Guardian:CrystalBeam"],"picked":"SKIP","floor":18.0},{"not_picked":["Guardian:WalkerClaw","Guardian:BronzeOrb"],"picked":"Guardian:Gem_Red","floor":19.0},{"not_picked":["Guardian:PolyBeam","Guardian:TemporalShield"],"picked":"Guardian:ChargeCore","floor":20.0},{"not_picked":["Guardian:BronzeOrb+1","Guardian:VentSteam"],"picked":"Guardian:Gem_Green","floor":22.0},{"not_picked":["Guardian:Recover","Guardian:Emergency+1"],"picked":"Guardian:PiercingHide","floor":23.0},{"not_picked":["Guardian:RollAttack","Guardian:RevengeProtocol+1","Guardian:VentSteam"],"picked":"SKIP","floor":25.0},{"not_picked":["Guardian:Suspension+1","Guardian:WalkerClaw+1"],"picked":"Guardian:Gem_Orange","floor":27.0},{"not_picked":["Guardian:CrystalBeam","Guardian:Gem_Red"],"picked":"Guardian:DonusPower+1","floor":28.0},{"not_picked":["Guardian:BronzeArmor+1","Guardian:Planning","Guardian:DonusPower"],"picked":"SKIP","floor":29.0},{"not_picked":["Guardian:TimeSifter+1","Guardian:ConstructionForm+1"],"picked":"Guardian:BaubleBeam","floor":33.0},{"not_picked":["Guardian:ShieldSpikes","Guardian:Planning+1"],"picked":"Guardian:Gem_Red","floor":35.0},{"not_picked":["Guardian:CrystalBeam+1","Guardian:RollAttack+1","Guardian:WalkerClaw"],"picked":"SKIP","floor":37.0},{"not_picked":["Guardian:Gem_Cyan","Guardian:PiercingHide+1","Guardian:DonusPower"],"picked":"SKIP","floor":39.0},{"not_picked":["Guardian:AncientConstruct+1","Guardian:ShieldCharger"],"picked":"Guardian:FloatingOrbs+1","floor":40.0},{"not_picked":["Guardian:Planning+1","Guardian:ChargeCore","Guardian:Gem_Lightblue"],"picked":"SKIP","floor":41.0},{"not_picked":["Guardian:Planning+1","Guardian:ChargeCore"],"picked":"Guardian:Gem_Lightblue","floor":41.0},{"not_picked":["Guardian:PrismaticBeam+1","Guardian:Recover","Guardian:Gem_Fragmented"],"picked":"SKIP","floor":44},{"not_picked":["Guardian:Preprogram+1","Guardian:ConstructionForm+1","Guardian:TimeCapacitor+1"],"picked":"SKIP","floor":46},{"not_picked":["Guardian:PrismaticBarrier","Guardian:GuardianWhirl","Guardian:PrimingBeam+1"],"picked":"SKIP","floor":48},{"not_picked":["Guardian:Recover+1","Guardian:DecasProtection","Guardian:PrismaticBeam"],"picked":"SKIP","floor":54}],"player_experience":120515,"relics_obtained":[{"floor":8.0,"key":"Frozen Egg 2"},{"floor":9.0,"key":"Happy Flower"},{"floor":11.0,"key":"Grinning Jar"},{"floor":22.0,"key":"Red Mask"},{"floor":23.0,"key":"ReplayTheSpireMod:TigerMarble"},{"floor":27.0,"key":"Pet Ghost"},{"floor":31.0,"key":"Toy Ornithopter"},{"floor":40.0,"key":"infinitespire:PuzzleCube"},{"floor":43,"key":"infinitespire:EmpoweringShard"},{"floor":44,"key":"Oddly Smooth Stone"},{"floor":54,"key":"hubris:TenFootPole"}],"event_choices":[{"cards_removed":["Pot Of Greed"],"damage_healed":0.0,"max_hp_gain":0.0,"max_hp_loss":0.0,"gold_gain":0.0,"event_name":"betterNote:BetterNote","player_choice":"Give","floor":21.0,"gold_loss":0.0,"damage_taken":0.0,"cards_obtained":["Corpse Explosion"]},{"damage_healed":0.0,"max_hp_gain":0.0,"max_hp_loss":0.0,"gold_gain":0.0,"event_name":"Masked Bandits","player_choice":"Fought Bandits","floor":22.0,"gold_loss":0.0,"damage_taken":0.0},{"cards_removed":["Guardian:Strike_Guardian"],"damage_healed":0.0,"max_hp_gain":0.0,"max_hp_loss":0.0,"gold_gain":0.0,"event_name":"Wheel of Change","player_choice":"Card Removal","floor":36.0,"gold_loss":0.0,"damage_taken":0.0}],"is_beta":true,"boss_relics":[{"not_picked":["hubris:GrandSneckoEye","Honey Jar"],"picked":"Philosopher\u0027s Stone"},{"not_picked":["Busted Crown","aspiration:SecretTechniqueScroll"],"picked":"aspiration:PoetsPen_weak"}],"items_purged_floors":[38,42],"is_endless":false,"potions_floor_spawned":[2,5,8,11,14,18,19,22,28,37,41,44,46,48,54],"ascension_level":0}}