{"host":"gflyg4oztsw2ozs7","time":1608832407,"event":{"mods":["AchievementEnabler","BaseMod","DeckTracker","Minty Spire (QoL Compilation)","Permanent Neow","StSLib","SuperFastMode"],"gold_per_floor":[112,112,112,122,141,170,170,185,185,197,197,211,211,229,229,328,328,343,343,343,362,380,415,415,415,415,443,461,474,574,587,587,687,687,699,699,699,699,733,733],"floor_reached":41,"playtime":1466,"items_purged":[],"score":1533,"play_id":"25fc2fd5-0110-464f-baf5-acd04323e2ca","local_time":"20201225025327","is_ascension_mode":false,"campfire_choices":[{"floor":13,"key":"REST"},{"floor":15,"key":"RECALL"},{"floor":24,"key":"REST"},{"floor":32,"key":"REST"},{"floor":37,"key":"REST"}],"circlet_count":0,"master_deck":["Adaptation+1","MentalFortress+1","Tantrum+1","FearNoEvil+1"],"relics":["PureWater","Damaru","Singing Bowl","HornCleat","Fusion Hammer","Shuriken","Blue Candle","Oddly Smooth Stone","Toxic Egg 2"],"acts_visited":["Exordium","TheCity","TheBeyond","TheEnding"],"potions_floor_usage":[],"damage_taken":[{"damage":16,"enemies":"Jaw Worm","floor":1,"turns":4},{"damage":15,"enemies":"Small Slimes","floor":4,"turns":2},{"damage":0,"enemies":"Cultist","floor":5,"turns":1},{"damage":0,"enemies":"Gremlin Nob","floor":6,"turns":2},{"damage":0,"enemies":"3 Louse","floor":8,"turns":1},{"damage":0,"enemies":"Lots of Slimes","floor":10,"turns":1},{"damage":0,"enemies":"2 Fungi Beasts","floor":12,"turns":2},{"damage":0,"enemies":"Large Slime","floor":14,"turns":2},{"damage":0,"enemies":"The Guardian","floor":16,"turns":2},{"damage":0,"enemies":"2 Thieves","floor":18,"turns":1},{"damage":6,"enemies":"Spheric Guardian","floor":21,"turns":2},{"damage":9,"enemies":"Chosen and Byrds","floor":22,"turns":3},{"damage":0,"enemies":"Book of Stabbing","floor":23,"turns":2},{"damage":0,"enemies":"Gremlin Leader","floor":27,"turns":1},{"damage":0,"enemies":"Cultist and Chosen","floor":28,"turns":1},{"damage":0,"enemies":"Shelled Parasite and Fungi","floor":29,"turns":1},{"damage":0,"enemies":"Centurion and Healer","floor":31,"turns":1},{"damage":0,"enemies":"Champ","floor":33,"turns":1},{"damage":0,"enemies":"3 Darklings","floor":35,"turns":1},{"damage":12,"enemies":"Donu and Deca","floor":35,"turns":3},{"damage":0,"enemies":"Shield and Spear","floor":39,"turns":1},{"damage":64,"enemies":"The Heart","floor":40,"turns":5}],"seed_played":"-2615413481099225533","potions_obtained":[{"floor":4,"key":"SteroidPotion"},{"floor":5,"key":"Regen Potion"},{"floor":7,"key":"Ancient Potion"}],"is_trial":false,"path_per_floor":["M","?","?","M","M","E","?","M","T","M","$","M","R","M","R","B",null,"M","?","?","M","M","E","R","T","T","E","M","M","?","M","R","B",null,"M",null,"R","$","E","B",null],"character_chosen":"WATCHER","items_purchased":[],"campfire_rested":4,"item_purchase_floors":[],"current_hp_per_floor":[56,49,49,34,34,36,36,38,38,40,40,42,66,66,66,66,80,82,66,66,62,55,57,84,84,84,86,88,90,90,92,101,103,103,93,105,105,105,107,43],"gold":733,"neow_bonus":"TRANSFORM_CARD","is_daily":false,"chose_seed":false,"campfire_upgraded":0,"win_rate":0.0,"timestamp":1608832407,"path_taken":["M","?","?","?","M","E","?","M","T","?","$","M","R","M","R","BOSS","M","?","?","M","M","E","R","?","T","E","M","M","?","M","R","BOSS","M","BOSS","R","$","E","BOSS"],"items_purchased_type":[],"build_version":"2020-12-22","purchased_purges":0,"victory":true,"max_hp_per_floor":[72,72,72,72,72,74,74,76,76,78,78,80,80,80,80,80,80,82,87,87,89,91,93,93,93,93,95,97,99,99,101,101,103,103,105,105,105,105,107,107],"card_choices":[{"not_picked":["Prostrate","Wallop"],"picked":"EmptyBody","floor":1},{"not_picked":["SashWhip","ReachHeaven","FlurryOfBlows"],"picked":"SKIP","floor":4},{"not_picked":["SashWhip","ReachHeaven","FlurryOfBlows"],"picked":"SKIP","floor":4},{"not_picked":["EmptyBody","ClearTheMind","CutThroughFate"],"picked":"SKIP","floor":5},{"not_picked":["Evaluate","LikeWater","Scrawl"],"picked":"Singing Bowl","floor":6},{"not_picked":["PathToVictory","ClearTheMind","Consecrate"],"picked":"Singing Bowl","floor":8},{"not_picked":["Prostrate","Protect","Wallop"],"picked":"Singing Bowl","floor":10},{"not_picked":["CarveReality","Meditate","Swivel"],"picked":"Singing Bowl","floor":12},{"not_picked":["LikeWater","CutThroughFate","CarveReality"],"picked":"SKIP","floor":14},{"not_picked":["Establishment","DeusExMachina"],"picked":"Vault","floor":16},{"not_picked":["FlurryOfBlows","Study","CarveReality"],"picked":"Singing Bowl","floor":18},{"not_picked":["EmptyBody","CarveReality+1","Halt"],"picked":"Singing Bowl","floor":21},{"not_picked":["Evaluate","EmptyFist+1","Fasting2+1"],"picked":"Singing Bowl","floor":22},{"not_picked":["CrushJoints+1","EmptyFist","Establishment"],"picked":"Singing Bowl","floor":23},{"not_picked":["Evaluate","Study","WaveOfTheHand"],"picked":"Singing Bowl","floor":27},{"not_picked":["ThirdEye+1","BowlingBash","EmptyFist+1"],"picked":"Singing Bowl","floor":28},{"not_picked":["Vengeance","BowlingBash+1","JustLucky"],"picked":"Singing Bowl","floor":29},{"not_picked":["SandsOfTime","EmptyBody","Tantrum+1"],"picked":"Singing Bowl","floor":31},{"not_picked":["Establishment","ConjureBlade","Vault"],"picked":"Singing Bowl","floor":33},{"not_picked":["FlyingSleeves","CutThroughFate+1","CrushJoints+1"],"picked":"Singing Bowl","floor":35},{"not_picked":["WheelKick+1","DeusExMachina+1","ThirdEye+1"],"picked":"Singing Bowl","floor":39}],"player_experience":77630,"relics_obtained":[{"floor":6,"key":"Singing Bowl"},{"floor":9,"key":"HornCleat"},{"floor":23,"key":"Shuriken"},{"floor":26,"key":"Blue Candle"},{"floor":27,"key":"Oddly Smooth Stone"},{"floor":39,"key":"Toxic Egg 2"}],"event_choices":[{"damage_healed":0,"gold_gain":0,"player_choice":"Success","damage_taken":7,"relics_obtained":["Damaru"],"max_hp_gain":0,"max_hp_loss":0,"event_name":"Scrap Ooze","floor":2,"gold_loss":0},{"damage_healed":0,"gold_gain":0,"cards_transformed":["Defend_P"],"player_choice":"Transformed","damage_taken":0,"max_hp_gain":0,"max_hp_loss":0,"event_name":"Transmorgrifier","floor":3,"gold_loss":0,"cards_obtained":["Judgement"]},{"damage_healed":0,"gold_gain":0,"player_choice":"Got Potions","damage_taken":0,"max_hp_gain":0,"max_hp_loss":0,"event_name":"Lab","floor":7,"gold_loss":0},{"damage_healed":0,"gold_gain":0,"player_choice":"Shed Blood","damage_taken":21,"max_hp_gain":5,"max_hp_loss":0,"event_name":"Forgotten Altar","floor":19,"gold_loss":0},{"damage_healed":0,"gold_gain":0,"player_choice":"Obtain J.A.X.","damage_taken":0,"max_hp_gain":0,"max_hp_loss":0,"event_name":"Drug Dealer","floor":20,"gold_loss":0,"cards_obtained":["J.A.X."]},{"damage_healed":0,"gold_gain":100,"player_choice":"Pray","damage_taken":0,"max_hp_gain":0,"max_hp_loss":0,"event_name":"Golden Shrine","floor":30,"gold_loss":0}],"is_beta":false,"boss_relics":[{"not_picked":["Black Star","Coffee Dripper"],"picked":"Fusion Hammer"},{"not_picked":["Runic Dome","Empty Cage","Snecko Eye"]}],"items_purged_floors":[],"is_endless":false,"potions_floor_spawned":[4,5,14,16,21,22,28,29,33,35],"ascension_level":0}}