{"host":"sdl5b0uiznq00owb","time":1608773863,"event":{"mods":["BaseMod","Minty Spire (QoL Compilation)","Permanent Neow","Relic Stats"],"gold_per_floor":[110,124,136,136,153,153,153,30,30,62,62,90,119,129,129,225,225,236,40,60,60,79,79,93,93,118,151,151,151,151],"floor_reached":29,"playtime":2326,"items_purged":["Strike_B","Strike_B"],"score":424,"play_id":"eceb9e8a-4409-4ce2-8c79-a120af5c9d55","local_time":"20201223193743","is_ascension_mode":true,"campfire_choices":[{"data":"Cold Snap","floor":6,"key":"SMITH"},{"floor":11,"key":"REST"},{"floor":15,"key":"REST"},{"data":"Creative AI","floor":23,"key":"SMITH"},{"floor":25,"key":"REST"},{"floor":28,"key":"REST"}],"circlet_count":0,"master_deck":["Strike_B","Strike_B","Defend_B","Defend_B","Defend_B","Defend_B","Zap","Dualcast","Cold Snap+1","Go for the Eyes","Conserve Battery","Sweeping Beam","Chill+1","Coolheaded+1","Creative AI+1","Coolheaded+1","Panacea+1","Loop","Consume+1","FTL","Barrage+1"],"relics":["FrozenCore","Calipers","Toxic Egg 2","Pocketwatch","Odd Mushroom","Shuriken","PreservedInsect","Bottled Tornado"],"acts_visited":["Exordium","TheCity"],"potions_floor_usage":[10,10,27],"damage_taken":[{"damage":8,"enemies":"Jaw Worm","floor":1,"turns":4},{"damage":3,"enemies":"2 Louse","floor":2,"turns":2},{"damage":1,"enemies":"Cultist","floor":3,"turns":3},{"damage":15,"enemies":"3 Louse","floor":5,"turns":3},{"damage":9,"enemies":"Lagavulin","floor":10,"turns":7},{"damage":18,"enemies":"The Mushroom Lair","floor":12,"turns":4},{"damage":5,"enemies":"3 Sentries","floor":13,"turns":12},{"damage":7,"enemies":"Large Slime","floor":14,"turns":6},{"damage":0,"enemies":"The Guardian","floor":16,"turns":14},{"damage":6,"enemies":"Shell Parasite","floor":18,"turns":11},{"damage":0,"enemies":"Chosen","floor":20,"turns":10},{"damage":20,"enemies":"Snake Plant","floor":22,"turns":10},{"damage":17,"enemies":"Centurion and Healer","floor":24,"turns":8},{"damage":38,"enemies":"Slavers","floor":27,"turns":7},{"damage":31,"enemies":"Masked Bandits","floor":29,"turns":3}],"seed_played":"7135040343789377836","potions_obtained":[{"floor":3,"key":"LiquidMemories"},{"floor":5,"key":"Block Potion"},{"floor":10,"key":"FearPotion"},{"floor":13,"key":"SpeedPotion"},{"floor":22,"key":"Dexterity Potion"}],"is_trial":false,"path_per_floor":["M","M","M","?","M","R","?","$","T","E","R","?","E","M","R","B",null,"M","$","M","?","M","R","M","R","T","E","R","?"],"character_chosen":"DEFECT","items_purchased":["AttackPotion","Panacea+1"],"campfire_rested":4,"item_purchase_floors":[8,19],"current_hp_per_floor":[60,57,56,56,41,41,46,46,46,37,58,40,35,28,49,49,67,61,61,61,61,41,41,24,45,45,7,28,0,0],"gold":151,"neow_bonus":"ONE_RARE_RELIC","is_daily":false,"chose_seed":false,"campfire_upgraded":2,"win_rate":0.0,"timestamp":1608773863,"path_taken":["M","M","M","?","M","R","?","$","T","E","R","?","E","M","R","BOSS","M","$","M","?","M","R","M","R","T","E","R","?"],"items_purchased_type":["Potion","Card"],"build_version":"2020-12-22","purchased_purges":2,"victory":false,"max_hp_per_floor":[68,68,68,68,68,68,73,73,73,73,73,73,73,73,73,73,73,73,73,73,73,73,73,73,73,73,73,73,73,73],"relic_stats":{"counters":[15,104],"Shuriken":[18],"PreservedInsect":42,"obtain_stats":[{"Calipers":0,"Shuriken":13,"PreservedInsect":26,"Toxic Egg 2":9,"Odd Mushroom":12,"Bottled Tornado":27,"Cracked Core":0,"Pocketwatch":10,"FrozenCore":17},{"Calipers":0,"Shuriken":7,"PreservedInsect":13,"Toxic Egg 2":4,"Odd Mushroom":6,"Bottled Tornado":14,"Cracked Core":0,"Pocketwatch":5,"FrozenCore":9},{"Calipers":0,"Shuriken":35,"PreservedInsect":94,"Toxic Egg 2":12,"Odd Mushroom":23,"Bottled Tornado":101,"Cracked Core":0,"Pocketwatch":19,"FrozenCore":55}],"FrozenCore":[9],"Pocketwatch":[96]},"card_choices":[{"not_picked":["Streamline","Auto Shields","Steam Power"],"picked":"SKIP","floor":1},{"not_picked":["Scrape","BootSequence"],"picked":"Cold Snap","floor":2},{"not_picked":["BootSequence","Tempest"],"picked":"Go for the Eyes","floor":3},{"not_picked":["Turbo","Storm"],"picked":"Conserve Battery","floor":5},{"not_picked":["Static Discharge","Stack+1"],"picked":"Sweeping Beam","floor":10},{"not_picked":["Hello World","Turbo+1"],"picked":"Chill+1","floor":12},{"not_picked":["Ball Lightning","Stack+1"],"picked":"Coolheaded+1","floor":13},{"not_picked":["Electrodynamics","Stack+1","Aggregate+1"],"picked":"SKIP","floor":14},{"not_picked":["Electrodynamics","Hyperbeam"],"picked":"Creative AI","floor":16},{"not_picked":["Gash","Skim+1"],"picked":"Coolheaded+1","floor":18},{"not_picked":["Skim+1","Coolheaded+1"],"picked":"Loop","floor":20},{"not_picked":["Go for the Eyes","Beam Cell"],"picked":"Consume+1","floor":22},{"not_picked":["Ball Lightning","Melter+1"],"picked":"FTL","floor":24},{"not_picked":["Sunder","Hyperbeam"],"picked":"Barrage+1","floor":27}],"player_experience":684587,"relics_obtained":[{"floor":9,"key":"Toxic Egg 2"},{"floor":10,"key":"Pocketwatch"},{"floor":12,"key":"Odd Mushroom"},{"floor":13,"key":"Shuriken"},{"floor":26,"key":"PreservedInsect"},{"floor":27,"key":"Bottled Tornado"}],"event_choices":[{"damage_healed":0,"gold_gain":0,"player_choice":"Ignored","damage_taken":0,"max_hp_gain":0,"max_hp_loss":0,"event_name":"Liars Game","floor":4,"gold_loss":0},{"damage_healed":0,"gold_gain":0,"player_choice":"Donut","damage_taken":0,"max_hp_gain":5,"max_hp_loss":0,"event_name":"Big Fish","floor":7,"gold_loss":0},{"damage_healed":0,"gold_gain":0,"player_choice":"Fought Mushrooms","damage_taken":0,"max_hp_gain":0,"max_hp_loss":0,"event_name":"Mushrooms","floor":12,"gold_loss":0},{"damage_healed":0,"gold_gain":0,"player_choice":"Ignored","damage_taken":0,"max_hp_gain":0,"max_hp_loss":0,"event_name":"Ghosts","floor":21,"gold_loss":0},{"damage_healed":0,"gold_gain":0,"player_choice":"Fought Bandits","damage_taken":0,"max_hp_gain":0,"max_hp_loss":0,"event_name":"Masked Bandits","floor":29,"gold_loss":0}],"is_beta":false,"boss_relics":[{"not_picked":["Calling Bell","Nuclear Battery"],"picked":"FrozenCore"}],"items_purged_floors":[8,19],"is_endless":false,"potions_floor_spawned":[3,5,10,13,22],"killed_by":"Masked Bandits","ascension_level":8}}