{"host":"nb3r5a3er9rrnn3n","time":1608812141,"event":{"mods":["BaseMod","Colored Map","Downfall","Minty Spire (QoL Compilation)","StSLib"],"gold_per_floor":[99,110,124,274,20,20,47,65,65,65,97,114,133,133,150,251,251,251,266,266,18,103,103,103,103,103,116,145,145,145,160,172,269,269,269,282,432,443,458,475,555,273,285,285,309,19,34,49,62,62],"floor_reached":51,"playtime":2441,"items_purged":["Slimebound:Icky","champ:Defend"],"score":939,"play_id":"ccf24e91-c46a-4c5f-b8c1-a1fcb141607c","local_time":"20201224231541","is_ascension_mode":true,"campfire_choices":[{"data":"champ:Improvising","floor":1,"key":"SMITH"},{"data":"champ:Aggression","floor":6,"key":"SMITH"},{"data":"expansioncontent:GuardianWhirl","floor":18,"key":"SMITH"},{"floor":26,"key":"REST"},{"data":"expansioncontent:Flail","floor":29,"key":"SMITH"},{"data":"champ:GladiatorStyle","floor":35,"key":"SMITH"}],"circlet_count":0,"master_deck":["champ:Defend","champ:Defend","champ:Improvising+1","champ:GladiatorStyle+1","champ:Aggression+1","champ:RecklessLeap","expansioncontent:GuardianWhirl+1","champ:BringItOn","champ:DeathBlow","champ:GladiatorsShout","champ:BringItOn","champ:HoldFirm","champ:RisingSlash+1","champ:Haymaker+1","expansioncontent:Flail+1","Slimebound:Tackle+1","Slimebound:Tackle+1","Slimebound:Tackle+1","champ:GladiatorsShout+1","Ghostly","Ghostly","Ghostly","Ghostly","Ghostly","champ:RapidStrikes+1","champ:EnGarde+1","champ:Control+1","champ:RageSigil+1","expansioncontent:DashGenerateEvil","champ:GladiatorsShout+1","champ:GladiatorStyle","champ:RageSigil+1","champ:ShieldSigil+1"],"relics":["champ:ChampionCrown","champ:GladiatorsBookOfMartialProwess","Pantograph","champ:PowerArmor","downfall:RedIOU","hexamod:BolsterEngine","Matryoshka","Astrolabe","Lantern","Question Card","Mummified Hand","Happy Flower","StoneCalendar","Centennial Puzzle"],"acts_visited":["Exordium","TheCity","TheBeyond"],"potions_floor_usage":[5,12,13,16,27,28,40,50,50,50],"damage_taken":[{"damage":5,"enemies":"Jaw Worm","floor":2,"turns":6},{"damage":5,"enemies":"Small Slimes","floor":3,"turns":3},{"damage":10,"enemies":"downfall:FleeingMerchant","floor":5,"turns":4},{"damage":0,"enemies":"2 Louse","floor":8,"turns":1},{"damage":23,"enemies":"Gremlin Nob","floor":11,"turns":3},{"damage":2,"enemies":"Exordium Thugs","floor":12,"turns":3},{"damage":0,"enemies":"3 Louse","floor":13,"turns":1},{"damage":10,"enemies":"Blue Slaver","floor":15,"turns":3},{"damage":68,"enemies":"downfall:Ironclad","floor":16,"turns":9},{"damage":25,"enemies":"Chosen","floor":19,"turns":4},{"damage":30,"enemies":"downfall:FleeingMerchant","floor":21,"turns":4},{"damage":15,"enemies":"Chosen and Byrds","floor":27,"turns":3},{"damage":47,"enemies":"Slavers","floor":28,"turns":2},{"damage":42,"enemies":"Centurion and Healer","floor":31,"turns":5},{"damage":14,"enemies":"3 Cultists","floor":32,"turns":4},{"damage":11,"enemies":"downfall:Defect","floor":33,"turns":6},{"damage":0,"enemies":"3 Shapes","floor":36,"turns":3},{"damage":0,"enemies":"Orb Walker","floor":38,"turns":5},{"damage":3,"enemies":"Transient","floor":39,"turns":5},{"damage":8,"enemies":"4 Shapes","floor":40,"turns":5},{"damage":17,"enemies":"downfall:FleeingMerchant","floor":42,"turns":4},{"damage":5,"enemies":"Spire Growth","floor":43,"turns":4},{"damage":0,"enemies":"downfall:FleeingMerchant","floor":46,"turns":3},{"damage":10,"enemies":"Jaw Worm Horde","floor":47,"turns":3},{"damage":21,"enemies":"3 Darklings","floor":48,"turns":4},{"damage":10,"enemies":"Spire Growth","floor":49,"turns":3},{"damage":1,"enemies":"downfall:Watcher","floor":50,"turns":4}],"seed_played":"-2599543628585871526","potions_obtained":[{"floor":2,"key":"DistilledChaos"},{"floor":3,"key":"Swift Potion"},{"floor":8,"key":"Weak Potion"},{"floor":10,"key":"Slimebound:ThreeZeroPotion"},{"floor":10,"key":"BlessingOfTheForge"},{"floor":12,"key":"SneckoOil"},{"floor":19,"key":"Block Potion"},{"floor":28,"key":"Dexterity Potion"},{"floor":33,"key":"Energy Potion"},{"floor":43,"key":"SpeedPotion"},{"floor":49,"key":"EntropicBrew"}],"is_trial":false,"path_per_floor":["R","M","M","?","$","R","T","M","?","?","E","M","M","?","M","B",null,"R","M","?","$","?","?","T","?","R","M","E","R","?","M","M","B",null,"R","M","?","M","M","M","T","$","M","?","T","$","M","M","M","B",null],"character_chosen":"THE_CHAMP","items_purchased":["champ:RecklessLeap","expansioncontent:GuardianWhirl","hexamod:BolsterEngine","expansioncontent:Flail","expansioncontent:DashGenerateEvil","champ:GladiatorStyle","champ:UltimateStancePotion","StoneCalendar","Centennial Puzzle"],"campfire_rested":1,"item_purchase_floors":[5,5,21,21,42,46,46,46,46],"current_hp_per_floor":[81,81,81,81,81,81,81,81,81,81,73,71,71,46,46,28,68,68,68,68,68,50,50,50,35,75,75,43,43,43,25,36,43,43,43,43,43,43,43,43,43,43,43,43,43,43,43,40,40,43],"gold":62,"neow_bonus":"THREE_RARE_CARDS","is_daily":false,"chose_seed":false,"campfire_upgraded":5,"win_rate":0.0,"timestamp":1608812141,"path_taken":["R","M","M","?","$","R","T","M","?","?","E","?","M","?","M","BOSS","R","M","?","$","?","?","T","?","R","M","E","R","?","M","M","BOSS","R","M","?","?","M","M","T","$","M","?","?","$","M","M","M","BOSS"],"items_purchased_type":["Card","Card","Relic","Card","Card","Card","Potion","Relic","Relic"],"build_version":"2020-12-22","purchased_purges":2,"victory":true,"max_hp_per_floor":[81,81,81,81,81,81,81,81,81,81,81,81,81,81,81,81,81,81,81,81,81,81,81,81,86,86,86,86,86,43,43,43,43,43,43,43,43,43,43,43,43,43,43,43,43,43,43,43,43,43],"card_choices":[{"not_picked":["champ:HeavySlash","champ:StrikeOfGenius"],"picked":"champ:Improvising","floor":0},{"not_picked":["champ:FlashCut","champ:GladiatorsShout"],"picked":"champ:GladiatorStyle","floor":2},{"not_picked":["champ:PerfectedStrike","champ:FlashCut","champ:BerserkersShout"],"picked":"SKIP","floor":3},{"not_picked":["champ:Encircle","champ:HeartStrike"],"picked":"champ:Aggression","floor":5},{"not_picked":["champ:Duel","champ:Lariat"],"picked":"champ:BringItOn","floor":8},{"not_picked":["champ:DefensiveStyle","champ:HeartStrike"],"picked":"champ:DeathBlow","floor":11},{"not_picked":["champ:SwordSigil","champ:GutPunch"],"picked":"champ:GladiatorsShout","floor":12},{"not_picked":["champ:Riposte","champ:FanOfKnives","champ:BerserkersShout"],"picked":"SKIP","floor":13},{"not_picked":["champ:StanceDance","champ:TornadoPunch"],"picked":"champ:BringItOn","floor":15},{"not_picked":["champ:SteelEdge","champ:EnchantCrown"],"picked":"champ:HoldFirm","floor":16},{"not_picked":["champ:AdrenalArmor+1","champ:EndlessRage"],"picked":"champ:RisingSlash+1","floor":19},{"not_picked":["champ:GutPunch","champ:ShieldSigil+1"],"picked":"champ:Haymaker+1","floor":21},{"not_picked":["champ:EnGarde","champ:TornadoPunch+1","champ:Circumvent+1"],"picked":"SKIP","floor":27},{"not_picked":["champ:BerserkersShout+1","champ:StanceDance"],"picked":"champ:GladiatorsShout+1","floor":28},{"not_picked":["champ:RageSigil","champ:HeartStrike","champ:StanceDance"],"picked":"SKIP","floor":31},{"not_picked":["champ:HeavySlash","champ:FocusedGladiator","champ:SwordSigil"],"picked":"SKIP","floor":32},{"not_picked":["champ:Backstep","champ:FalseCounter+1","champ:GladiatorsShout"],"picked":"SKIP","floor":36},{"not_picked":["champ:BladeFlurry","champ:FalseCounter","champ:FlashCut+1"],"picked":"SKIP","floor":38},{"not_picked":["champ:VampiricStrike","champ:Haymaker"],"picked":"champ:RageSigil+1","floor":39},{"not_picked":["champ:FaceSlap+1","champ:ViciousMockery+1","champ:Shatter"],"picked":"SKIP","floor":40},{"not_picked":["champ:DefensiveShout+1","champ:RapidStrikes+1","champ:FocusedBerserking","champ:ShieldThrow"],"picked":"SKIP","floor":42},{"not_picked":["champ:RisingSlash+1","champ:EnragedBash","champ:BringItOn"],"picked":"champ:GladiatorsShout+1","floor":43},{"not_picked":["champ:Lariat+1","champ:DefensiveShout+1","champ:RageSigil","champ:HoldFirm"],"picked":"SKIP","floor":46},{"not_picked":["champ:AdrenalArmor+1","champ:Circumvent","champ:FocusedDefense+1","champ:BringItOn"],"picked":"SKIP","floor":47},{"not_picked":["champ:RecklessLeap+1","champ:DeathBlow+1","champ:AdrenalArmor+1"],"picked":"champ:RageSigil+1","floor":48},{"not_picked":["champ:Encircle+1","champ:Shatter","champ:AdrenalArmor"],"picked":"champ:ShieldSigil+1","floor":49}],"player_experience":1892153,"relics_obtained":[{"floor":7,"key":"champ:FightingForDummies"},{"floor":11,"key":"champ:GladiatorsBookOfMartialProwess"},{"floor":24,"key":"Regal Pillow"},{"floor":28,"key":"Matryoshka"},{"floor":41,"key":"Lantern"},{"floor":41,"key":"Question Card"},{"floor":45,"key":"Mummified Hand"},{"floor":45,"key":"Happy Flower"}],"event_choices":[{"damage_healed":0,"gold_gain":0,"player_choice":"Got Potions","damage_taken":0,"max_hp_gain":0,"max_hp_loss":0,"event_name":"Lab","floor":10,"gold_loss":0},{"damage_healed":0,"gold_gain":0,"player_choice":"Success","damage_taken":25,"relics_obtained":["Pantograph"],"max_hp_gain":0,"max_hp_loss":0,"event_name":"Scrap Ooze","floor":14,"gold_loss":0},{"damage_healed":0,"gold_gain":0,"player_choice":"Became a Ghost","damage_taken":0,"max_hp_gain":0,"max_hp_loss":43,"event_name":"Ghosts","floor":30,"gold_loss":0,"cards_obtained":["Ghostly","Ghostly","Ghostly","Ghostly","Ghostly"]}],"is_beta":false,"boss_relics":[{"not_picked":["sneckomod:SneckoTalon","Runic Pyramid"],"picked":"champ:PowerArmor"},{"not_picked":["Black Star","Fusion Hammer"],"picked":"Astrolabe"}],"items_purged_floors":[5,42],"is_endless":false,"potions_floor_spawned":[2,3,8,12,19,28,33,43,47,48,49],"ascension_level":5}}