{"host":"88gj1a6q1iuldet9","time":1608801260,"event":{"mods":["Act Like it!","BaseMod","BetterRewards","Conspire","Downfall","Energized Spire","Gensokyo","GungeonMod","Hubris","Luminous","Magitek Elite","Minty Spire (QoL Compilation)","Quick Restart","Reimu??????","Replay The Spire","Robot Space Explorer","Shop Mod","StSLib","The Dragon Tamer","The Hayseed","The Marked","The Mystic","The Necromancer","The Problem Sleuth","The Runesmith","The Sage","TheArtist","TheFirefly","Wandering Minibosses","Yuri Mod"],"gold_per_floor":[114,74,87,105,105,105,135,153,153,196,224,248,423,446,446,553,503,530,561,588,254,254,297,326,374,374,374,374,374,401,48,48,50,50],"floor_reached":33,"playtime":3635,"items_purged":["Doubt"],"score":299,"play_id":"2ff153af-a54e-4603-a71a-57ceb5e6c474","local_time":"20201224041420","is_ascension_mode":false,"campfire_choices":[{"data":"theMarked:SoldierOfQuellstein","floor":6.0,"key":"SMITH"},{"data":"theMarked:TwofoldDefense","floor":6.0,"key":"SMITH"},{"data":"Looming Evil","floor":15,"key":"PURGE"},{"data":"theMarked:BindingBlade","floor":27,"key":"SMITH"},{"data":"theMarked:EmpowerWeapon","floor":27,"key":"SMITH"},{"data":"theMarked:Electrocute","floor":29,"key":"SMITH"},{"data":"theMarked:Overcharge","floor":29,"key":"SMITH"},{"data":"theMarked:StartUp","floor":32,"key":"SMITH"},{"data":"theMarked:Panic","floor":32,"key":"SMITH"}],"circlet_count":0,"master_deck":["theMarked:Defend","theMarked:Defend","theMarked:Defend","theMarked:Defend","theMarked:SoldierOfQuellstein+1","theMarked:TwofoldDefense+1","theMarked:Electrocute+1","theMarked:FavorableWinds","theMarked:Overcharge+1","theMarked:Panic+1","theMarked:WardOff","theMarked:Opportunist","theMarked:BindingBlade+1","theMarked:DeterminationOfTheMarked","theMarked:EmpowerWeapon+1","theMarked:PowerFlow","theMarked:HeritageOfTheMarked","Slimebound:Tackle+1","Slimebound:Tackle+1","Slimebound:Tackle+1","theMarked:Frustration","theMarked:SuspiciousRaven+1","theMarked:StartUp+1","theMarked:TwofoldDefense+1"],"relics":["theMarked:ArtifactOfAir","Replay:Arrowhead","PaintedHorse:ReiMu","hubris:Icosahedron","Orichalcum","Replay:Bandana","conspire:Dentures","energizedSpire:HugeHouse","Lee\u0027s Waffle","Golden Egg","Gambling Chip","Kunai","hubris:CuriousFeather"],"acts_visited":["Exordium","TheCity"],"potions_floor_usage":[16,23,23,25,30],"damage_taken":[{"damage":0.0,"enemies":"Small Slimes","floor":1.0,"turns":3.0},{"damage":19.0,"enemies":"Jaw Worm","floor":3.0,"turns":5.0},{"damage":0.0,"enemies":"2 Louse","floor":4.0,"turns":4.0},{"damage":35,"enemies":"Lagavulin","floor":7,"turns":9},{"damage":13,"enemies":"Exordium Wildlife","floor":8,"turns":5},{"damage":22,"enemies":"Gremlin Nob","floor":10,"turns":5},{"damage":7,"enemies":"3 Louse","floor":11,"turns":3},{"damage":0,"enemies":"2 Fungi Beasts","floor":12,"turns":3},{"damage":4,"enemies":"Blue Slaver","floor":14,"turns":3},{"damage":24,"enemies":"Fading Forest","floor":16,"turns":11},{"damage":16,"enemies":"Chosen","floor":18,"turns":6},{"damage":10,"enemies":"2 Thieves","floor":19,"turns":4},{"damage":19,"enemies":"Centurion and Healer","floor":20,"turns":7},{"damage":14,"enemies":"Slavers","floor":23,"turns":5},{"damage":0,"enemies":"Snecko","floor":24,"turns":5},{"damage":18,"enemies":"Book of Stabbing","floor":25,"turns":4},{"damage":20,"enemies":"Shelled Parasite and Fungi","floor":30,"turns":6},{"damage":5,"enemies":"hubris:MusketHawk","floor":33,"turns":1}],"seed_played":"-105815552076042782","potions_obtained":[{"floor":10,"key":"Weak Potion"},{"floor":11,"key":"theMarked:ChargePotion"},{"floor":12,"key":"Strength Potion"},{"floor":18,"key":"DemoMod:LeadSkinPotion"},{"floor":20,"key":"Weak Potion"},{"floor":24,"key":"sneckomod:MuddlingPotion"},{"floor":25,"key":"Ancient Potion"}],"is_trial":false,"path_per_floor":["M","?","M","M","?","R","E","M","T","E","M","M","?","M","R","B",null,"M","M","M","$","?","E","M","E","T","R","?","R","M","$","R","B"],"character_chosen":"THE_DEFAULT","items_purchased":["Lee\u0027s Waffle","theMarked:PowerFlow","theMarked:HeritageOfTheMarked","hubris:CuriousFeather","theMarked:TwofoldDefense"],"campfire_rested":0,"item_purchase_floors":[21,21,21,31,31],"current_hp_per_floor":[70,70,51,51,51,51,35,58,58,36,29,29,29,25,25,19,65,49,39,20,72,72,58,58,40,40,40,24,24,4,4,4,0,0],"gold":50,"neow_bonus":"ONE_RARE_RELIC","is_daily":false,"chose_seed":false,"campfire_upgraded":8,"win_rate":0.0,"timestamp":1608801260,"path_taken":["M","?","M","M","?","R","E","?","T","E","M","M","?","M","R","BOSS","M","M","M","$","?","E","M","E","T","R","?","R","M","$","R","BOSS"],"items_purchased_type":["Relic","Card","Card","Relic","Card"],"build_version":"2020-12-22","purchased_purges":1,"victory":false,"max_hp_per_floor":[70,70,70,70,70,70,70,70,70,70,70,70,70,70,70,70,65,65,65,65,72,72,72,72,72,72,72,72,72,72,72,72,72,72],"card_choices":[{"not_picked":["theMarked:ElectricStrings","theMarked:WastefulAttack"],"picked":"theMarked:TwofoldDefense","floor":1.0},{"not_picked":["theMarked:Frustration","theMarked:ElectricStrings","theMarked:Static"],"picked":"SKIP","floor":3.0},{"not_picked":["theMarked:EmpowerWeapon","theMarked:RepellingDischarge"],"picked":"theMarked:MagicAdept","floor":4.0},{"not_picked":["theMarked:MagicAdept","theMarked:RepellingDischarge"],"picked":"theMarked:Electrocute","floor":7},{"not_picked":["theMarked:WastefulAttack","theMarked:Improvise"],"picked":"theMarked:FavorableWinds","floor":8},{"not_picked":["theMarked:EmpowerWeapon","theMarked:TwofoldDefense"],"picked":"theMarked:Overcharge","floor":10},{"not_picked":["theMarked:Parkour","theMarked:Overthink"],"picked":"theMarked:Panic","floor":11},{"not_picked":["theMarked:Panic","theMarked:Aftermath"],"picked":"theMarked:WardOff","floor":12},{"not_picked":["theMarked:EmpowerWeapon","theMarked:TurnInvisible"],"picked":"theMarked:Opportunist","floor":14},{"not_picked":["theMarked:SuspiciousRaven","theMarked:TurnInvisible"],"picked":"theMarked:BindingBlade","floor":16},{"not_picked":["theMarked:HeightenedSenses","theMarked:CreepingChasm","theMarked:ResourceFulStrike"],"picked":"SKIP","floor":18},{"not_picked":["theMarked:Static","theMarked:Opportunist"],"picked":"theMarked:EmpowerWeapon","floor":19},{"not_picked":["theMarked:Overcharge","theMarked:ElectricStrings","theMarked:Parkour"],"picked":"SKIP","floor":20},{"not_picked":["theMarked:Aftermath","theMarked:SwordAndMagic"],"picked":"theMarked:Frustration","floor":23},{"not_picked":["theMarked:Reabsorb","theMarked:Improvise+1","theMarked:SwordAndMagic"],"picked":"SKIP","floor":24},{"not_picked":["theMarked:EmpowerWeapon","theMarked:BanishingStrike"],"picked":"theMarked:SuspiciousRaven","floor":25},{"not_picked":["theMarked:SwordAndMagic+1","theMarked:WardOff+1"],"picked":"theMarked:StartUp","floor":30}],"player_experience":919568,"relics_obtained":[{"floor":7,"key":"Orichalcum"},{"floor":9,"key":"Replay:Bandana"},{"floor":10,"key":"conspire:Dentures"},{"floor":23,"key":"Golden Egg"},{"floor":25,"key":"Gambling Chip"},{"floor":26,"key":"Kunai"}],"event_choices":[{"damage_healed":0.0,"max_hp_gain":0.0,"max_hp_loss":0.0,"gold_gain":0.0,"event_name":"yidonshenshe","player_choice":"Donate","floor":2.0,"gold_loss":40.0,"damage_taken":0.0,"relics_obtained":["PaintedHorse:ReiMu"]},{"damage_healed":0,"gold_gain":175,"player_choice":"AGREE","damage_taken":0,"max_hp_gain":0,"max_hp_loss":0,"event_name":"Liars Game","floor":13,"gold_loss":0,"cards_obtained":["Doubt"]},{"damage_healed":0,"gold_gain":0,"player_choice":"Obtained Book","damage_taken":16,"max_hp_gain":0,"max_hp_loss":0,"event_name":"Cursed Tome","floor":28,"gold_loss":0}],"is_beta":false,"boss_relics":[{"not_picked":["ChewingGum","conspire:SlowCooker"],"picked":"energizedSpire:HugeHouse"}],"items_purged_floors":[21],"is_endless":false,"potions_floor_spawned":[10,11,12,14,18,20,24,25],"killed_by":"hubris:MusketHawk","ascension_level":0}}