{"host":"cij6922spxtbkai3","time":1608819831,"event":{"mods":["2.2 Compatiblity","AchievementEnabler","BaseMod","Colored Map","DeckTracker","Highlight Path","Keyboard Shortcuts","Minty Spire (QoL Compilation)","Permanent Neow","Quick Restart","Rare Cards Sparkle","SuperFastMode","everything is the same but u backflip on backflip"],"gold_per_floor":[136,176,208,22,22,69,69,69,69,108,162,246,261,5,5,158,158,200,219,219,237,284,310,310,322,322,365,375,375,42,141,141,246,246,283,295,339,37,37,37],"floor_reached":39,"playtime":3250,"items_purged":["Normality"],"score":463,"play_id":"2538ddb3-cff6-447d-a65c-9f61e6ad4718","local_time":"20201224232351","is_ascension_mode":false,"campfire_choices":[{"data":"HandOfGreed","floor":8,"key":"SMITH"},{"floor":15,"key":"REST"},{"data":"A Thousand Cuts","floor":24,"key":"SMITH"},{"floor":29,"key":"REST"},{"data":"Envenom","floor":32,"key":"SMITH"}],"circlet_count":0,"master_deck":["Strike_G+1","Strike_G+1","Strike_G+1","Strike_G+1","Strike_G+1","Defend_G+1","Defend_G+1","Defend_G+1","Defend_G+1","Survivor","Neutralize","HandOfGreed+1","Endless Agony","Backstab","Blade Dance","Flying Knee","Panacea","Envenom+1","Iron Wave","Quick Slash","All Out Attack","Footwork","Infinite Blades","Secret Weapon","A Thousand Cuts+1","Backflip","Quick Slash","Leg Sweep+1","Choke","Predator","Slice","Caltrops+1","Distraction","After Image","Underhanded Strike+1","Blade Dance+1","Finisher","Master of Strategy","Distraction","Masterful Stab"],"relics":["Ring of the Snake","Bird Faced Urn","White Beast Statue","Bottled Flame","Unceasing Top","SacredBark","Blood Vial","Nunchaku","Tough Bandages","Shuriken","WristBlade"],"acts_visited":["Exordium","TheCity","TheBeyond"],"potions_floor_usage":[6,12,12,16,18,19,21,23,25,28,33,33,36,36,37,39],"damage_taken":[{"damage":0,"enemies":"Small Slimes","floor":1,"turns":3},{"damage":0,"enemies":"2 Louse","floor":2,"turns":3},{"damage":0,"enemies":"Cultist","floor":3,"turns":3},{"damage":20,"enemies":"Gremlin Nob","floor":6,"turns":4},{"damage":0,"enemies":"2 Fungi Beasts","floor":10,"turns":1},{"damage":18,"enemies":"3 Sentries","floor":12,"turns":6},{"damage":9,"enemies":"Large Slime","floor":13,"turns":6},{"damage":18,"enemies":"Slime Boss","floor":16,"turns":12},{"damage":12,"enemies":"2 Thieves","floor":18,"turns":3},{"damage":10,"enemies":"3 Byrds","floor":19,"turns":2},{"damage":20,"enemies":"Snake Plant","floor":21,"turns":6},{"damage":61,"enemies":"Gremlin Leader","floor":23,"turns":7},{"damage":26,"enemies":"Cultist and Chosen","floor":25,"turns":8},{"damage":21,"enemies":"Shelled Parasite and Fungi","floor":27,"turns":7},{"damage":0,"enemies":"Centurion and Healer","floor":28,"turns":6},{"damage":19,"enemies":"Collector","floor":33,"turns":7},{"damage":26,"enemies":"3 Shapes","floor":35,"turns":5},{"damage":16,"enemies":"3 Darklings","floor":36,"turns":4},{"damage":12,"enemies":"Maw","floor":37,"turns":6},{"damage":50,"enemies":"Writhing Mass","floor":39,"turns":4}],"seed_played":"5231074432529203166","potions_obtained":[{"floor":2,"key":"SmokeBomb"},{"floor":3,"key":"Swift Potion"},{"floor":6,"key":"Swift Potion"},{"floor":10,"key":"Fruit Juice"},{"floor":12,"key":"Energy Potion"},{"floor":13,"key":"SpeedPotion"},{"floor":16,"key":"FairyPotion"},{"floor":18,"key":"LiquidBronze"},{"floor":19,"key":"Weak Potion"},{"floor":21,"key":"Dexterity Potion"},{"floor":23,"key":"ColorlessPotion"},{"floor":25,"key":"Ancient Potion"},{"floor":27,"key":"GhostInAJar"},{"floor":28,"key":"SpeedPotion"},{"floor":33,"key":"SpeedPotion"},{"floor":35,"key":"LiquidBronze"},{"floor":36,"key":"SpeedPotion"},{"floor":37,"key":"ColorlessPotion"}],"is_trial":false,"path_per_floor":["M","M","M","$","?","E","?","R","T","M","?","E","M","$","R","B",null,"M","M","?","M","T","E","R","M","T","M","M","R","$","?","R","B",null,"M","M","M","$","M"],"character_chosen":"THE_SILENT","items_purchased":["Flying Knee","Panacea","Infinite Blades","Secret Weapon","Shuriken","Distraction","Master of Strategy","Distraction","Masterful Stab"],"campfire_rested":2,"item_purchase_floors":[4,4,14,14,30,30,38,38,38],"current_hp_per_floor":[70,70,70,70,58,38,38,38,38,38,38,27,20,20,42,30,75,67,57,57,45,45,36,36,20,20,7,15,37,37,37,37,28,75,49,41,41,41,0,0],"gold":37,"neow_bonus":"RANDOM_COLORLESS_2","is_daily":false,"chose_seed":false,"campfire_upgraded":3,"win_rate":0.0,"timestamp":1608819831,"path_taken":["M","M","M","$","?","E","?","R","T","?","?","E","M","$","R","BOSS","M","M","?","M","?","E","R","?","T","M","M","R","$","?","R","BOSS","M","M","M","$","M"],"items_purchased_type":["Card","Card","Card","Card","Relic","Card","Card","Card","Card"],"build_version":"2020-12-22","purchased_purges":1,"victory":false,"max_hp_per_floor":[70,70,70,70,70,70,70,70,70,70,70,75,75,75,75,75,75,75,75,75,75,75,75,75,75,75,75,75,75,75,75,75,75,75,75,75,75,75,75,75],"card_choices":[{"not_picked":["Secret Weapon","Secret Technique"],"picked":"HandOfGreed","floor":0},{"not_picked":["Noxious Fumes","Dodge and Roll"],"picked":"Endless Agony","floor":1},{"not_picked":["Acrobatics","Poisoned Stab"],"picked":"Backstab","floor":2},{"not_picked":["Prepared","Crippling Poison"],"picked":"Blade Dance","floor":3},{"not_picked":["Prepared","Poisoned Stab"],"picked":"Envenom","floor":6},{"not_picked":["Caltrops","Deflect"],"picked":"Quick Slash","floor":10},{"not_picked":["Tactician","Dagger Throw"],"picked":"All Out Attack","floor":12},{"not_picked":["Deflect","Eviscerate"],"picked":"Footwork","floor":13},{"not_picked":["Tools of the Trade","Doppelganger"],"picked":"A Thousand Cuts","floor":16},{"not_picked":["Acrobatics+1","Finisher"],"picked":"Backflip","floor":18},{"not_picked":["Bouncing Flask","Skewer"],"picked":"Quick Slash","floor":19},{"not_picked":["Poisoned Stab","Skewer"],"picked":"Leg Sweep+1","floor":21},{"not_picked":["Quick Slash","Tactician+1"],"picked":"Choke","floor":23},{"not_picked":["Dagger Throw","PiercingWail+1"],"picked":"Predator","floor":25},{"not_picked":["Sucker Punch","Infinite Blades"],"picked":"Slice","floor":27},{"not_picked":["Blade Dance","Riddle With Holes"],"picked":"Caltrops+1","floor":28},{"not_picked":["Phantasmal Killer","Venomology"],"picked":"After Image","floor":33},{"not_picked":["Tactician+1","Slice+1"],"picked":"Underhanded Strike+1","floor":35},{"not_picked":["Slice","Flying Knee+1"],"picked":"Blade Dance+1","floor":36},{"not_picked":["Deadly Poison+1","PiercingWail"],"picked":"Finisher","floor":37}],"player_experience":5457,"relics_obtained":[{"floor":6,"key":"White Beast Statue"},{"floor":9,"key":"Bottled Flame"},{"floor":12,"key":"Unceasing Top"},{"floor":22,"key":"Blood Vial"},{"floor":23,"key":"Nunchaku"},{"floor":26,"key":"Tough Bandages"}],"event_choices":[{"damage_healed":0,"gold_gain":0,"player_choice":"Success","damage_taken":12,"relics_obtained":["Bird Faced Urn"],"max_hp_gain":0,"max_hp_loss":0,"event_name":"Scrap Ooze","floor":5,"gold_loss":0},{"cards_removed":["Defend_G"],"damage_healed":0,"gold_gain":0,"player_choice":"Took Card","damage_taken":0,"max_hp_gain":0,"max_hp_loss":0,"event_name":"NoteForYourself","floor":7,"gold_loss":0,"cards_obtained":["Iron Wave"]},{"damage_healed":0,"gold_gain":54,"player_choice":"Gained Gold","damage_taken":0,"max_hp_gain":0,"max_hp_loss":0,"event_name":"Golden Wing","floor":11,"gold_loss":0},{"damage_healed":0,"gold_gain":0,"player_choice":"Simplicity","damage_taken":0,"max_hp_gain":0,"max_hp_loss":0,"event_name":"Back to Basics","floor":20,"gold_loss":0,"cards_upgraded":["Strike_G","Strike_G","Strike_G","Strike_G","Strike_G","Defend_G","Defend_G","Defend_G","Defend_G"]},{"damage_healed":0,"gold_gain":99,"player_choice":"Stole From Cult","damage_taken":0,"max_hp_gain":0,"max_hp_loss":0,"event_name":"Nest","floor":31,"gold_loss":0}],"is_beta":false,"boss_relics":[{"not_picked":["Velvet Choker","HoveringKite"],"picked":"SacredBark"},{"not_picked":["Calling Bell","Cursed Key"],"picked":"WristBlade"}],"items_purged_floors":[4],"is_endless":false,"potions_floor_spawned":[2,3,6,10,12,13,16,18,19,21,23,25,27,28,33,35,36,37],"killed_by":"Writhing Mass","ascension_level":0}}