{"host":"vjkx177ju3wjmzef","time":1608773747,"event":{"mods":["BaseMod","Block Reminder","Colored Map","Colored Powertips","DeckTracker","Googly Eyes","Highlight Path","Minty Spire (QoL Compilation)","Quick Restart","Random Character Button","Relic Stats","StSLib"],"gold_per_floor":[110,127,140,153,167,167,5,23,47,59,59,334,30,30,30,133,133,151,168,21,21,21,21,38,54,54,66,66,66,66,66],"floor_reached":30,"playtime":2177,"items_purged":["Strike_B","Regret"],"score":224,"play_id":"93b4fe6e-9e30-4e83-806d-332fca017306","local_time":"20201223193547","is_ascension_mode":false,"campfire_choices":[{"data":"Static Discharge","floor":6.0,"key":"SMITH"},{"data":"Hello World","floor":11.0,"key":"SMITH"},{"floor":15.0,"key":"REST"},{"data":"Echo Form","floor":23.0,"key":"SMITH"},{"floor":29.0,"key":"REST"}],"circlet_count":0,"master_deck":["Strike_B","Strike_B","Strike_B","Defend_B","Defend_B","Defend_B","Defend_B","Zap","Dualcast","Seek","Static Discharge+1","Defragment","Capacitor","Streamline","Loop","Gash","Defragment","Coolheaded","Hello World+1","Go for the Eyes","Chrysalis","Dramatic Entrance","Echo Form+1","Slice+1"],"relics":["Cracked Core","Orichalcum","PrismaticShard","Vajra","Sozu","Toolbox","Molten Egg 2","Strawberry"],"acts_visited":["Exordium","TheCity"],"potions_floor_usage":[],"damage_taken":[{"damage":0.0,"enemies":"Cultist","floor":1.0,"turns":4.0},{"damage":0.0,"enemies":"Small Slimes","floor":2.0,"turns":3.0},{"damage":6.0,"enemies":"Jaw Worm","floor":3.0,"turns":3.0},{"damage":10.0,"enemies":"Exordium Thugs","floor":4.0,"turns":5.0},{"damage":11.0,"enemies":"Blue Slaver","floor":5.0,"turns":4.0},{"damage":20.0,"enemies":"Large Slime","floor":8.0,"turns":4.0},{"damage":15.0,"enemies":"Exordium Thugs","floor":10.0,"turns":5.0},{"damage":14.0,"enemies":"Slime Boss","floor":16.0,"turns":6.0},{"damage":16.0,"enemies":"3 Byrds","floor":18.0,"turns":5.0},{"damage":8.0,"enemies":"Shell Parasite","floor":19.0,"turns":5.0},{"damage":21.0,"enemies":"Shelled Parasite and Fungi","floor":24.0,"turns":6.0},{"damage":9.0,"enemies":"Snake Plant","floor":25.0,"turns":4.0},{"damage":19.0,"enemies":"3 Cultists","floor":27.0,"turns":6.0},{"damage":44,"enemies":"Slavers","floor":30,"turns":3}],"seed_played":"2883303006517923606","potions_obtained":[{"floor":2.0,"key":"ColorlessPotion"},{"floor":3.0,"key":"BlessingOfTheForge"},{"floor":5.0,"key":"BlessingOfTheForge"},{"floor":10.0,"key":"FocusPotion"},{"floor":16.0,"key":"Strength Potion"}],"is_trial":false,"path_per_floor":["M","M","M","M","M","R","$","M","T","M","R","?","$","T","R","B",null,"M","M","$","?","T","R","M","M","T","M","$","R","E"],"character_chosen":"DEFECT","items_purchased":["Gash","Defragment","PrismaticShard","Go for the Eyes","Toolbox"],"campfire_rested":2,"item_purchase_floors":[7,7,13,13,20],"current_hp_per_floor":[75,75,69,59,48,48,48,28,28,13,13,13,13,13,35,21,75,59,51,51,51,51,51,30,21,28,9,9,33,0,0],"gold":66,"neow_bonus":"ONE_RANDOM_RARE_CARD","is_daily":false,"chose_seed":false,"campfire_upgraded":3,"win_rate":0.0,"timestamp":1608773747,"path_taken":["M","M","?","M","M","R","$","M","T","M","R","?","$","?","R","BOSS","M","M","$","?","?","R","M","M","T","M","$","R","E"],"items_purchased_type":["Card","Card","Relic","Card","Relic"],"build_version":"2020-12-22","purchased_purges":2,"victory":false,"max_hp_per_floor":[75,75,75,75,75,75,75,75,75,75,75,75,75,75,75,75,75,75,75,75,75,75,75,75,75,82,82,82,82,82,82],"relic_stats":{"Sozu":2,"counters":[14,62],"Orichalcum":[156],"obtain_stats":[{"Sozu":17,"Strawberry":26,"Vajra":14,"Toolbox":20,"Molten Egg 2":22,"Orichalcum":9,"Cracked Core":0,"PrismaticShard":13},{"Sozu":8,"Strawberry":12,"Vajra":7,"Toolbox":10,"Molten Egg 2":10,"Orichalcum":6,"Cracked Core":0,"PrismaticShard":7},{"Sozu":33,"Strawberry":53,"Vajra":27,"Toolbox":43,"Molten Egg 2":43,"Orichalcum":22,"Cracked Core":0,"PrismaticShard":27}]},"card_choices":[{"not_picked":["Beam Cell","Cold Snap"],"picked":"Static Discharge","floor":1.0},{"not_picked":["Reinforced Body","Turbo"],"picked":"Defragment","floor":2.0},{"not_picked":["Stack","Steam"],"picked":"Capacitor","floor":3.0},{"not_picked":["Blizzard","Sweeping Beam"],"picked":"Streamline","floor":4.0},{"not_picked":["Hologram","Ball Lightning"],"picked":"Loop","floor":5.0},{"not_picked":["Lockon","Scrape"],"picked":"Coolheaded","floor":8.0},{"not_picked":["Streamline","Turbo"],"picked":"Hello World","floor":10.0},{"not_picked":["Metamorphosis","Reaper"],"picked":"Chrysalis","floor":16.0},{"not_picked":["Sever Soul+1","Pommel Strike","Clash"],"picked":"SKIP","floor":18.0},{"not_picked":["Prostrate+1","Leap"],"picked":"Dramatic Entrance","floor":19.0},{"not_picked":["Deflect+1","Compile Driver+1","Tantrum+1"],"picked":"SKIP","floor":24.0},{"not_picked":["Impatience+1","Genetic Algorithm"],"picked":"Slice+1","floor":25.0},{"not_picked":["EmptyFist+1","Force Field","Perfected Strike+1"],"picked":"SKIP","floor":27.0}],"player_experience":133109,"relics_obtained":[{"floor":9.0,"key":"Orichalcum"},{"floor":14.0,"key":"Vajra"},{"floor":22.0,"key":"Molten Egg 2"},{"floor":26.0,"key":"Strawberry"}],"event_choices":[{"damage_healed":0.0,"max_hp_gain":0.0,"max_hp_loss":0.0,"gold_gain":275.0,"event_name":"Golden Shrine","player_choice":"Desecrate","floor":12.0,"gold_loss":0.0,"damage_taken":0.0,"cards_obtained":["Regret"]},{"damage_healed":0.0,"max_hp_gain":0.0,"max_hp_loss":0.0,"gold_gain":0.0,"event_name":"The Library","player_choice":"Read","floor":21.0,"gold_loss":0.0,"damage_taken":0.0,"cards_obtained":["Echo Form"]}],"is_beta":false,"boss_relics":[{"not_picked":["SlaversCollar","Cursed Key"],"picked":"Sozu"}],"items_purged_floors":[7,13],"is_endless":false,"potions_floor_spawned":[2,3,5,10,16,25,27],"killed_by":"Slavers","ascension_level":0}}