{"host":"xko5sdb82mf02c09","time":1608798062,"event":{"mods":["AchievementEnabler","BaseMod","Colored Map","Minty Spire (QoL Compilation)","Quick Restart","StSLib","everything is the same but u backflip on backflip"],"gold_per_floor":[117,133,133,213,213,254,254,269,269,290,309,309,309,309],"floor_reached":13,"playtime":232,"items_purged":[],"score":220,"play_id":"a160b80e-0d32-4948-8b4e-d8347ae7cf62","local_time":"20201224172102","is_ascension_mode":true,"campfire_choices":[{"data":"Steam Power","floor":7,"key":"SMITH"},{"data":"Hello World","floor":12,"key":"SMITH"}],"circlet_count":0,"master_deck":["AscendersBane","Strike_B","Strike_B","Strike_B","Strike_B","Defend_B","Defend_B","Defend_B","Defend_B","Zap","Dualcast","Steam Power+1","Steam Power+1","Melter","Skim","Hello World+1","Turbo","Steam"],"relics":["Cracked Core","NeowsBlessing","Golden Idol","InkBottle","Ice Cream","StrikeDummy"],"acts_visited":["Exordium"],"potions_floor_usage":[13,13],"damage_taken":[{"damage":0,"enemies":"Jaw Worm","floor":1,"turns":1},{"damage":0,"enemies":"Small Slimes","floor":2,"turns":1},{"damage":0,"enemies":"Lagavulin","floor":6,"turns":1},{"damage":6,"enemies":"Cultist","floor":8,"turns":3},{"damage":16,"enemies":"2 Fungi Beasts","floor":10,"turns":3},{"damage":11,"enemies":"Blue Slaver","floor":11,"turns":3},{"damage":8,"enemies":"Gremlin Nob","floor":13,"turns":2}],"seed_played":"-8731899012861153575","potions_obtained":[{"floor":1,"key":"EntropicBrew"},{"floor":2,"key":"SneckoOil"}],"is_trial":false,"path_per_floor":["M","M","?","?","T","E","R","M","T","M","M","R","E"],"character_chosen":"DEFECT","items_purchased":[],"campfire_rested":0,"item_purchase_floors":[],"current_hp_per_floor":[64,64,40,40,40,40,40,34,34,18,7,7,0,0],"gold":309,"neow_bonus":"THREE_ENEMY_KILL","is_daily":false,"chose_seed":false,"campfire_upgraded":2,"win_rate":0.0,"timestamp":1608798062,"path_taken":["M","M","?","?","?","E","R","M","T","?","M","R","E"],"items_purchased_type":[],"build_version":"2020-12-22","purchased_purges":0,"victory":false,"max_hp_per_floor":[71,71,71,71,71,71,71,71,71,71,71,71,71,71],"card_choices":[{"not_picked":["Auto Shields","Skim"],"picked":"Steam Power","floor":1},{"not_picked":["Auto Shields","Skim"],"picked":"Steam Power","floor":1},{"not_picked":["Cold Snap","Auto Shields"],"picked":"Melter","floor":2},{"not_picked":["Static Discharge","Sweeping Beam"],"picked":"Skim","floor":6},{"not_picked":["Rebound","Sweeping Beam"],"picked":"Hello World","floor":8},{"not_picked":["Go for the Eyes","Coolheaded"],"picked":"Turbo","floor":10},{"not_picked":["Reinforced Body","Cold Snap"],"picked":"Steam","floor":11}],"player_experience":457183,"relics_obtained":[{"floor":5,"key":"InkBottle"},{"floor":6,"key":"Ice Cream"},{"floor":9,"key":"StrikeDummy"}],"event_choices":[{"damage_healed":0,"gold_gain":0,"player_choice":"Take Damage","damage_taken":24,"relics_obtained":["Golden Idol"],"max_hp_gain":0,"max_hp_loss":0,"event_name":"Golden Idol","floor":3,"gold_loss":0},{"damage_healed":0,"gold_gain":80,"player_choice":"Gained Gold","damage_taken":0,"max_hp_gain":0,"max_hp_loss":0,"event_name":"Golden Wing","floor":4,"gold_loss":0}],"is_beta":false,"boss_relics":[],"items_purged_floors":[],"is_endless":false,"potions_floor_spawned":[1,2],"killed_by":"Gremlin Nob","ascension_level":20}}