{"host":"i6h98ln524gxv8ri","time":1608806831,"event":{"mods":["BaseMod","BetterRewards","Minty Spire (QoL Compilation)","MostiFishMod","Quick Restart","Shop Mod","StSLib","Uncapped","【东方二次创作】八云紫mod"],"gold_per_floor":[134,147,162,176,176,211,236,236,287,314,346,366,376,389,389,486,486,505,521,36,47,61,92,104,138,212,231,264,275,309,49,49,150,150,161,161,181,181,501,534,563,590,590,625,651,536,548,559,559,559,559,559,113,140,140],"floor_reached":56,"playtime":3486,"items_purged":[],"score":2750,"play_id":"f932ab82-4f12-4da9-b020-c867b1cd4df6","local_time":"20201224184711","daily_mods":["SealedDeck","Vintage","Heirloom","Flight","Lethality","Binary"],"is_ascension_mode":true,"campfire_choices":[{"floor":8,"key":"RECALL"},{"data":"D_absorption_purple","floor":15,"key":"SMITH"},{"data":"Worldmountain_purple","floor":32,"key":"SMITH"},{"floor":49,"key":"REST"},{"floor":52,"key":"REST"}],"circlet_count":0,"master_deck":["OmniscientAndOmnipotent_Monster_purple+1","ButterflyHabitatTemple_purple+1","Boundary_DynamicStaticEquilibrium_purple+1","Worldmountain_purple+1","Charmbait_purple+1","Mirror_FourBoundary_purple+1","RuleDissolution_purple+1","MeetDecomposer_purple+1","OmniscientAndOmnipotent_Monster_purple+1","D_absorption_purple+1","ContainerChange_purple+1","D_release_purple+1","Fantasy_PerpetualMotionMachine_purple+1","CommonSense_AntiCommonSense_purple+1"],"relics":["Boundary_crack","Memoryfragments_purpleEX","Busted Crown","DaveBox","OneHitWonderSystem","SentryEyes","SynthV:TestCard","Frozen Egg 2","DaCapo","Antimatter_spacedebris","Sozu","Akabeko","MerchantsRug","BirthdayGift-Icosahedron","ImprovedEquipment","OriginationStaff","SynthV:C4","The Courier","BirthdayGift-Tetrahedron","Transparent","Nunchaku","Juzu Bracelet","Old Coin","Centennial Puzzle","FossilizedHelix","Vajra","White Beast Statue","Bottled Flame","Ying","War Paint","Pen Nib","Membership Card","Bag of Preparation","Blue Candle","Shuriken","Anchor"],"acts_visited":["Exordium","TheCity","TheBeyond","TheEnding"],"potions_floor_usage":[],"damage_taken":[{"damage":0,"enemies":"2 Louse","floor":1,"turns":1},{"damage":0,"enemies":"Small Slimes","floor":2,"turns":2},{"damage":0,"enemies":"Jaw Worm","floor":3,"turns":1},{"damage":0,"enemies":"Looter","floor":4,"turns":2},{"damage":0,"enemies":"Lagavulin","floor":6,"turns":3},{"damage":0,"enemies":"3 Sentries","floor":7,"turns":1},{"damage":0,"enemies":"Lagavulin","floor":10,"turns":2},{"damage":0,"enemies":"Gremlin Nob","floor":11,"turns":2},{"damage":0,"enemies":"Large Slime","floor":12,"turns":1},{"damage":0,"enemies":"Blue Slaver","floor":13,"turns":2},{"damage":0,"enemies":"3 Louse","floor":14,"turns":1},{"damage":0,"enemies":"Slime Boss","floor":16,"turns":3},{"damage":0,"enemies":"3 Byrds","floor":18,"turns":1},{"damage":0,"enemies":"2 Thieves","floor":19,"turns":1},{"damage":0,"enemies":"Chosen and Byrds","floor":21,"turns":2},{"damage":0,"enemies":"3 Cultists","floor":22,"turns":1},{"damage":0,"enemies":"Slavers","floor":23,"turns":1},{"damage":0,"enemies":"Centurion and Healer","floor":24,"turns":1},{"damage":0,"enemies":"Gremlin Leader","floor":25,"turns":2},{"damage":0,"enemies":"Snake Plant","floor":27,"turns":1},{"damage":0,"enemies":"Book of Stabbing","floor":28,"turns":2},{"damage":0,"enemies":"3 Cultists","floor":29,"turns":1},{"damage":0,"enemies":"Slavers","floor":30,"turns":1},{"damage":0,"enemies":"Champ","floor":33,"turns":2},{"damage":0,"enemies":"3 Shapes","floor":35,"turns":1},{"damage":0,"enemies":"Orb Walker","floor":37,"turns":1},{"damage":0,"enemies":"Orb Walker","floor":38,"turns":4},{"damage":0,"enemies":"Sphere and 2 Shapes","floor":39,"turns":1},{"damage":0,"enemies":"Nemesis","floor":40,"turns":1},{"damage":0,"enemies":"Giant Head","floor":41,"turns":2},{"damage":0,"enemies":"Reptomancer","floor":42,"turns":1},{"damage":0,"enemies":"Nemesis","floor":44,"turns":1},{"damage":0,"enemies":"Reptomancer","floor":45,"turns":1},{"damage":0,"enemies":"Spire Growth","floor":47,"turns":1},{"damage":0,"enemies":"3 Darklings","floor":48,"turns":1},{"damage":0,"enemies":"Awakened One","floor":50,"turns":2},{"damage":0,"enemies":"Shield and Spear","floor":54,"turns":1},{"damage":0,"enemies":"The Heart","floor":55,"turns":3}],"seed_played":"3978520028054077076","potions_obtained":[{"floor":6,"key":"SmokeBomb"},{"floor":7,"key":"Weak Potion"},{"floor":11,"key":"EssenceOfSteel"},{"floor":12,"key":"DistilledChaos"},{"floor":13,"key":"Strength Potion"},{"floor":14,"key":"Strength Potion"}],"is_trial":true,"path_per_floor":["M","M","M","M","?","E","E","R","T","E","E","M","M","M","R","B",null,"M","M","$","M","M","E","M","E","T","M","E","M","E","$","R","B",null,"M","?","M","?","M","E","E","E","T","E","E","$","M","M","R","B",null,"R","$","E","B",null],"character_chosen":"Youkari","items_purchased":["MerchantsRug","BirthdayGift-Icosahedron","BirthdayGift-Tetrahedron","Ying","Membership Card","Bag of Preparation","Blue Candle","Fantasy_PerpetualMotionMachine_purple+1","CommonSense_AntiCommonSense_purple+1","Shuriken"],"campfire_rested":2,"item_purchase_floors":[20,20,31,46,53,53,53,53,53,53],"current_hp_per_floor":[1,1,1,1,1,1,1,1,1,1,1,1,1,1,1,1,1,1,1,1,1,1,1,1,1,1,1,1,1,1,1,1,1,1,1,1,1,1,1,1,1,1,1,1,1,1,1,1,1,1,1,1,1,1,1],"gold":140,"neow_bonus":"","is_daily":false,"chose_seed":false,"campfire_upgraded":2,"win_rate":0.0,"timestamp":1608806831,"path_taken":["M","M","M","M","?","E","E","R","T","E","E","M","M","M","R","BOSS","M","M","$","M","M","E","M","E","T","M","E","M","E","$","R","BOSS","M","?","M","?","M","E","E","E","T","E","E","$","M","M","R","BOSS","R","$","E","BOSS"],"items_purchased_type":["Relic","Relic","Relic","Relic","Relic","Relic","Relic","Card","Card","Relic"],"build_version":"2020-12-22","purchased_purges":0,"victory":true,"max_hp_per_floor":[1,1,1,1,1,1,1,1,1,1,1,1,1,1,1,1,1,1,1,1,1,1,1,1,1,1,1,1,1,1,1,1,1,1,1,1,1,1,1,1,1,1,1,1,1,1,1,1,1,1,1,1,1,1,1],"card_choices":[{"not_picked":["OmniscientAndOmnipotent_Monster_purple","WingOfChimera_purple"],"picked":"SKIP","floor":6},{"not_picked":["SharpContractionReality_purple","Charmbait_purple"],"picked":"SKIP","floor":7},{"not_picked":["Realm_recovery_purpleEX"],"picked":"D_absorption_purple","floor":10},{"not_picked":["BarrageBoundary_PipeDream_purple","PurpleNeedle_purple"],"picked":"SKIP","floor":11},{"not_picked":["Mirror_FormAndEmptin_purple","Worldmountain_purple"],"picked":"SKIP","floor":23},{"not_picked":["DarkRealmRedLine_purple","Shallow_ocean_purpleEX+1"],"picked":"SKIP","floor":25},{"not_picked":["ExistenceContinue_purple","EighthInstrument_OneDividesIntoTwo_purple"],"picked":"SKIP","floor":28},{"not_picked":["AdvanceAttack_purple","Yakumo_Ran_purple"],"picked":"SKIP","floor":30},{"not_picked":["Fancifulhole_purple"],"picked":"ContainerChange_purple+1","floor":33},{"not_picked":["MeetDecomposer_purple+1","WatchEyeChange_purple"],"picked":"SKIP","floor":40},{"not_picked":["Know_ledgeAbilityRealm_purple","Line_surface_state_purple"],"picked":"SKIP","floor":41},{"not_picked":["Umbrella_purple+1","Charmbait_purple"],"picked":"SKIP","floor":42},{"not_picked":["Boundary_LightAndDark_purple+1","Line_surface_state_purple"],"picked":"SKIP","floor":44},{"not_picked":["CommonSense_AntiCommonSense_purple+1","Line_surface_state_purple"],"picked":"SKIP","floor":45},{"not_picked":["WasteWire_Metro_purple","Shallow_ocean_purpleEX+1"],"picked":"SKIP","floor":54}],"player_experience":22824,"relics_obtained":[{"floor":1,"key":"Ice Cream"},{"floor":1,"key":"SynthV:TestCard"},{"floor":2,"key":"Letter Opener"},{"floor":3,"key":"Omamori"},{"floor":4,"key":"Bottled Tornado"},{"floor":6,"key":"Frozen Egg 2"},{"floor":7,"key":"TungstenRod"},{"floor":10,"key":"Matryoshka"},{"floor":11,"key":"Potion Belt"},{"floor":12,"key":"DaCapo"},{"floor":13,"key":"Blood Vial"},{"floor":14,"key":"Antimatter_spacedebris"},{"floor":18,"key":"Pantograph"},{"floor":19,"key":"Akabeko"},{"floor":21,"key":"HornCleat"},{"floor":22,"key":"ImprovedEquipment"},{"floor":23,"key":"Bronze Scales"},{"floor":24,"key":"OriginationStaff"},{"floor":25,"key":"Tiny Chest"},{"floor":26,"key":"SynthV:C4"},{"floor":26,"key":"Kunai"},{"floor":27,"key":"The Courier"},{"floor":28,"key":"Thread and Needle"},{"floor":29,"key":"Orichalcum"},{"floor":30,"key":"Gremlin Horn"},{"floor":35,"key":"Nunchaku"},{"floor":37,"key":"Juzu Bracelet"},{"floor":39,"key":"Old Coin"},{"floor":40,"key":"Centennial Puzzle"},{"floor":41,"key":"FossilizedHelix"},{"floor":42,"key":"Vajra"},{"floor":44,"key":"White Beast Statue"},{"floor":45,"key":"Bottled Flame"},{"floor":47,"key":"War Paint"},{"floor":48,"key":"Pen Nib"},{"floor":54,"key":"Anchor"}],"event_choices":[{"cards_removed":["AdvanceAttack_purple"],"damage_healed":0,"gold_gain":0,"player_choice":"Removed Attack","damage_taken":0,"max_hp_gain":0,"max_hp_loss":0,"event_name":"Falling","floor":36,"gold_loss":0}],"is_beta":false,"boss_relics":[{"not_picked":["Cursed Key","MostiFishMod:Hod"],"picked":"Sozu"},{"not_picked":["HereWithMe","Astrolabe"],"picked":"Transparent"}],"items_purged_floors":[],"is_endless":false,"potions_floor_spawned":[6,7,11,12,13,14,18,19,28,29,30,33,35,37,41,42,45,47,48,54],"ascension_level":9}}