{"host":"k0kjm4m87pwj4phr","time":1608799749,"event":{"mods":["BaseMod","Colored Map","Colored Powertips","Minty Spire (QoL Compilation)","Permanent Neow","Quick Restart","Relic Stats","StSLib","The Dragon Tamer"],"gold_per_floor":[112,187,112,124,144,144,170,186,186,12,12,29,29,59,59,59,59,59],"floor_reached":16,"playtime":707,"items_purged":["DTMod:Strike","DTMod:Strike"],"score":110,"play_id":"d214125e-0964-41a4-a082-9e0d595a526e","local_time":"20201224164909","is_ascension_mode":false,"metric_token":599,"campfire_choices":[{"floor":6.0,"key":"REST"},{"floor":11.0,"key":"REST"},{"data":"DTMod:Prediction","floor":13.0,"key":"SMITH"},{"data":"DTMod:Training","floor":15,"key":"SMITH"}],"dtmod_dragon_data":[23,50,-1,-1,0,0],"circlet_count":0,"master_deck":["DTMod:Strike","DTMod:Strike","DTMod:DoubleHit","DTMod:TargetDefense","DTMod:TargetDefense","DTMod:TargetDefense","DTMod:TargetDefense","DTMod:SwitchingTactic","CurseOfTheBell","DTMod:ComboAttack","DTMod:Training+1","DTMod:Prediction+1","DTMod:TagTeam","DTMod:CrossStep+1","DTMod:Shift","DTMod:CrossStep+1"],"relics":["Calling Bell","Dream Catcher","Eternal Feather","Turnip","Incense Burner","Frozen Egg 2","Darkstone Periapt"],"acts_visited":["Exordium"],"potions_floor_usage":[14],"damage_taken":[{"damage":4.0,"enemies":"Small Slimes","floor":1.0,"turns":3.0},{"damage":0.0,"enemies":"Cultist","floor":4.0,"turns":3.0},{"damage":0.0,"enemies":"Jaw Worm","floor":5.0,"turns":3.0},{"damage":13.0,"enemies":"Lagavulin","floor":7.0,"turns":6.0},{"damage":0.0,"enemies":"Red Slaver","floor":8.0,"turns":5.0},{"damage":0.0,"enemies":"2 Fungi Beasts","floor":12.0,"turns":4.0},{"damage":16,"enemies":"Gremlin Nob","floor":14,"turns":6},{"damage":46,"enemies":"Hexaghost","floor":16,"turns":14}],"seed_played":"7501720535862667550","potions_obtained":[{"floor":1.0,"key":"SkillPotion"},{"floor":5.0,"key":"Strength Potion"},{"floor":8.0,"key":"Block Potion"},{"floor":14,"key":"LiquidBronze"}],"is_trial":false,"path_per_floor":["M","?","$","M","M","R","E","M","T","$","R","M","R","E","R","B"],"character_chosen":"THE_DT","items_purchased":["DTMod:CrossStep+1"],"campfire_rested":2,"item_purchase_floors":[10],"current_hp_per_floor":[41,30,30,30,30,45,32,32,32,32,45,45,45,29,38,0,0,0],"gold":59,"neow_bonus":"BOSS_RELIC","is_daily":false,"chose_seed":false,"campfire_upgraded":2,"win_rate":0.0,"timestamp":1608799749,"path_taken":["M","?","$","M","M","R","E","M","T","$","R","M","R","E","R","BOSS"],"items_purchased_type":["Card"],"build_version":"2020-12-22","purchased_purges":2,"victory":false,"max_hp_per_floor":[45,45,45,45,45,45,45,45,45,45,45,45,45,45,45,45,45,45],"relic_stats":{"Darkstone Periapt":0,"Dream Catcher":2,"counters":[8,44],"Eternal Feather":21,"Turnip":[0],"obtain_stats":[{"Calling Bell":0,"Darkstone Periapt":14,"Dream Catcher":0,"DTMod:PactStone":0,"Eternal Feather":0,"Turnip":0,"Incense Burner":7,"Frozen Egg 2":9},{"Calling Bell":0,"Darkstone Periapt":7,"Dream Catcher":0,"DTMod:PactStone":0,"Eternal Feather":0,"Turnip":0,"Incense Burner":4,"Frozen Egg 2":5},{"Calling Bell":0,"Darkstone Periapt":30,"Dream Catcher":0,"DTMod:PactStone":0,"Eternal Feather":0,"Turnip":0,"Incense Burner":15,"Frozen Egg 2":20}]},"card_choices":[{"not_picked":["DTMod:Feint","DTMod:Punisher"],"picked":"DTMod:ComboAttack","floor":1.0},{"not_picked":["DTMod:Overwhelm","DTMod:CleansingStrike","DTMod:HeatWave"],"picked":"SKIP","floor":4.0},{"not_picked":["DTMod:Weaken","DTMod:HeatWave","DTMod:Cover"],"picked":"SKIP","floor":5.0},{"not_picked":["DTMod:ComboAttack","DTMod:BalancedStrike"],"picked":"DTMod:Training","floor":6.0},{"not_picked":["DTMod:DragonDance","DTMod:Threaten"],"picked":"DTMod:Prediction","floor":7.0},{"not_picked":["DTMod:QuickFly","DTMod:MagicField"],"picked":"DTMod:TagTeam","floor":8.0},{"not_picked":["DTMod:Punisher","DTMod:DeepFocus"],"picked":"DTMod:Shift","floor":11.0},{"not_picked":["DTMod:MagicField","DTMod:BurningForce","DTMod:FlameSlash"],"picked":"SKIP","floor":12.0},{"not_picked":["DTMod:ExcessFootwork+1","DTMod:Feint"],"picked":"DTMod:CrossStep+1","floor":14}],"player_experience":419942,"relics_obtained":[{"floor":0.0,"key":"Dream Catcher"},{"floor":0.0,"key":"Eternal Feather"},{"floor":0.0,"key":"Turnip"},{"floor":7.0,"key":"Incense Burner"},{"floor":9.0,"key":"Frozen Egg 2"},{"floor":14,"key":"Darkstone Periapt"}],"event_choices":[{"damage_healed":0.0,"max_hp_gain":0.0,"max_hp_loss":0.0,"gold_gain":75.0,"event_name":"World of Goop","player_choice":"Gather Gold","floor":2.0,"gold_loss":0.0,"damage_taken":11.0}],"is_beta":false,"boss_relics":[],"items_purged_floors":[3,10],"is_endless":false,"potions_floor_spawned":[1,5,8,14],"killed_by":"Hexaghost","ascension_level":0}}