{"host":"2lqi9xx9scmc3cqh","time":1608791592,"event":{"mods":["AchievementEnabler","BaseMod","Colored Map","Minty Spire (QoL Compilation)","Remove Card Discount Mod","StSLib"],"gold_per_floor":[113,124,4664,4684,4702,4702,4716,4353,4406,4406,4125,4125,4157,4157,4157,4256,4256,4270,4286,3915,3965,3978,3978,4003,4020,4047,3900,3900,3900,3900,3928,3928,4031,4031,4041,4041,3963,3976,3976,3976,3619,3619,3619,3619,3652,3652,3652,3663,3663,3663],"floor_reached":51,"playtime":2114,"items_purged":["Strike_G","Strike_G","Defend_G","Defend_G","Strike_G","Defend_G","Strike_G","Defend_G"],"score":1239,"play_id":"cab40262-216a-4ed2-bd48-3412d8d49b42","local_time":"20201224153312","is_ascension_mode":true,"campfire_choices":[{"data":"Neutralize","floor":6,"key":"SMITH"},{"data":"A Thousand Cuts","floor":12,"key":"SMITH"},{"data":"Cloak And Dagger","floor":15,"key":"SMITH"},{"data":"Cloak And Dagger","floor":23,"key":"SMITH"},{"floor":30,"key":"REST"},{"floor":32,"key":"DIG"},{"data":"1","floor":40,"key":"LIFT"},{"data":"2","floor":42,"key":"LIFT"},{"data":"3","floor":44,"key":"LIFT"},{"floor":47,"key":"DIG"},{"floor":49,"key":"DIG"}],"circlet_count":0,"master_deck":["AscendersBane","Strike_G+1","Survivor","Neutralize+1","Cloak And Dagger+1","Caltrops+1","Cloak And Dagger+1","Blade Dance","Tactician+1","Blade Dance","A Thousand Cuts+1","CurseOfTheBell","Acrobatics","Backflip","Dagger Spray+1","Acrobatics","After Image+1","Accuracy+1","Accuracy+1","Adrenaline","Tactician+1"],"relics":["Ring of the Snake","Blood Vial","Membership Card","Girya","Boot","Bronze Scales","Mercury Hourglass","Lee\u0027s Waffle","Bag of Marbles","TwistedFunnel","Strawberry","Gremlin Horn","HornCleat","Calling Bell","Potion Belt","Shovel","Blue Candle","Matryoshka","PreservedInsect","Orrery","Happy Flower","Molten Egg 2","MawBank","ClockworkSouvenir","MealTicket","Whetstone","Nunchaku","Fusion Hammer","Bag of Preparation","Incense Burner","Meat on the Bone","DollysMirror","Oddly Smooth Stone","Kunai","TungstenRod","Orichalcum","Bottled Tornado"],"acts_visited":["Exordium","TheCity","TheBeyond"],"potions_floor_usage":[24,33,50,50,50,50,50],"damage_taken":[{"damage":4,"enemies":"2 Louse","floor":1,"turns":4},{"damage":0,"enemies":"Small Slimes","floor":2,"turns":4},{"damage":0,"enemies":"Cultist","floor":4,"turns":3},{"damage":6,"enemies":"3 Louse","floor":5,"turns":3},{"damage":8,"enemies":"Gremlin Gang","floor":7,"turns":5},{"damage":16,"enemies":"Lagavulin","floor":13,"turns":3},{"damage":14,"enemies":"The Guardian","floor":16,"turns":8},{"damage":3,"enemies":"Chosen","floor":18,"turns":3},{"damage":2,"enemies":"2 Thieves","floor":19,"turns":3},{"damage":14,"enemies":"Shelled Parasite and Fungi","floor":22,"turns":4},{"damage":28,"enemies":"Slavers","floor":24,"turns":2},{"damage":12,"enemies":"Cultist and Chosen","floor":25,"turns":4},{"damage":1,"enemies":"Book of Stabbing","floor":31,"turns":3},{"damage":14,"enemies":"Champ","floor":33,"turns":5},{"damage":1,"enemies":"3 Shapes","floor":35,"turns":1},{"damage":2,"enemies":"Orb Walker","floor":38,"turns":2},{"damage":1,"enemies":"Nemesis","floor":45,"turns":1},{"damage":0,"enemies":"Maw","floor":48,"turns":3},{"damage":18,"enemies":"Awakened One","floor":50,"turns":6}],"seed_played":"7224047757912954182","potions_obtained":[{"floor":1,"key":"Regen Potion"},{"floor":4,"key":"Block Potion"},{"floor":7,"key":"Block Potion"},{"floor":18,"key":"BlessingOfTheForge"},{"floor":22,"key":"PowerPotion"},{"floor":31,"key":"FearPotion"},{"floor":35,"key":"Strength Potion"}],"is_trial":false,"path_per_floor":["M","M","$","M","M","R","M","$","T","?","$","R","E","?","R","B",null,"M","M","$","?","M","R","E","M","T","$","?","?","R","E","R","B",null,"M","?","$","M","?","R","$","R","T","R","E","?","R","M","R","B",null],"character_chosen":"THE_SILENT","items_purchased":["Cloak And Dagger","Blade Dance","Membership Card","Girya","Boot","Bronze Scales","Mercury Hourglass","Lee\u0027s Waffle","A Thousand Cuts","TwistedFunnel","Strawberry","Gremlin Horn","Matryoshka","PreservedInsect","Orrery","After Image","SkillPotion","ClockworkSouvenir","MealTicket","Bag of Preparation","Incense Burner","Meat on the Bone","DollysMirror"],"campfire_rested":1,"item_purchase_floors":[3,3,3,3,3,8,8,8,8,11,11,11,20,20,20,20,20,27,27,37,41,41,41],"current_hp_per_floor":[61,63,63,65,61,61,55,77,77,62,69,69,55,55,55,43,74,73,73,73,73,61,61,35,25,25,25,25,25,50,51,51,39,73,74,74,80,78,78,78,80,80,80,80,79,79,79,80,80,62],"gold":3663,"neow_bonus":"RANDOM_COMMON_RELIC","is_daily":false,"chose_seed":false,"campfire_upgraded":4,"win_rate":0.0,"timestamp":1608791592,"path_taken":["M","M","$","M","M","R","M","$","T","?","$","R","E","?","R","BOSS","M","M","?","?","?","R","E","M","T","$","?","?","R","E","R","BOSS","M","?","$","M","?","R","$","R","T","R","E","?","R","M","R","BOSS"],"items_purchased_type":["Card","Card","Relic","Relic","Relic","Relic","Relic","Relic","Card","Relic","Relic","Relic","Relic","Relic","Relic","Card","Potion","Relic","Relic","Relic","Relic","Relic","Relic"],"build_version":"2020-12-22","purchased_purges":8,"victory":true,"max_hp_per_floor":[70,70,70,70,70,70,70,77,77,77,84,84,84,84,84,84,84,84,84,84,84,84,84,84,84,84,84,84,84,84,84,84,84,84,84,80,80,80,80,80,80,80,80,80,80,80,80,80,80,80],"card_choices":[{"not_picked":["Flying Knee","Dodge and Roll"],"picked":"Cloak And Dagger","floor":1},{"not_picked":["Poisoned Stab","Deadly Poison"],"picked":"Caltrops","floor":2},{"not_picked":["Outmaneuver","Flechettes"],"picked":"Tactician","floor":4},{"not_picked":["Dash","PiercingWail"],"picked":"Blade Dance","floor":5},{"not_picked":["Dagger Throw","Deadly Poison","Phantasmal Killer"],"picked":"SKIP","floor":7},{"not_picked":["Eviscerate","Backstab","Underhanded Strike"],"picked":"SKIP","floor":13},{"not_picked":["Dagger Throw","Backflip"],"picked":"Acrobatics","floor":18},{"not_picked":["Caltrops","Underhanded Strike+1","Eviscerate"],"picked":"SKIP","floor":19},{"not_picked":["Distraction+1","Outmaneuver"],"picked":"Backflip","floor":20},{"not_picked":["Die Die Die","Dagger Throw"],"picked":"Dagger Spray","floor":20},{"not_picked":["Terror+1","Riddle With Holes"],"picked":"Acrobatics","floor":20},{"not_picked":["Backflip","Masterful Stab"],"picked":"Accuracy+1","floor":22},{"not_picked":["Riddle With Holes+1","After Image","Reflex"],"picked":"SKIP","floor":24},{"not_picked":["Cloak And Dagger","Slice","Blade Dance+1"],"picked":"SKIP","floor":25},{"not_picked":["Well Laid Plans+1","Blur"],"picked":"Accuracy+1","floor":31},{"not_picked":["Envenom","Malaise"],"picked":"Adrenaline","floor":33},{"not_picked":["Sucker Punch+1","Quick Slash+1","Slice+1"],"picked":"SKIP","floor":35},{"not_picked":["Deadly Poison+1","Quick Slash+1","Bane+1"],"picked":"SKIP","floor":38},{"not_picked":["Catalyst+1","PiercingWail","Underhanded Strike+1"],"picked":"SKIP","floor":45},{"not_picked":["Bane+1","Quick Slash+1","PiercingWail"],"picked":"SKIP","floor":48}],"player_experience":365881,"relics_obtained":[{"floor":9,"key":"Bag of Marbles"},{"floor":13,"key":"HornCleat"},{"floor":17,"key":"Potion Belt"},{"floor":17,"key":"Shovel"},{"floor":17,"key":"Blue Candle"},{"floor":24,"key":"Happy Flower"},{"floor":26,"key":"Molten Egg 2"},{"floor":26,"key":"MawBank"},{"floor":31,"key":"Whetstone"},{"floor":32,"key":"Nunchaku"},{"floor":43,"key":"Oddly Smooth Stone"},{"floor":43,"key":"Kunai"},{"floor":45,"key":"TungstenRod"},{"floor":47,"key":"Orichalcum"},{"floor":49,"key":"Bottled Tornado"}],"event_choices":[{"damage_healed":0,"gold_gain":0,"player_choice":"Entered Light","damage_taken":15,"max_hp_gain":0,"max_hp_loss":0,"event_name":"Shining Light","floor":10,"gold_loss":0,"cards_upgraded":["Tactician","Strike_G"]},{"damage_healed":0,"gold_gain":0,"player_choice":"Upgraded","damage_taken":0,"max_hp_gain":0,"max_hp_loss":0,"event_name":"Upgrade Shrine","floor":14,"gold_loss":0,"cards_upgraded":["Caltrops"]},{"damage_healed":0,"gold_gain":100,"player_choice":"Bet on Murderer","damage_taken":0,"max_hp_gain":0,"max_hp_loss":0,"event_name":"The Joust","floor":21,"gold_loss":50},{"damage_healed":0,"gold_gain":0,"player_choice":"Ignored","damage_taken":0,"max_hp_gain":0,"max_hp_loss":0,"event_name":"Beggar","floor":28,"gold_loss":0},{"cards_removed":["Defend_G"],"damage_healed":0,"gold_gain":0,"player_choice":"Elegance","damage_taken":0,"max_hp_gain":0,"max_hp_loss":0,"event_name":"Back to Basics","floor":29,"gold_loss":0},{"damage_healed":0,"gold_gain":0,"player_choice":"Max HP","damage_taken":0,"max_hp_gain":0,"max_hp_loss":4,"event_name":"Winding Halls","floor":36,"gold_loss":0},{"damage_healed":0,"gold_gain":0,"player_choice":"Memory 1","damage_taken":0,"max_hp_gain":0,"max_hp_loss":0,"event_name":"SensoryStone","floor":39,"gold_loss":0},{"damage_healed":0,"gold_gain":0,"player_choice":"Upgraded","damage_taken":0,"max_hp_gain":0,"max_hp_loss":0,"event_name":"Upgrade Shrine","floor":46,"gold_loss":0,"cards_upgraded":["After Image"]}],"is_beta":false,"boss_relics":[{"not_picked":["Snecko Eye","Empty Cage"],"picked":"Calling Bell"},{"not_picked":["Ring of the Serpent","Philosopher\u0027s Stone"],"picked":"Fusion Hammer"}],"items_purged_floors":[3,3,3,3,3,20,27,27],"is_endless":false,"potions_floor_spawned":[1,4,7,16,18,22,31,35,48],"ascension_level":10}}