{"host":"e87rn453naquue3h","time":1608807058,"event":{"mods":["AchievementEnabler","BaseMod","Downfall","Minty Spire (QoL Compilation)","StSLib"],"gold_per_floor":[99,115,290,290,304,320,320,337,337,187,205,205,219,246,265,265,265,265],"floor_reached":16,"playtime":862,"items_purged":[],"score":104,"play_id":"373646cd-eae6-44a4-bdd1-8a2df43fdd61","local_time":"20201224055058","is_ascension_mode":false,"campfire_choices":[{"floor":1,"key":"RECALL"},{"data":"champ:IronFortress","floor":10,"key":"SMITH"},{"data":"champ:TornadoPunch","floor":12,"key":"SMITH"}],"circlet_count":0,"master_deck":["champ:Strike","champ:Strike","champ:Strike","champ:Strike","champ:Defend","champ:Defend","champ:Defend","champ:Defend","champ:Execute","champ:Taunt","Doubt","champ:Backstep","champ:TornadoPunch+1","champ:IronFortress+1","champ:DefensiveShout","champ:BringItOn","champ:DeathBlow"],"relics":["champ:ChampionCrown","Oddly Smooth Stone","Anchor","downfall:HeartBlessingRed","downfall:HeartBlessingBlue","Vajra"],"acts_visited":["Exordium"],"potions_floor_usage":[16],"damage_taken":[{"damage":3,"enemies":"2 Louse","floor":2,"turns":2},{"damage":5,"enemies":"Small Slimes","floor":5,"turns":4},{"damage":13,"enemies":"Jaw Worm","floor":6,"turns":9},{"damage":5,"enemies":"2 Fungi Beasts","floor":8,"turns":4},{"damage":1,"enemies":"Exordium Wildlife","floor":11,"turns":5},{"damage":31,"enemies":"Large Slime","floor":13,"turns":6},{"damage":34,"enemies":"Gremlin Nob","floor":14,"turns":6},{"damage":5,"enemies":"2 Fungi Beasts","floor":15,"turns":3},{"damage":38,"enemies":"downfall:Defect","floor":16,"turns":6}],"seed_played":"3021463933076397915","potions_obtained":[{"floor":2,"key":"LiquidBronze"},{"floor":5,"key":"Swift Potion"},{"floor":13,"key":"Swift Potion"},{"floor":15,"key":"FearPotion"}],"is_trial":false,"path_per_floor":["R","M","?","?","M","M","T","M","?","R","M","R","M","E","M","B"],"character_chosen":"THE_CHAMP","items_purchased":[],"campfire_rested":0,"item_purchase_floors":[],"current_hp_per_floor":[90,87,87,87,87,74,74,74,71,81,80,80,62,38,38,0,0,0],"gold":265,"neow_bonus":"RANDOM_COMMON_RELIC","is_daily":false,"chose_seed":false,"campfire_upgraded":2,"win_rate":0.0,"timestamp":1608807058,"path_taken":["R","M","?","?","M","M","T","M","?","R","M","R","M","E","M","BOSS"],"items_purchased_type":[],"build_version":"2020-12-22","purchased_purges":0,"victory":false,"max_hp_per_floor":[90,90,90,90,90,90,90,90,90,100,100,100,100,100,100,100,100,100],"card_choices":[{"not_picked":["champ:AdrenalArmor","champ:BladeFlurry","champ:FightOn"],"picked":"SKIP","floor":2},{"not_picked":["champ:GladiatorStyle","champ:PerfectedStrike"],"picked":"champ:Backstep","floor":5},{"not_picked":["champ:Haymaker","champ:MurderStrike"],"picked":"champ:TornadoPunch","floor":6},{"not_picked":["champ:BringItOn","champ:GladiatorsShout"],"picked":"champ:IronFortress","floor":8},{"not_picked":["champ:BringItOn","champ:GutPunch"],"picked":"champ:DefensiveShout","floor":11},{"not_picked":["champ:DefensiveShout","champ:TornadoPunch","champ:EnragedBash"],"picked":"SKIP","floor":13},{"not_picked":["champ:Haymaker","champ:GladiatorsShout"],"picked":"champ:BringItOn","floor":14},{"not_picked":["champ:Circumvent","champ:PerfectedStrike"],"picked":"champ:DeathBlow","floor":15}],"player_experience":2382702,"relics_obtained":[{"floor":14,"key":"Vajra"}],"event_choices":[{"damage_healed":0,"gold_gain":0,"player_choice":"Success","damage_taken":3,"relics_obtained":["Anchor"],"max_hp_gain":0,"max_hp_loss":0,"event_name":"Scrap Ooze","floor":9,"gold_loss":0}],"is_beta":false,"boss_relics":[],"items_purged_floors":[],"is_endless":false,"potions_floor_spawned":[2,5,13,15],"killed_by":"downfall:Defect","ascension_level":0}}