{"host":"7xrfhfoo16q2v8hj","time":1608795030,"event":{"mods":["BaseMod","Colored Map","DeckTracker","Highlight Path","Minty Spire (QoL Compilation)","StSLib","SuperFastMode"],"gold_per_floor":[117,117,117,117,117,117,136,311,311,311,328,347,377,396,396,493,493,511,91,106,106,125,125,125],"floor_reached":23,"playtime":639,"items_purged":["Regret"],"score":201,"play_id":"6750deea-c17c-45d2-bb99-c364649f679a","local_time":"20201224013030","is_ascension_mode":true,"campfire_choices":[{"data":"Dagger Spray","floor":6,"key":"SMITH"},{"data":"Dagger Spray","floor":10,"key":"SMITH"},{"data":"Infinite Blades","floor":15,"key":"SMITH"}],"circlet_count":0,"master_deck":["Strike_G","Strike_G","Strike_G","Strike_G","Strike_G","Defend_G","Defend_G","Defend_G","Defend_G","Defend_G","Survivor","Neutralize","Dagger Spray+1","Dagger Spray+1","Doubt","Infinite Blades+1","All Out Attack","Concentrate","Terror","Malaise","Blade Dance","Dagger Spray","Poisoned Stab","Deadly Poison+1","Quick Slash+1","Well Laid Plans"],"relics":["Ring of the Snake","Bag of Marbles","Eternal Feather","CaptainsWheel","Mango","Sundial","SlaversCollar","Prayer Wheel","NlothsMask"],"acts_visited":["Exordium","TheCity"],"potions_floor_usage":[16,23,23],"damage_taken":[{"damage":1,"enemies":"Jaw Worm","floor":1,"turns":4},{"damage":4,"enemies":"2 Louse","floor":7,"turns":3},{"damage":0,"enemies":"Small Slimes","floor":11,"turns":4},{"damage":5,"enemies":"Exordium Wildlife","floor":12,"turns":4},{"damage":31,"enemies":"Lagavulin","floor":13,"turns":6},{"damage":0,"enemies":"3 Louse","floor":14,"turns":1},{"damage":66,"enemies":"Slime Boss","floor":16,"turns":9},{"damage":20,"enemies":"Shell Parasite","floor":18,"turns":5},{"damage":35,"enemies":"2 Thieves","floor":20,"turns":4},{"damage":17,"enemies":"Sentry and Sphere","floor":22,"turns":5},{"damage":19,"enemies":"Centurion and Healer","floor":23,"turns":2}],"seed_played":"-1862028752962966008","potions_obtained":[{"floor":7,"key":"FairyPotion"},{"floor":12,"key":"CunningPotion"},{"floor":13,"key":"Strength Potion"},{"floor":18,"key":"FearPotion"}],"is_trial":false,"path_per_floor":["M","?","T","?","?","R","M","?","T","R","M","M","E","M","R","B",null,"M","$","M","?","M","M"],"character_chosen":"THE_SILENT","items_purchased":["Dagger Spray","Prayer Wheel"],"campfire_rested":0,"item_purchase_floors":[19,19],"current_hp_per_floor":[69,69,69,69,69,70,66,66,80,84,84,79,48,48,60,19,84,64,64,29,29,12,0,0],"gold":125,"neow_bonus":"RANDOM_COMMON_RELIC","is_daily":false,"chose_seed":false,"campfire_upgraded":3,"win_rate":0.0,"timestamp":1608795030,"path_taken":["M","?","?","?","?","R","M","?","T","R","?","M","E","M","R","BOSS","M","$","M","?","?","M"],"items_purchased_type":["Card","Relic"],"build_version":"2020-12-22","purchased_purges":1,"victory":false,"max_hp_per_floor":[70,70,70,70,70,70,70,70,84,84,84,84,84,84,84,84,84,84,84,84,84,84,84,84],"card_choices":[{"not_picked":["Deflect","Flying Knee"],"picked":"Dagger Spray","floor":1},{"not_picked":["Distraction","Deflect"],"picked":"Dagger Spray","floor":7},{"not_picked":["Blade Dance","Concentrate"],"picked":"Infinite Blades","floor":11},{"not_picked":["Deflect","Acrobatics"],"picked":"All Out Attack","floor":12},{"not_picked":["Underhanded Strike","Prepared"],"picked":"Concentrate","floor":13},{"not_picked":["Predator","Sucker Punch"],"picked":"Terror","floor":14},{"not_picked":["Burst","Venomology"],"picked":"Malaise","floor":16},{"not_picked":["Prepared","Slice"],"picked":"Blade Dance","floor":18},{"not_picked":["Calculated Gamble","Dagger Throw"],"picked":"Poisoned Stab","floor":20},{"not_picked":["Slice+1","Dodge and Roll"],"picked":"Deadly Poison+1","floor":20},{"not_picked":["Sucker Punch","Acrobatics"],"picked":"Quick Slash+1","floor":22},{"not_picked":["PiercingWail","Well Laid Plans","Reflex"],"picked":"SKIP","floor":22},{"not_picked":["PiercingWail","Reflex"],"picked":"Well Laid Plans","floor":22}],"player_experience":542167,"relics_obtained":[{"floor":3,"key":"Eternal Feather"},{"floor":9,"key":"Mango"},{"floor":13,"key":"Sundial"}],"event_choices":[{"damage_healed":0,"gold_gain":0,"player_choice":"Leave","damage_taken":0,"max_hp_gain":0,"max_hp_loss":0,"event_name":"The Cleric","floor":2,"gold_loss":0},{"damage_healed":0,"gold_gain":0,"player_choice":"Ignored","damage_taken":0,"max_hp_gain":0,"max_hp_loss":0,"event_name":"Golden Wing","floor":4,"gold_loss":0},{"damage_healed":0,"gold_gain":0,"player_choice":"Box","damage_taken":0,"relics_obtained":["CaptainsWheel"],"max_hp_gain":0,"max_hp_loss":0,"event_name":"Big Fish","floor":5,"gold_loss":0,"cards_obtained":["Regret"]},{"damage_healed":0,"gold_gain":175,"player_choice":"AGREE","damage_taken":0,"max_hp_gain":0,"max_hp_loss":0,"event_name":"Liars Game","floor":8,"gold_loss":0,"cards_obtained":["Doubt"]},{"damage_healed":0,"gold_gain":0,"player_choice":"Trade","damage_taken":0,"relics_obtained":["NlothsMask"],"max_hp_gain":0,"max_hp_loss":0,"event_name":"FaceTrader","floor":21,"gold_loss":0}],"is_beta":false,"boss_relics":[{"not_picked":["Philosopher\u0027s Stone","Velvet Choker"],"picked":"SlaversCollar"}],"items_purged_floors":[19],"is_endless":false,"potions_floor_spawned":[7,12,13,18],"killed_by":"Centurion and Healer","ascension_level":1}}