{"host":"tgr1xoidyjfo4u0n","time":1608807815,"event":{"mods":["Act Like it!","BaseMod","Better Vampires","CapriCore","Colored Powertips","GifTheSpireLib","Highlight Path","Minty Spire (QoL Compilation)","StSLib","The Immortal"],"gold_per_floor":[111,111,124,135,152,152,152,187,187,225,239,239,3,0,0,120,120,120,120],"floor_reached":18,"playtime":1261,"items_purged":["MokouMod:Strike"],"score":170,"play_id":"127d2b29-ea5a-4852-9085-8b2ff5def932","local_time":"20201224190335","is_ascension_mode":false,"campfire_choices":[{"data":"MokouMod:InfernalWave","floor":6,"key":"SMITH"},{"data":"MokouMod:BurningDraft","floor":12,"key":"SMITH"},{"floor":15,"key":"REST"}],"circlet_count":0,"master_deck":["MokouMod:Strike","MokouMod:Strike","MokouMod:Strike","MokouMod:Strike","MokouMod:Defend","MokouMod:Defend","MokouMod:Defend","MokouMod:Defend","MokouMod:HeatSpark","MokouMod:BurningDraft+1","MokouMod:Fireball","MokouMod:RoaringFlare","MokouMod:InfernalWave+1","MokouMod:HeatFactory","MokouMod:Firecracker","MokouMod:FusionFlare","Impatience","MokouMod:Geothermal"],"relics":["MokouMod:PhoenixFeather","NeowsBlessing","Golden Idol","Matryoshka","Blue Candle","Mummified Hand","Toy Ornithopter","Membership Card","SacredBark"],"acts_visited":["Exordium","TheCity"],"potions_floor_usage":[8,10],"damage_taken":[{"damage":0,"enemies":"Jaw Worm","floor":1,"turns":1},{"damage":0,"enemies":"Cultist","floor":3,"turns":1},{"damage":0,"enemies":"Small Slimes","floor":4,"turns":2},{"damage":10,"enemies":"2 Fungi Beasts","floor":5,"turns":3},{"damage":6,"enemies":"Gremlin Nob","floor":8,"turns":3},{"damage":29,"enemies":"3 Sentries","floor":10,"turns":7},{"damage":15,"enemies":"Looter","floor":11,"turns":3},{"damage":44,"enemies":"Slime Boss","floor":16,"turns":10},{"damage":5,"enemies":"Shell Parasite","floor":18,"turns":1}],"seed_played":"-5534723439736848749","potions_obtained":[{"floor":1,"key":"FearPotion"},{"floor":3,"key":"Ancient Potion"},{"floor":4,"key":"DistilledChaos"},{"floor":11,"key":"Energy Potion"},{"floor":16,"key":"ColorlessPotion"}],"is_trial":false,"path_per_floor":["M","?","M","M","M","R","?","E","T","E","M","R","$","?","R","B",null,"M"],"character_chosen":"MKU","items_purchased":["Membership Card","Impatience"],"campfire_rested":1,"item_purchase_floors":[13,13],"current_hp_per_floor":[75,75,75,75,65,65,47,41,41,12,18,18,18,18,40,18,75,70,70],"gold":120,"neow_bonus":"THREE_ENEMY_KILL","is_daily":false,"chose_seed":false,"campfire_upgraded":2,"win_rate":0.0,"timestamp":1608807815,"path_taken":["M","?","M","M","?","R","?","E","T","E","M","R","$","?","R","BOSS","M"],"items_purchased_type":["Relic","Card"],"build_version":"2020-12-22","purchased_purges":1,"victory":false,"max_hp_per_floor":[75,75,75,75,75,75,75,75,75,75,75,75,75,75,75,75,75,75,75],"card_choices":[{"not_picked":["MokouMod:CrimsonArmoury","MokouMod:SearingShot"],"picked":"MokouMod:BurningDraft","floor":1},{"not_picked":["MokouMod:BlazingComet","MokouMod:Ember"],"picked":"MokouMod:Fireball","floor":3},{"not_picked":["MokouMod:Firecracker","MokouMod:BurningHiddenBullet"],"picked":"MokouMod:RoaringFlare","floor":4},{"not_picked":["MokouMod:Stoke","MokouMod:Refresh"],"picked":"MokouMod:InfernalWave","floor":5},{"not_picked":["MokouMod:IllusoryBattlefield","MokouMod:Fireball"],"picked":"MokouMod:HeatFactory","floor":8},{"not_picked":["MokouMod:ImperishableFlame","MokouMod:EternalBurstReactor"],"picked":"MokouMod:Firecracker","floor":10},{"not_picked":["MokouMod:Meltdown","MokouMod:BlazingComet"],"picked":"MokouMod:FusionFlare","floor":11},{"not_picked":["MokouMod:Ventilation","MokouMod:SpontaneousHumanCombustion"],"picked":"MokouMod:Geothermal","floor":16}],"player_experience":303113,"relics_obtained":[{"floor":8,"key":"Matryoshka"},{"floor":9,"key":"Blue Candle"},{"floor":9,"key":"Mummified Hand"},{"floor":10,"key":"Toy Ornithopter"}],"event_choices":[{"damage_healed":0,"gold_gain":0,"player_choice":"Full Heal","damage_taken":0,"max_hp_gain":0,"max_hp_loss":0,"event_name":"Wheel of Change","floor":2,"gold_loss":0},{"damage_healed":0,"gold_gain":0,"player_choice":"Take Damage","damage_taken":18,"relics_obtained":["Golden Idol"],"max_hp_gain":0,"max_hp_loss":0,"event_name":"Golden Idol","floor":7,"gold_loss":0},{"damage_healed":0,"gold_gain":0,"player_choice":"Left Gold","damage_taken":0,"max_hp_gain":0,"max_hp_loss":0,"event_name":"World of Goop","floor":14,"gold_loss":3}],"is_beta":false,"boss_relics":[{"not_picked":["SlaversCollar","Tiny House"],"picked":"SacredBark"}],"items_purged_floors":[13],"is_endless":false,"potions_floor_spawned":[1,3,4,11,16],"killed_by":"Shell Parasite","ascension_level":0}}