{"host":"9pqy5lt7vda52ebm","time":1608845223,"event":{"mods":["BaseMod","Minty Spire (QoL Compilation)","Optimize The Spire","Quick Restart","StSLib","The Caster"],"gold_per_floor":[117,117,130,55,55,89,89,89,138,138,85,85,102,102,102,202,202,222,239,262,280,180,205,205,205,280,280,280,291,291,309,309,411,411,411,411],"floor_reached":35,"playtime":7784,"items_purged":["caster:defend","caster:strike"],"score":421,"play_id":"b3f379c2-6fb8-44dd-aab9-e60fa886c8ba","local_time":"20201224162703","is_ascension_mode":false,"campfire_choices":[{"data":"caster:BurnItDown","floor":7,"key":"SMITH"},{"data":"caster:WallOfAsh","floor":10,"key":"SMITH"},{"data":"caster:JupitelThunder","floor":15,"key":"SMITH"},{"data":"caster:MagicAttunement","floor":24,"key":"SMITH"},{"data":"caster:Explosion","floor":27,"key":"SMITH"},{"data":"caster:GlacialShield","floor":30,"key":"SMITH"},{"data":"caster:AlternatingCurrent","floor":32,"key":"SMITH"}],"circlet_count":0,"master_deck":["caster:Meteor+1","caster:DivertFocus+1","caster:WallOfAsh+1","caster:MagicAttunement+1","caster:MagicBarrier","caster:BurnItDown+1","caster:Fira+1","caster:JupitelThunder+1","caster:GlacialShield+1","caster:Explosion+1","CurseOfTheBell","caster:AlternatingCurrent+1","caster:Sandstorm","Ghostly","Ghostly","Ghostly","Ghostly","Ghostly","caster:IzanagisObdurance","caster:MeteorStorm","caster:SpontaneousCombustion","caster:QuickCast","caster:MagicBarrier","caster:Illusion","caster:StaticField"],"relics":["caster:MagicBook","NeowsBlessing","Boot","Tiny Chest","Regal Pillow","Calling Bell","Vajra","Question Card","Pocketwatch","Pen Nib","Mummified Hand","Vajra","White Beast Statue","Pandora\u0027s Box"],"acts_visited":["Exordium","TheCity","TheBeyond"],"potions_floor_usage":[19,33,33],"damage_taken":[{"damage":0,"enemies":"Jaw Worm","floor":1,"turns":2},{"damage":0,"enemies":"Small Slimes","floor":3,"turns":2},{"damage":0,"enemies":"Lagavulin","floor":6,"turns":3},{"damage":0,"enemies":"2 Louse","floor":13,"turns":3},{"damage":24,"enemies":"The Guardian","floor":16,"turns":10},{"damage":8,"enemies":"2 Thieves","floor":18,"turns":4},{"damage":0,"enemies":"3 Byrds","floor":19,"turns":5},{"damage":15,"enemies":"3 Cultists","floor":21,"turns":7},{"damage":24,"enemies":"Slavers","floor":23,"turns":11},{"damage":2,"enemies":"Sentry and Sphere","floor":29,"turns":6},{"damage":0,"enemies":"Chosen and Byrds","floor":31,"turns":6},{"damage":35,"enemies":"Collector","floor":33,"turns":16},{"damage":11,"enemies":"3 Darklings","floor":35,"turns":3}],"seed_played":"1780579525614168992","potions_obtained":[{"floor":1,"key":"EssenceOfSteel"},{"floor":16,"key":"SkillPotion"},{"floor":19,"key":"Fire Potion"},{"floor":21,"key":"BlessingOfTheForge"},{"floor":23,"key":"DuplicationPotion"},{"floor":33,"key":"Fire Potion"}],"is_trial":false,"path_per_floor":["M","?","M","$","?","E","R","?","T","R","$","?","M","?","R","B",null,"M","M","T","M","$","E","R","?","T","R","?","M","R","M","R","B",null,"M"],"character_chosen":"THE_CASTER","items_purchased":["caster:JupitelThunder"],"campfire_rested":0,"item_purchase_floors":[11],"current_hp_per_floor":[64,51,51,51,51,51,51,51,51,51,51,44,44,44,44,20,64,56,56,56,43,43,29,29,29,29,29,29,31,31,32,32,5,32,21,21],"gold":411,"neow_bonus":"THREE_ENEMY_KILL","is_daily":false,"chose_seed":false,"campfire_upgraded":7,"win_rate":0.0,"timestamp":1608845223,"path_taken":["M","?","M","$","?","E","R","?","T","R","?","?","M","?","R","BOSS","M","M","?","M","$","E","R","?","T","R","?","M","R","?","R","BOSS","M"],"items_purchased_type":["Card"],"build_version":"2020-12-22","purchased_purges":2,"victory":false,"max_hp_per_floor":[64,64,64,64,64,64,64,64,64,64,64,64,64,64,64,64,64,64,64,64,64,64,64,64,64,64,64,32,32,32,32,32,32,32,32,32],"card_choices":[{"not_picked":["caster:BloodRitual","caster:AbsoluteZero"],"picked":"caster:WallOfAsh","floor":1},{"not_picked":["caster:FireWall","caster:LAZER"],"picked":"caster:MagicAttunement","floor":3},{"not_picked":["caster:AshesToAshes","caster:AbsoluteZero"],"picked":"caster:BurnItDown","floor":6},{"not_picked":["caster:JupitelThunder","caster:Enfeeble"],"picked":"caster:GlacialShield","floor":13},{"not_picked":["caster:GateOfBabylon","caster:SunGoddessAmaterasu"],"picked":"caster:Explosion","floor":16},{"not_picked":["caster:MagicWeapon","caster:DiablosFlame","caster:Rectify"],"picked":"caster:AlternatingCurrent","floor":18},{"not_picked":["caster:DiamondDust","caster:MagicResonance+1","caster:DiablosFlame"],"picked":"caster:Sandstorm","floor":19},{"not_picked":["caster:FireWall","caster:LAZER","caster:IzanagisObdurance","caster:Fireball"],"picked":"SKIP","floor":21},{"not_picked":["caster:BurnItDown","caster:Rectify","caster:Fireball","caster:LAZER"],"picked":"SKIP","floor":23},{"not_picked":["caster:Rectify","caster:Enfeeble","caster:DiablosFlame","caster:WallOfSwords+1"],"picked":"SKIP","floor":29},{"not_picked":["caster:Sleet","caster:EchoingVoice","caster:FrostDriver","caster:WallOfAsh"],"picked":"SKIP","floor":31},{"not_picked":["caster:LordOfVermillion","caster:Focusyn","caster:EchoingVoice"],"picked":"caster:IzanagisObdurance","floor":33}],"player_experience":311977,"relics_obtained":[{"floor":6,"key":"Boot"},{"floor":9,"key":"Tiny Chest"},{"floor":17,"key":"Vajra"},{"floor":17,"key":"Question Card"},{"floor":17,"key":"Pocketwatch"},{"floor":20,"key":"Pen Nib"},{"floor":23,"key":"Mummified Hand"},{"floor":26,"key":"White Beast Statue"}],"event_choices":[{"damage_healed":0,"gold_gain":0,"player_choice":"Entered Light","damage_taken":13,"max_hp_gain":0,"max_hp_loss":0,"event_name":"Shining Light","floor":2,"gold_loss":0,"cards_upgraded":["caster:Meteor","caster:DivertFocus"]},{"damage_healed":0,"gold_gain":0,"cards_transformed":["caster:strike"],"player_choice":"Change","damage_taken":0,"max_hp_gain":0,"max_hp_loss":0,"event_name":"Living Wall","floor":5,"gold_loss":0,"cards_obtained":["caster:MagicBarrier"]},{"damage_healed":0,"gold_gain":0,"player_choice":"Success","damage_taken":7,"relics_obtained":["Regal Pillow"],"max_hp_gain":0,"max_hp_loss":0,"event_name":"Scrap Ooze","floor":12,"gold_loss":0},{"damage_healed":0,"gold_gain":0,"player_choice":"Ignored","damage_taken":0,"max_hp_gain":0,"max_hp_loss":0,"event_name":"Liars Game","floor":14,"gold_loss":0},{"damage_healed":0,"gold_gain":0,"player_choice":"Became a Ghost","damage_taken":0,"max_hp_gain":0,"max_hp_loss":32,"event_name":"Ghosts","floor":28,"gold_loss":0,"cards_obtained":["Ghostly","Ghostly","Ghostly","Ghostly","Ghostly"]}],"is_beta":false,"boss_relics":[{"not_picked":["Runic Dome","Tiny House"],"picked":"Calling Bell"},{"not_picked":["Empty Cage","Black Star"],"picked":"Pandora\u0027s Box"}],"items_purged_floors":[4,22],"is_endless":false,"potions_floor_spawned":[1,16,19,21,23,29,31,33],"killed_by":"3 Darklings","ascension_level":0}}