{"host":"sdjng9zhqonqi3uc","time":1608815052,"event":{"mods":["2.2 Compatiblity","AchievementEnabler","BaseMod","BetterRewards","Colored Powertips","Hero for Fun","Minty Spire (QoL Compilation)","Shop Mod","StSLib","Td1madao Mod","The Animator","The Cursed","The Servant 0.9.4"],"gold_per_floor":[113,125,125,141,167,197,197,232,244,289,1,1,31,65,65,163,163,179,179,196,210,224,224,224],"floor_reached":23,"playtime":2155,"items_purged":[],"score":260,"play_id":"61d026e8-6fd7-421d-8105-83c36c32cb2f","local_time":"20201224140412","is_ascension_mode":true,"campfire_choices":[{"data":"animator:Berserker","floor":7,"key":"SMITH"},{"floor":12,"key":"REST"},{"floor":15,"key":"REST"}],"circlet_count":0,"master_deck":["animator:Strike_Fate","animator:Defend_Fate","animator:Strike","animator:Strike","animator:Strike","animator:Defend","animator:Defend","animator:Defend","animator:Alexander","animator:Rider","animator:Emonzaemon","animator:IzunaHatsuse+1","animator:RoyMustang","animator:RinTohsaka","animator:Berserker+1","animator:Envy","animator:Illya","animator:Sora","animator:Emonzaemon","animator:Saber","animator:Megumin","Decay","animator:Mitsurugi","animator:Tet","animator:Berserker"],"relics":["animator:LivingPicture","animator:TheMissingPiece","animator:PurgingStone","Turnip","Torii","MawBank","Matryoshka","Smiling Mask","Ice Cream","Dream Catcher","SacredBark"],"acts_visited":["Exordium","TheCity"],"potions_floor_usage":[6,16,16,18,21,22],"damage_taken":[{"damage":0,"enemies":"2 Louse","floor":1,"turns":3},{"damage":6,"enemies":"Cultist","floor":2,"turns":3},{"damage":0,"enemies":"Jaw Worm","floor":4,"turns":4},{"damage":3,"enemies":"Red Slaver","floor":5,"turns":3},{"damage":18,"enemies":"3 Sentries","floor":6,"turns":5},{"damage":15,"enemies":"Gremlin Nob","floor":8,"turns":4},{"damage":2,"enemies":"3 Sentries","floor":10,"turns":5},{"damage":10,"enemies":"Gremlin Gang","floor":13,"turns":5},{"damage":11,"enemies":"Lagavulin","floor":14,"turns":6},{"damage":13,"enemies":"The Guardian","floor":16,"turns":11},{"damage":0,"enemies":"Spheric Guardian","floor":18,"turns":2},{"damage":8,"enemies":"3 Byrds","floor":20,"turns":5},{"damage":4,"enemies":"Centurion and Healer","floor":21,"turns":13},{"damage":8,"enemies":"Cultist and Chosen","floor":22,"turns":5},{"damage":45,"enemies":"Book of Stabbing","floor":23,"turns":5}],"seed_played":"4560552643138241052","potions_obtained":[{"floor":2,"key":"ColorlessPotion"},{"floor":8,"key":"LiquidBronze"},{"floor":13,"key":"SpeedPotion"},{"floor":16,"key":"LiquidMemories"},{"floor":18,"key":"DuplicationPotion"},{"floor":20,"key":"EssenceOfSteel"}],"is_trial":false,"path_per_floor":["M","M","?","M","M","E","R","E","T","E","$","R","M","E","R","B",null,"M","?","M","M","M","E"],"character_chosen":"THE_ANIMATOR","items_purchased":["Ice Cream"],"campfire_rested":2,"item_purchase_floors":[11],"current_hp_per_floor":[60,54,54,54,51,34,34,19,19,17,17,35,25,14,32,20,62,62,62,54,50,42,0,0],"gold":224,"neow_bonus":"ONE_RARE_RELIC","is_daily":false,"chose_seed":false,"campfire_upgraded":1,"win_rate":0.0,"timestamp":1608815052,"path_taken":["M","M","?","M","M","E","R","E","T","E","?","R","M","E","R","BOSS","M","?","M","M","M","E"],"items_purchased_type":["Relic"],"build_version":"2020-12-22","purchased_purges":0,"victory":false,"max_hp_per_floor":[60,60,60,60,60,61,61,61,61,61,61,61,61,61,61,62,62,62,62,62,62,62,62,62],"card_choices":[{"not_picked":["animator:Sloth","animator:Laby"],"picked":"animator:Emonzaemon","floor":1},{"not_picked":["animator:DolaRiku","animator:Guy"],"picked":"animator:IzunaHatsuse","floor":2},{"not_picked":["animator:Shigure","animator:ZankiKiguchi"],"picked":"animator:RoyMustang","floor":4},{"not_picked":["animator:Caster","animator:Rider"],"picked":"animator:RinTohsaka","floor":5},{"not_picked":["animator:Cocytus","animator:DolaSchwi"],"picked":"animator:Berserker","floor":6},{"not_picked":["animator:ChlammyZell","animator:Demiurge","animator:Gillette"],"picked":"SKIP","floor":8},{"not_picked":["animator:DolaSchwi","animator:Alexander"],"picked":"animator:Envy","floor":10},{"not_picked":["animator:Alexander","animator:Berserker"],"picked":"animator:Illya","floor":13},{"not_picked":["animator:UneriGinkaku","animator:Jibril"],"picked":"animator:Sora","floor":14},{"not_picked":["animator:HiiragiShinya","animator:Gillette"],"picked":"animator:Emonzaemon","floor":15},{"not_picked":["animator:Wiz","animator:Albedo"],"picked":"animator:Saber","floor":16},{"not_picked":["animator:Mitsurugi","animator:Laby"],"picked":"animator:Megumin","floor":18},{"not_picked":["animator:Rider","animator:Chung"],"picked":"animator:Mitsurugi","floor":20},{"not_picked":["animator:DolaStephanie","animator:DolaRiku"],"picked":"animator:Tet","floor":21},{"not_picked":["animator:DolaCouronne+1","animator:Alexander"],"picked":"animator:Berserker","floor":22}],"player_experience":251959,"relics_obtained":[{"floor":6,"key":"Torii"},{"floor":8,"key":"MawBank"},{"floor":9,"key":"Matryoshka"},{"floor":10,"key":"Smiling Mask"},{"floor":14,"key":"Dream Catcher"}],"event_choices":[{"damage_healed":0,"gold_gain":0,"player_choice":"Upgraded","damage_taken":0,"max_hp_gain":0,"max_hp_loss":0,"event_name":"Upgrade Shrine","floor":3,"gold_loss":0,"cards_upgraded":["animator:IzunaHatsuse"]},{"damage_healed":0,"gold_gain":0,"player_choice":"Smashed Altar","damage_taken":0,"max_hp_gain":0,"max_hp_loss":0,"event_name":"Forgotten Altar","floor":19,"gold_loss":0,"cards_obtained":["Decay"]}],"is_beta":false,"boss_relics":[{"not_picked":["animator:CursedBlade","SlaversCollar"],"picked":"SacredBark"}],"items_purged_floors":[],"is_endless":false,"potions_floor_spawned":[2,8,13,16,18,20],"killed_by":"Book of Stabbing","ascension_level":1}}