{"host":"4nqeo0vu1vuav7gg","time":1608809691,"event":{"mods":["AchievementEnabler","BaseMod","Block Reminder","Colored Map","Colored Powertips","Highlight Path","Minty Spire (QoL Compilation)","Quick Restart","Rare Cards Sparkle","Relic Relevance Reorder","StSLib"],"gold_per_floor":[367,378,19,39,39,69,69,103,154,154,154],"floor_reached":10,"playtime":347,"items_purged":["Strike_B"],"score":137,"play_id":"46914c75-646f-4339-8ba8-6814ae7c3a11","local_time":"20201224123451","is_ascension_mode":true,"campfire_choices":[{"floor":7.0,"key":"REST"}],"circlet_count":0,"master_deck":["AscendersBane","Strike_B","Strike_B","Strike_B","Defend_B","Defend_B","Defend_B+1","Defend_B","Zap","Dualcast+1","Ball Lightning","Hologram","Redo","Capacitor","BootSequence"],"relics":["Cracked Core","Question Card","Darkstone Periapt","Tiny Chest","War Paint","Boot"],"acts_visited":["Exordium"],"potions_floor_usage":[],"damage_taken":[{"damage":4.0,"enemies":"Small Slimes","floor":1.0,"turns":3.0},{"damage":8.0,"enemies":"2 Louse","floor":2.0,"turns":2.0},{"damage":2.0,"enemies":"Jaw Worm","floor":4.0,"turns":2.0},{"damage":12.0,"enemies":"3 Sentries","floor":6.0,"turns":5.0},{"damage":20.0,"enemies":"Lagavulin","floor":8.0,"turns":6.0},{"damage":29,"enemies":"Gremlin Nob","floor":10,"turns":3}],"seed_played":"-5065553622020951164","potions_obtained":[{"floor":2.0,"key":"Fruit Juice"},{"floor":4.0,"key":"EssenceOfDarkness"},{"floor":6.0,"key":"SteroidPotion"}],"is_trial":false,"path_per_floor":["M","M","$","M","?","E","R","E","T","E"],"character_chosen":"DEFECT","items_purchased":["Question Card"],"campfire_rested":1,"item_purchase_floors":[3],"current_hp_per_floor":[60,57,57,55,20,8,28,8,8,0,0],"gold":154,"neow_bonus":"TWO_FIFTY_GOLD","is_daily":false,"chose_seed":false,"campfire_upgraded":0,"win_rate":0.0,"timestamp":1608809691,"path_taken":["M","M","$","M","?","E","R","E","T","E"],"items_purchased_type":["Relic"],"build_version":"2020-12-22","purchased_purges":1,"victory":false,"max_hp_per_floor":[64,69,69,69,69,69,69,69,69,69,69],"card_choices":[{"not_picked":["Conserve Battery","Compile Driver"],"picked":"Ball Lightning","floor":1.0},{"not_picked":["Force Field","Lockon"],"picked":"Hologram","floor":2.0},{"not_picked":["Streamline","Beam Cell","Skim"],"picked":"Redo","floor":4.0},{"not_picked":["Force Field","Barrage","Hologram"],"picked":"Capacitor","floor":6.0},{"not_picked":["Scrape","Coolheaded","White Noise"],"picked":"BootSequence","floor":8.0}],"player_experience":989429,"relics_obtained":[{"floor":6.0,"key":"Tiny Chest"},{"floor":8.0,"key":"War Paint"},{"floor":9.0,"key":"Boot"}],"event_choices":[{"damage_healed":0.0,"max_hp_gain":0.0,"max_hp_loss":0.0,"gold_gain":0.0,"event_name":"Scrap Ooze","player_choice":"Success","floor":5.0,"gold_loss":0.0,"damage_taken":35.0,"relics_obtained":["Darkstone Periapt"]}],"is_beta":false,"boss_relics":[],"items_purged_floors":[3],"is_endless":false,"potions_floor_spawned":[2,4,6],"killed_by":"Gremlin Nob","ascension_level":16}}