{"host":"z5ys1wbqpsyqmecy","time":1608851594,"event":{"mods":["BaseMod","Colored Map","Colored Powertips","Minty Spire (QoL Compilation)","Relic Stats"],"gold_per_floor":[118,133,133,308,308,308,343,362,386,86,97,109,124,141,141,246,246,264,291,306,179,192,218,218,237,309,309,309,335,24,35,35,35,35],"floor_reached":33,"playtime":2173,"items_purged":["Pain","Doubt"],"score":339,"play_id":"47586268-e4d8-4b35-b61f-2e5e46b51744","local_time":"20201224151314","is_ascension_mode":false,"campfire_choices":[{"data":"Finisher","floor":6,"key":"SMITH"},{"data":"Backstab","floor":15,"key":"SMITH"},{"data":"Backstab","floor":24,"key":"SMITH"},{"floor":28,"key":"REST"},{"data":"Endless Agony","floor":32,"key":"SMITH"}],"circlet_count":0,"master_deck":["Strike_G","Strike_G","Strike_G","Strike_G","Strike_G","Defend_G","Defend_G","Defend_G","Defend_G","Defend_G","Survivor","Neutralize","Finisher+1","Deadly Poison","Endless Agony+1","Bane","Backstab+1","Deadly Poison","Dash","Dagger Spray","Blade Dance","PiercingWail","Bullet Time","CurseOfTheBell","Deflect+1","Finisher","Choke","Dagger Throw+1","Backstab+1","Riddle With Holes","RitualDagger","Deadly Poison+1","Backstab+1","Endless Agony","Sucker Punch"],"relics":["Ring of the Snake","NeowsBlessing","WarpedTongs","Pen Nib","Smiling Mask","Bag of Marbles","Calling Bell","Blood Vial","Kunai","Torii","MealTicket","StoneCalendar","Eternal Feather","Strawberry","DollysMirror"],"acts_visited":["Exordium","TheCity"],"potions_floor_usage":[11,16,18,23,29,29,33],"damage_taken":[{"damage":0,"enemies":"Small Slimes","floor":1,"turns":1},{"damage":0,"enemies":"Jaw Worm","floor":2,"turns":1},{"damage":0,"enemies":"Lagavulin","floor":7,"turns":1},{"damage":3,"enemies":"2 Louse","floor":8,"turns":3},{"damage":0,"enemies":"Lots of Slimes","floor":11,"turns":3},{"damage":0,"enemies":"Red Slaver","floor":12,"turns":1},{"damage":0,"enemies":"2 Fungi Beasts","floor":13,"turns":2},{"damage":0,"enemies":"Exordium Wildlife","floor":14,"turns":1},{"damage":4,"enemies":"Slime Boss","floor":16,"turns":7},{"damage":0,"enemies":"3 Byrds","floor":18,"turns":6},{"damage":0,"enemies":"2 Thieves","floor":20,"turns":3},{"damage":2,"enemies":"Snake Plant","floor":22,"turns":3},{"damage":44,"enemies":"Gremlin Leader","floor":23,"turns":7},{"damage":2,"enemies":"Cultist and Chosen","floor":25,"turns":2},{"damage":19,"enemies":"Book of Stabbing","floor":29,"turns":6},{"damage":0,"enemies":"Centurion and Healer","floor":31,"turns":1},{"damage":100,"enemies":"Champ","floor":33,"turns":11}],"seed_played":"-3515729662477345018","potions_obtained":[{"floor":1,"key":"Weak Potion"},{"floor":7,"key":"Block Potion"},{"floor":8,"key":"SteroidPotion"},{"floor":11,"key":"AttackPotion"},{"floor":13,"key":"GamblersBrew"},{"floor":22,"key":"DuplicationPotion"},{"floor":23,"key":"Block Potion"}],"is_trial":false,"path_per_floor":["M","M","?","?","?","R","E","M","T","$","M","M","M","M","R","B",null,"M","T","M","$","M","E","R","M","T","?","R","E","$","M","R","B"],"character_chosen":"THE_SILENT","items_purchased":["Backstab","Bag of Marbles","Deadly Poison","Choke","DollysMirror","Endless Agony","DuplicationPotion"],"campfire_rested":1,"item_purchase_floors":[10,10,10,21,30,30,30],"current_hp_per_floor":[70,70,70,70,70,70,70,67,67,67,67,67,67,67,67,63,70,70,70,70,70,68,26,26,26,26,20,59,49,64,66,77,0,0],"gold":35,"neow_bonus":"THREE_ENEMY_KILL","is_daily":false,"chose_seed":false,"campfire_upgraded":4,"win_rate":0.0,"timestamp":1608851594,"path_taken":["M","M","?","?","?","R","E","M","T","$","M","M","M","?","R","BOSS","M","?","M","$","M","E","R","M","T","?","R","E","?","M","R","BOSS"],"items_purchased_type":["Card","Relic","Card","Card","Relic","Card","Potion"],"build_version":"2020-12-22","purchased_purges":2,"victory":false,"max_hp_per_floor":[70,70,70,70,70,70,70,70,70,70,70,70,70,70,70,70,70,70,70,70,70,70,70,70,70,70,70,70,77,77,77,77,77,77],"relic_stats":{"Blood Vial":8,"Torii":22,"counters":[17,59],"MealTicket":15,"StoneCalendar":[52],"Eternal Feather":29,"Pen Nib":[16],"Kunai":[26],"Smiling Mask":75,"obtain_stats":[{"NeowsBlessing":0,"Torii":17,"StoneCalendar":23,"Eternal Feather":26,"Pen Nib":7,"Smiling Mask":9,"WarpedTongs":5,"Calling Bell":17,"Blood Vial":17,"DollysMirror":30,"Strawberry":29,"MealTicket":19,"Bag of Marbles":10,"Kunai":17,"Ring of the Snake":0},{"NeowsBlessing":0,"Torii":9,"StoneCalendar":13,"Eternal Feather":14,"Pen Nib":3,"Smiling Mask":4,"WarpedTongs":2,"Calling Bell":9,"Blood Vial":9,"DollysMirror":15,"Strawberry":15,"MealTicket":10,"Bag of Marbles":4,"Kunai":9,"Ring of the Snake":0},{"NeowsBlessing":0,"Torii":20,"StoneCalendar":39,"Eternal Feather":41,"Pen Nib":3,"Smiling Mask":6,"WarpedTongs":2,"Calling Bell":20,"Blood Vial":20,"DollysMirror":47,"Strawberry":47,"MealTicket":26,"Bag of Marbles":6,"Kunai":20,"Ring of the Snake":0}],"Ring of the Snake":[36],"WarpedTongs":[57]},"card_choices":[{"not_picked":["Dodge and Roll","Reflex"],"picked":"Finisher","floor":1},{"not_picked":["Underhanded Strike","Infinite Blades"],"picked":"Deadly Poison","floor":2},{"not_picked":["Deflect","Heel Hook"],"picked":"Endless Agony","floor":7},{"not_picked":["Blade Dance","Dodge and Roll"],"picked":"Bane","floor":8},{"not_picked":["A Thousand Cuts","Leg Sweep"],"picked":"Dash","floor":11},{"not_picked":["Dagger Throw","Deflect"],"picked":"Dagger Spray","floor":12},{"not_picked":["Heel Hook","Reflex"],"picked":"Blade Dance","floor":13},{"not_picked":["Catalyst","Deflect"],"picked":"PiercingWail","floor":14},{"not_picked":["Unload","Tools of the Trade"],"picked":"Bullet Time","floor":16},{"not_picked":["Leg Sweep","Tactician+1"],"picked":"Deflect+1","floor":18},{"not_picked":["Blade Dance","Deadly Poison+1"],"picked":"Finisher","floor":20},{"not_picked":["Flying Knee","Poisoned Stab"],"picked":"Dagger Throw+1","floor":22},{"not_picked":["Infinite Blades","Finisher"],"picked":"Backstab","floor":23},{"not_picked":["Underhanded Strike","Flying Knee"],"picked":"Riddle With Holes","floor":25},{"not_picked":["Riddle With Holes","Reflex"],"picked":"Deadly Poison+1","floor":29},{"not_picked":["A Thousand Cuts","Acrobatics"],"picked":"Sucker Punch","floor":31}],"player_experience":22571,"relics_obtained":[{"floor":7,"key":"Pen Nib"},{"floor":9,"key":"Smiling Mask"},{"floor":17,"key":"Blood Vial"},{"floor":17,"key":"Kunai"},{"floor":17,"key":"Torii"},{"floor":19,"key":"MealTicket"},{"floor":23,"key":"StoneCalendar"},{"floor":26,"key":"Eternal Feather"},{"floor":29,"key":"Strawberry"}],"event_choices":[{"damage_healed":0,"gold_gain":0,"player_choice":"Leave","damage_taken":0,"max_hp_gain":0,"max_hp_loss":0,"event_name":"The Cleric","floor":3,"gold_loss":0},{"damage_healed":0,"gold_gain":175,"player_choice":"AGREE","damage_taken":0,"max_hp_gain":0,"max_hp_loss":0,"event_name":"Liars Game","floor":4,"gold_loss":0,"cards_obtained":["Doubt"]},{"damage_healed":0,"gold_gain":0,"player_choice":"Rummage","damage_taken":0,"relics_obtained":["WarpedTongs"],"max_hp_gain":0,"max_hp_loss":0,"event_name":"Accursed Blacksmith","floor":5,"gold_loss":0,"cards_obtained":["Pain"]},{"damage_healed":0,"gold_gain":0,"player_choice":"Joined the Cult","damage_taken":6,"max_hp_gain":0,"max_hp_loss":0,"event_name":"Nest","floor":27,"gold_loss":0,"cards_obtained":["RitualDagger"]}],"is_beta":false,"boss_relics":[{"not_picked":["SacredBark","Coffee Dripper"],"picked":"Calling Bell"}],"items_purged_floors":[10,21],"is_endless":false,"potions_floor_spawned":[1,7,8,11,13,22,23],"killed_by":"Champ","ascension_level":0}}