{"host":"mjau5a91be6b66g4","time":1608796276,"event":{"mods":["BaseMod","Lobotomy","Minty Spire (QoL Compilation)","StSLib","The Animator","The Bug Knight","The Jungle"],"gold_per_floor":[117,117,117,81,101,101,1,1,1,17,17,36,61,71,71,168,168,178,78,58,78,98,98,98,98,98,98,111,111,111],"floor_reached":29,"playtime":1189,"items_purged":["Strike_G","MHz"],"score":273,"play_id":"76f00499-2ba5-4659-9c2b-14a8dd0e3abe","local_time":"20201224155116","is_ascension_mode":false,"campfire_choices":[{"floor":6,"key":"REST"},{"data":"Survivor","floor":8,"key":"SMITH"},{"data":"Deadly Poison","floor":11,"key":"SMITH"},{"data":"Noxious Fumes","floor":15,"key":"SMITH"},{"floor":23,"key":"REST"},{"data":"Blur","floor":25,"key":"SMITH"}],"circlet_count":0,"master_deck":["Apo_SoulSlash","Apo_Charge","Apo_Charge","Apo_Charge","Apo_Charge","Apo_Beam","Apo_Beam","Apo_Beam","Apo_Execute","Apo_Slash","Apo_Slash","Apo_SoulSlash","Backflip","NakedNest"],"relics":["Ring of the Snake","CogitoBucket","FossilizedHelix","Strawberry","ResearcherNote","Velvet Choker","Darkstone Periapt","ApostleMask"],"acts_visited":["Exordium","Exordium"],"potions_floor_usage":[13,16,22,22,27,27],"damage_taken":[{"damage":2,"enemies":"Small Slimes","floor":1,"turns":4},{"damage":0,"enemies":"2 Louse","floor":5,"turns":2},{"damage":0,"enemies":"Jaw Worm","floor":10,"turns":2},{"damage":0,"enemies":"Exordium Wildlife","floor":12,"turns":2},{"damage":16,"enemies":"Gremlin Nob","floor":13,"turns":4},{"damage":0,"enemies":"2 Fungi Beasts","floor":14,"turns":2},{"damage":50,"enemies":"Hexaghost","floor":16,"turns":7},{"damage":17,"enemies":"Shell Parasite","floor":18,"turns":5},{"damage":0,"enemies":"theJungle:MUSHROOMGANG","floor":21,"turns":2},{"damage":30,"enemies":"theJungle:Lyon","floor":22,"turns":5},{"damage":0,"enemies":"theJungle:SlimyTreeVines","floor":28,"turns":2},{"damage":33,"enemies":"theJungle:2_Flameangoes","floor":29,"turns":3}],"seed_played":"5197235698764308978","potions_obtained":[{"floor":1,"key":"EssenceOfSteel"},{"floor":12,"key":"Explosive Potion"},{"floor":20,"key":"EntropicBrew"},{"floor":22,"key":"Weak Potion"},{"floor":28,"key":"SteroidPotion"}],"is_trial":false,"path_per_floor":["M","?","?","?","M","R","$","R","T","M","R","M","E","M","R","B",null,"M","$","?","M","M","R","$","R","T","M","M","M"],"character_chosen":"THE_SILENT","items_purchased":["Deadly Poison"],"campfire_rested":2,"item_purchase_floors":[7],"current_hp_per_floor":[68,61,47,47,47,68,68,68,68,68,68,69,60,60,60,10,77,60,60,60,61,37,60,60,60,60,28,28,0,0],"gold":111,"neow_bonus":"","is_daily":false,"chose_seed":false,"campfire_upgraded":4,"win_rate":0.0,"timestamp":1608796276,"path_taken":["M","?","?","?","M","R","?","R","T","M","R","?","E","M","R","BOSS","M","$","?","?","M","R","?","R","T","?","M","M"],"items_purchased_type":["Card"],"build_version":"2020-12-22","purchased_purges":2,"victory":false,"max_hp_per_floor":[70,70,70,70,70,70,70,70,70,70,70,70,77,77,77,77,77,77,77,77,77,77,77,77,77,77,77,77,77,77],"card_choices":[{"not_picked":["PunishingBird","Wellcheers"],"picked":"MHz","floor":1},{"not_picked":["Dagger Spray","Sucker Punch"],"picked":"Deadly Poison","floor":1},{"not_picked":["OSAHOGD","LittlePrince"],"picked":"Scorched","floor":5},{"not_picked":["Escape Plan","Underhanded Strike"],"picked":"Deadly Poison","floor":5},{"not_picked":["QueenOfHatred","LaLuna"],"picked":"Bloodbath","floor":10},{"not_picked":["Prepared","Die Die Die"],"picked":"Escape Plan","floor":10},{"not_picked":["Backflip","Quick Slash"],"picked":"Noxious Fumes","floor":12},{"not_picked":["Calculated Gamble","Sucker Punch"],"picked":"Escape Plan","floor":13},{"not_picked":["FairyFestival","WallGazer"],"picked":"VoidDream","floor":13},{"not_picked":["OldLady","SnowQueen"],"picked":"Porccubus","floor":14},{"not_picked":["Eviscerate","Tactician","Endless Agony"],"picked":"SKIP","floor":14},{"not_picked":["Setup","Endless Agony","Dash"],"picked":"SKIP","floor":18},{"not_picked":["MHz","FieryBird"],"picked":"PlagueDoctor","floor":21},{"not_picked":["Well Laid Plans","Dodge and Roll"],"picked":"PiercingWail","floor":21},{"not_picked":["Blade Dance","Underhanded Strike"],"picked":"Blur","floor":22},{"not_picked":["HappyTeddy","DreamingCurrent"],"picked":"SpiderBud","floor":22},{"not_picked":["Well Laid Plans","Footwork+1"],"picked":"Backflip","floor":28},{"not_picked":["MeltingLove","PunishingBird"],"picked":"NakedNest","floor":28}],"player_experience":203661,"relics_obtained":[{"floor":13,"key":"Strawberry"},{"floor":26,"key":"Darkstone Periapt"}],"event_choices":[{"damage_healed":0,"gold_gain":0,"player_choice":"Success","damage_taken":7,"relics_obtained":["FossilizedHelix"],"max_hp_gain":0,"max_hp_loss":0,"event_name":"Scrap Ooze","floor":2,"gold_loss":0},{"damage_healed":0,"gold_gain":0,"player_choice":"Entered Light","damage_taken":14,"max_hp_gain":0,"max_hp_loss":0,"event_name":"Shining Light","floor":3,"gold_loss":0,"cards_upgraded":["Strike_G","Defend_G"]},{"damage_healed":0,"gold_gain":0,"player_choice":"Left Gold","damage_taken":0,"max_hp_gain":0,"max_hp_loss":0,"event_name":"World of Goop","floor":4,"gold_loss":36},{"damage_healed":0,"gold_gain":0,"player_choice":"Bought 1 Potion","damage_taken":0,"max_hp_gain":0,"max_hp_loss":0,"event_name":"The Woman in Blue","floor":20,"gold_loss":0}],"is_beta":false,"boss_relics":[{"not_picked":["WristBlade","Runic Pyramid"],"picked":"Velvet Choker"}],"items_purged_floors":[7,19],"is_endless":false,"potions_floor_spawned":[1,12,22,28],"killed_by":"theJungle:2_Flameangoes","ascension_level":0}}