{"host":"uae2ry9d6rl7cq98","time":1608801026,"event":{"mods":["AchievementEnabler","BaseMod","BetterRewards","Colored Map","Custom Start","Hermit","Hubris","Infinite Spire","Minty Spire (QoL Compilation)","Replay The Spire","Shop Mod","StSLib","SuperFastMode","The Animator","The Hierophant","The Servant 0.9.4"],"gold_per_floor":[119,41,58,77,77,106,106,138,161,171,171,186,205,205,205,309,309,321,321,281,300,300,335,355,355,355,379,399,414,445,445,445,543,543,563,579,579,205,205,205,438,438,449,449,524,524,539,539,539,219,219,324,324,330,334,334,334,341,216,216],"floor_reached":59,"playtime":4123,"items_purged":["Defend_B","Strike_B","Defend_B"],"score":816,"play_id":"a119f88b-c5b1-40af-9227-611e8d784eb4","local_time":"20201224011026","is_ascension_mode":false,"campfire_choices":[{"floor":7.0,"key":"RECALL"},{"data":"Loop","floor":15.0,"key":"SMITH"},{"data":"hubris:Fate","floor":25.0,"key":"SMITH"},{"data":"Mirror Shield","floor":32.0,"key":"SMITH"},{"data":"1","floor":42,"key":"LIFT"},{"floor":48,"key":"REST"},{"data":"hubris:DoWhile","floor":51,"key":"SMITH"}],"circlet_count":0,"master_deck":["Strike_B","Strike_B+1","Defend_B","Defend_B","ReplayTheSpireMod:Calculation Training","Loop+1","Streamline","hubris:Fate+1","FIFO Queue+1","Undo","Mirror Shield+1","Redo","Fusion+1","hubris:DoWhile+1","White Noise","Coolheaded+1","Ball Lightning+1","Doom and Gloom+1","Conserve Battery+1","Core Surge","ReplayTheSpireMod:GoodbyeWorld","Barrage+1","Chill+1","Genetic Algorithm+1","ReplayGash","Vigilance","Eruption","All For One"],"relics":["Cracked Core","Happy Flower","infinitespire:Broken Mirror","infinitespire:Freezer","hubris:SphereOfDissonance","Ornamental Fan","Mirror","Replay:Antivirus Software","Matryoshka","Bronze Scales","Replay:Mystery Machine","hubris:Zylophone","Replay:Towering Pillar of Hats","Inserter","MerchantsRug","Girya","The Courier","hubris:Towel","HornCleat","hubris:Icosahedron","Toy Ornithopter","Centennial Puzzle","hubris:HollowSoul","Prayer Wheel"],"acts_visited":["Exordium","TheCity","TheBeyond","Exordium"],"potions_floor_usage":[52,52],"damage_taken":[{"damage":3.0,"enemies":"2 Louse","floor":1.0,"turns":3.0},{"damage":0.0,"enemies":"Cultist","floor":3.0,"turns":4.0},{"damage":3.0,"enemies":"Small Slimes","floor":4.0,"turns":3.0},{"damage":13.0,"enemies":"3 Sentries","floor":6.0,"turns":6.0},{"damage":0.0,"enemies":"Gremlin Nob","floor":8.0,"turns":2.0},{"damage":0.0,"enemies":"Blue Slaver","floor":10.0,"turns":3.0},{"damage":0.0,"enemies":"Looter","floor":12.0,"turns":2.0},{"damage":0.0,"enemies":"Red Slaver","floor":13.0,"turns":2.0},{"damage":0.0,"enemies":"The Guardian","floor":16.0,"turns":10.0},{"damage":0.0,"enemies":"Chosen","floor":18.0,"turns":6.0},{"damage":0.0,"enemies":"Shell Parasite","floor":21.0,"turns":3.0},{"damage":0.0,"enemies":"Book of Stabbing","floor":23.0,"turns":2.0},{"damage":0.0,"enemies":"Centurion and Healer","floor":24.0,"turns":5.0},{"damage":10.0,"enemies":"Snecko","floor":28.0,"turns":4.0},{"damage":14.0,"enemies":"Snake Plant","floor":29.0,"turns":3.0},{"damage":0.0,"enemies":"Nightmare","floor":30.0,"turns":3.0},{"damage":5.0,"enemies":"hubris:MusketHawk","floor":33.0,"turns":5.0},{"damage":8.0,"enemies":"Orb Walker","floor":35.0,"turns":3.0},{"damage":0.0,"enemies":"3 Darklings","floor":36.0,"turns":2.0},{"damage":1,"enemies":"Maw","floor":43,"turns":4},{"damage":36,"enemies":"Transient","floor":47,"turns":5},{"damage":59,"enemies":"infinitespire:MassOfShapes","floor":52,"turns":10},{"damage":0,"enemies":"2 Louse","floor":54,"turns":2},{"damage":19,"enemies":"Small Slimes","floor":55,"turns":2},{"damage":0,"enemies":"Cultist","floor":58,"turns":2},{"damage":20,"enemies":"Nightmare","floor":59,"turns":2}],"seed_played":"-5064194243817107224","potions_obtained":[{"floor":4.0,"key":"Energy Potion"},{"floor":6.0,"key":"Adrenaline Potion"},{"floor":12.0,"key":"Elixir"},{"floor":30.0,"key":"Ancient Potion"},{"floor":33.0,"key":"AttackPotion"},{"floor":37.0,"key":"Adrenaline Potion"},{"floor":41,"key":"Milkshake"},{"floor":43,"key":"Elixir"}],"is_trial":false,"path_per_floor":["M","?","M","M","?","E","R","E","T","M","?","M","M","T","R","B",null,"M","T","?","M","?","E","M","R","T","T","M","M","NM","AVR","R","B",null,"M","M","?","$","PTL","PTL","?","R","M","?","T","?","M","R","?","$","R","B",null,"M","M","?","?","M","NM"],"character_chosen":"DEFECT","items_purchased":["MerchantsRug","Girya","Toy Ornithopter","Centennial Puzzle"],"campfire_rested":1,"item_purchase_floors":[38,38,50,50],"current_hp_per_floor":[72,72,72,69,51,38,38,38,38,53,35,35,35,35,35,35,75,75,75,75,75,75,75,75,75,75,75,65,51,51,51,51,46,75,67,67,67,67,67,67,67,67,66,66,66,66,30,52,52,52,52,3,75,75,56,56,56,56,0,0],"gold":216,"neow_bonus":"REMOVE_CARD","is_daily":false,"chose_seed":false,"campfire_upgraded":4,"win_rate":0.0,"timestamp":1608801026,"path_taken":["M","?","M","?","?","E","R","E","T","M","?","M","M","?","R","BOSS","M","?","?","?","?","E","M","R","T","?","M","M","NM","AVR","R","BOSS","M","M","?","?","PTL","PTL","?","R","M","?","T","?","?","R","?","$","R","BOSS","M","M","?","?","?","NM"],"items_purchased_type":["Relic","Relic","Relic","Relic"],"build_version":"2020-12-22","purchased_purges":3,"victory":false,"max_hp_per_floor":[75,75,75,75,75,75,75,75,75,75,75,75,75,75,75,75,75,75,75,75,75,75,75,75,75,75,75,75,75,75,75,75,75,75,75,75,75,75,75,75,75,75,75,75,75,75,75,75,75,75,75,75,75,75,75,75,75,75,75,75],"card_choices":[{"not_picked":["Hologram","ReplaySort"],"picked":"ReplayTheSpireMod:Calculation Training","floor":1.0},{"not_picked":["Auto Shields","Defragment"],"picked":"Loop","floor":3.0},{"not_picked":["Go for the Eyes","Hologram"],"picked":"Streamline","floor":4.0},{"not_picked":["ReplayTheSpireMod:Chaos Vortex","infinitespire:SevenWalls"],"picked":"hubris:Fate","floor":5.0},{"not_picked":["BootSequence","Turbo"],"picked":"FIFO Queue","floor":6.0},{"not_picked":["Sweeping Beam","Streamline"],"picked":"Undo","floor":8.0},{"not_picked":["hubris:PowerSurge","Conserve Battery"],"picked":"Mirror Shield","floor":10.0},{"not_picked":["Ball Lightning","Gash"],"picked":"Redo","floor":12.0},{"not_picked":["Sweeping Beam","Compile Driver"],"picked":"Fusion","floor":13.0},{"not_picked":["Hyperbeam","ReplayTheSpireMod:Omega Cannon"],"picked":"hubris:DoWhile","floor":16.0},{"not_picked":["Coolheaded","Force Field"],"picked":"White Noise","floor":18.0},{"not_picked":["Conserve Battery","ReplayGash+1"],"picked":"Coolheaded+1","floor":21.0},{"not_picked":["Auto Shields","Cold Snap","Go for the Eyes"],"picked":"SKIP","floor":23.0},{"not_picked":["hubris:PowerSurge+1","Go for the Eyes"],"picked":"Ball Lightning+1","floor":24.0},{"not_picked":["Gash","Hologram","Skim+1"],"picked":"SKIP","floor":28.0},{"not_picked":["All For One","Cold Snap"],"picked":"Doom and Gloom+1","floor":29.0},{"not_picked":["Streamline","Redo+1"],"picked":"Conserve Battery+1","floor":30.0},{"not_picked":["Amplify","Machine Learning"],"picked":"Core Surge","floor":33.0},{"not_picked":["Genetic Algorithm+1","Conserve Battery"],"picked":"ReplayTheSpireMod:GoodbyeWorld","floor":35.0},{"not_picked":["Chill+1","Redo","Rip and Tear+1"],"picked":"SKIP","floor":36.0},{"not_picked":["Turbo","ReplayTheSpireMod:Omega Cannon"],"picked":"Barrage+1","floor":41},{"not_picked":["hubris:PowerSurge","ReplayTheSpireMod:System Scan+1"],"picked":"Chill+1","floor":43},{"not_picked":["Darkness+1","ReplayTheSpireMod:Repulse"],"picked":"Genetic Algorithm+1","floor":47},{"not_picked":["ReplayTheSpireMod:Omega Cannon","Amplify"],"picked":"ReplayTheSpireMod:Fabricate Wheel","floor":52},{"not_picked":["Leap","Skim","Conserve Battery"],"picked":"SKIP","floor":54},{"not_picked":["Gash","Turbo"],"picked":"ReplayGash","floor":55},{"not_picked":["BasicCrystalCard","Beam Cell","Leap"],"picked":"SKIP","floor":55},{"not_picked":["Turbo","Ball Lightning"],"picked":"All For One","floor":58},{"not_picked":["Rebound","Hologram","Sweeping Beam"],"picked":"SKIP","floor":58}],"player_experience":231436,"relics_obtained":[{"floor":6.0,"key":"infinitespire:Broken Mirror"},{"floor":8.0,"key":"infinitespire:Freezer"},{"floor":14.0,"key":"Ornamental Fan"},{"floor":19.0,"key":"Mirror"},{"floor":23.0,"key":"Replay:Antivirus Software"},{"floor":26.0,"key":"Matryoshka"},{"floor":27.0,"key":"Bronze Scales"},{"floor":27.0,"key":"Replay:Mystery Machine"},{"floor":30.0,"key":"hubris:Zylophone"},{"floor":41,"key":"The Courier"},{"floor":45,"key":"HornCleat"}],"event_choices":[{"damage_healed":0.0,"max_hp_gain":0.0,"max_hp_loss":0.0,"gold_gain":0.0,"event_name":"WeMeetAgain","player_choice":"Paid Gold","floor":2.0,"gold_loss":78.0,"damage_taken":0.0,"relics_obtained":["Happy Flower"]},{"damage_healed":0.0,"max_hp_gain":0.0,"max_hp_loss":0.0,"gold_gain":0.0,"event_name":"Scrap Ooze","player_choice":"Success","floor":11.0,"gold_loss":0.0,"damage_taken":18.0,"relics_obtained":["hubris:SphereOfDissonance"]},{"damage_healed":0.0,"max_hp_gain":0.0,"max_hp_loss":0.0,"gold_gain":0.0,"event_name":"Designer","player_choice":"Upgraded Two","floor":20.0,"gold_loss":40.0,"damage_taken":0.0,"cards_upgraded":["FIFO Queue","Strike_B"]},{"damage_healed":0.0,"max_hp_gain":0.0,"max_hp_loss":0.0,"gold_gain":0.0,"event_name":"Lab","player_choice":"Got Potions","floor":37.0,"gold_loss":0.0,"damage_taken":0.0},{"damage_healed":0,"gold_gain":0,"player_choice":"Bought 0 Potions","damage_taken":0,"max_hp_gain":0,"max_hp_loss":0,"event_name":"The Woman in Blue","floor":46,"gold_loss":0},{"damage_healed":0,"gold_gain":0,"player_choice":"Grow","damage_taken":0,"max_hp_gain":0,"max_hp_loss":0,"event_name":"Living Wall","floor":57,"gold_loss":0,"cards_upgraded":["Fusion"]}],"is_beta":false,"boss_relics":[{"not_picked":["infinitespire:Cupcake","hubris:GrandSneckoEye"],"picked":"Snecko Eye"},{"not_picked":["Fusion Hammer","Runic Pyramid"],"picked":"Inserter"},{"not_picked":["Tiny House","Replay:Bronze Core"],"picked":"hubris:HollowSoul"}],"items_purged_floors":[31,38,50],"is_endless":true,"potions_floor_spawned":[4,6,12,21,30,33,36,43],"killed_by":"Nightmare","ascension_level":0}}