{"host":"z5ys1wbqpsyqmecy","time":1608844435,"event":{"mods":["BaseMod","Colored Map","Colored Powertips","Minty Spire (QoL Compilation)","Relic Stats"],"gold_per_floor":[118,132,144,161,175,203,203,221,248,282,282,316,341,352,352,450,450,464,478,478,81,95,95,107,141,218,218,246,265,278,278,278,383,383,402,749,763,763,763,763,201,201,201,201,215,246,0,10,10,10,10],"floor_reached":50,"playtime":6848,"items_purged":[],"score":634,"play_id":"fcf44c8e-5c4e-43ab-a74e-1a9e7c271da2","local_time":"20201224131355","is_ascension_mode":false,"campfire_choices":[{"data":"Swift Strike","floor":7,"key":"SMITH"},{"floor":11,"key":"REST"},{"floor":15,"key":"REST"},{"floor":23,"key":"REST"},{"data":"Venomology","floor":27,"key":"SMITH"},{"data":"Venomology","floor":32,"key":"SMITH"},{"data":"Swift Strike","floor":40,"key":"SMITH"},{"data":"Skewer","floor":42,"key":"SMITH"},{"data":"Backstab","floor":49,"key":"SMITH"}],"circlet_count":0,"master_deck":["Strike_G","Strike_G","Strike_G","Strike_G+1","Strike_G","Defend_G","Defend_G","Defend_G+1","Survivor+1","Neutralize","Swift Strike+1","Acrobatics","Prepared","Underhanded Strike","Heel Hook","Sucker Punch+1","Corpse Explosion","PiercingWail","Blade Dance","Catalyst","Unload","Venomology+1","Skewer+1","Underhanded Strike","Venomology+1","Sadistic Nature","Poisoned Stab","Noxious Fumes","Deadly Poison+1","Dash","All Out Attack","Deflect","Sucker Punch","Tools of the Trade","Underhanded Strike","Deflect","Heel Hook","Swift Strike+1","Dramatic Entrance","Bandage Up","Writhe","Poisoned Stab","Backstab+1","Underhanded Strike+1"],"relics":["Ring of the Snake","Thread and Needle","Strawberry","Pocketwatch","Juzu Bracelet","Whetstone","Black Star","TwistedFunnel","Lantern","War Paint","Bottled Flame","Happy Flower","PreservedInsect","Coffee Dripper","Old Coin","Anchor","Shuriken","HandDrill","Ninja Scroll","Bronze Scales","Boot","Red Mask"],"acts_visited":["Exordium","TheCity","TheBeyond"],"potions_floor_usage":[8,12,16,18,24,25,25,28,29,33,33,33,33,36,45,46,46,46,46,46,48,50,50,50],"damage_taken":[{"damage":0,"enemies":"Cultist","floor":1,"turns":5},{"damage":3,"enemies":"2 Louse","floor":2,"turns":3},{"damage":0,"enemies":"Jaw Worm","floor":3,"turns":4},{"damage":4,"enemies":"Blue Slaver","floor":4,"turns":6},{"damage":8,"enemies":"Large Slime","floor":5,"turns":5},{"damage":29,"enemies":"Gremlin Nob","floor":6,"turns":5},{"damage":1,"enemies":"3 Louse","floor":8,"turns":3},{"damage":11,"enemies":"Lagavulin","floor":10,"turns":8},{"damage":15,"enemies":"3 Sentries","floor":12,"turns":4},{"damage":0,"enemies":"Blue Slaver","floor":14,"turns":2},{"damage":18,"enemies":"Slime Boss","floor":16,"turns":9},{"damage":0,"enemies":"Shell Parasite","floor":18,"turns":6},{"damage":6,"enemies":"2 Thieves","floor":19,"turns":4},{"damage":17,"enemies":"Centurion and Healer","floor":22,"turns":4},{"damage":0,"enemies":"3 Cultists","floor":24,"turns":4},{"damage":21,"enemies":"Slavers","floor":25,"turns":2},{"damage":0,"enemies":"Gremlin Leader","floor":28,"turns":6},{"damage":8,"enemies":"Shelled Parasite and Fungi","floor":29,"turns":5},{"damage":0,"enemies":"Snecko","floor":30,"turns":3},{"damage":34,"enemies":"Collector","floor":33,"turns":7},{"damage":4,"enemies":"Orb Walker","floor":35,"turns":3},{"damage":17,"enemies":"2 Orb Walkers","floor":36,"turns":3},{"damage":0,"enemies":"3 Darklings","floor":37,"turns":2},{"damage":0,"enemies":"Spire Growth","floor":45,"turns":3},{"damage":30,"enemies":"Giant Head","floor":46,"turns":6},{"damage":1,"enemies":"Transient","floor":48,"turns":5},{"damage":67,"enemies":"Awakened One","floor":50,"turns":8}],"seed_played":"-919555975619708045","potions_obtained":[{"floor":2,"key":"BlessingOfTheForge"},{"floor":6,"key":"Explosive Potion"},{"floor":8,"key":"Fruit Juice"},{"floor":10,"key":"EssenceOfSteel"},{"floor":19,"key":"SteroidPotion"},{"floor":24,"key":"Strength Potion"},{"floor":25,"key":"PowerPotion"},{"floor":29,"key":"SpeedPotion"},{"floor":36,"key":"Dexterity Potion"},{"floor":37,"key":"LiquidMemories"}],"is_trial":false,"path_per_floor":["M","M","M","M","M","E","R","M","T","E","R","E","T","M","R","B",null,"M","M","?","$","M","R","M","E","T","R","E","M","M","?","R","B",null,"M","?","M","?","?","R","$","R","T","?","M","E","?","M","R","B"],"character_chosen":"THE_SILENT","items_purchased":["TwistedFunnel","Sadistic Nature","Poisoned Stab","Anchor","Shuriken","HandDrill"],"campfire_rested":3,"item_purchase_floors":[21,21,21,41,41,41],"current_hp_per_floor":[70,67,67,63,55,26,26,30,37,26,50,35,35,35,59,41,82,82,76,76,76,59,82,82,61,61,61,61,53,53,53,53,19,82,78,61,61,61,51,51,51,51,51,72,76,46,46,49,49,0,0],"gold":10,"neow_bonus":"RANDOM_COLORLESS","is_daily":false,"chose_seed":false,"campfire_upgraded":6,"win_rate":0.0,"timestamp":1608844435,"path_taken":["M","M","M","M","M","E","R","M","T","E","R","E","?","M","R","BOSS","M","M","?","$","M","R","M","E","T","R","E","M","M","?","R","BOSS","M","?","M","?","?","R","$","R","T","?","M","E","?","M","R","BOSS"],"items_purchased_type":["Relic","Card","Card","Relic","Relic","Relic"],"build_version":"2020-12-22","purchased_purges":0,"victory":false,"max_hp_per_floor":[70,70,70,70,70,70,70,75,82,82,82,82,82,82,82,82,82,82,82,82,82,82,82,82,82,82,82,82,82,82,82,82,82,82,82,82,82,82,82,82,82,82,82,82,82,82,82,82,82,82,82],"relic_stats":{"Happy Flower":[15],"counters":[27,125],"PreservedInsect":125,"Juzu Bracelet":1,"Whetstone":["Sucker Punch","Strike_G"],"War Paint":["Defend_G","Survivor"],"Boot":[6],"Shuriken":[19],"Bronze Scales":[51],"Black Star":3,"HandDrill":[0],"obtain_stats":[{"TwistedFunnel":21,"Lantern":25,"Happy Flower":28,"Thread and Needle":6,"PreservedInsect":28,"Juzu Bracelet":12,"Whetstone":13,"War Paint":25,"Boot":46,"Old Coin":36,"Bottled Flame":26,"Anchor":41,"Shuriken":41,"Ninja Scroll":43,"Strawberry":9,"Bronze Scales":46,"Black Star":17,"Coffee Dripper":34,"HandDrill":41,"Red Mask":47,"Ring of the Snake":0,"Pocketwatch":10},{"TwistedFunnel":13,"Lantern":16,"Happy Flower":17,"Thread and Needle":6,"PreservedInsect":17,"Juzu Bracelet":9,"Whetstone":9,"War Paint":16,"Boot":25,"Old Coin":22,"Bottled Flame":16,"Anchor":23,"Shuriken":23,"Ninja Scroll":23,"Strawberry":7,"Bronze Scales":25,"Black Star":11,"Coffee Dripper":20,"HandDrill":23,"Red Mask":25,"Ring of the Snake":0,"Pocketwatch":8},{"TwistedFunnel":64,"Lantern":74,"Happy Flower":80,"Thread and Needle":28,"PreservedInsect":80,"Juzu Bracelet":43,"Whetstone":43,"War Paint":74,"Boot":112,"Old Coin":101,"Bottled Flame":74,"Anchor":103,"Shuriken":103,"Ninja Scroll":103,"Strawberry":31,"Bronze Scales":112,"Black Star":54,"Coffee Dripper":95,"HandDrill":103,"Red Mask":112,"Ring of the Snake":0,"Pocketwatch":39}],"Ring of the Snake":[54],"Pocketwatch":[54]},"card_choices":[{"not_picked":["Madness","Purity"],"picked":"Swift Strike","floor":0},{"not_picked":["Dodge and Roll","Well Laid Plans"],"picked":"Acrobatics","floor":1},{"not_picked":["Calculated Gamble","Dagger Throw"],"picked":"Prepared","floor":2},{"not_picked":["Sucker Punch","Backflip"],"picked":"Underhanded Strike","floor":3},{"not_picked":["Deadly Poison","Acrobatics"],"picked":"Heel Hook","floor":4},{"not_picked":["Underhanded Strike","Prepared"],"picked":"Sucker Punch","floor":5},{"not_picked":["Sucker Punch","Prepared"],"picked":"Corpse Explosion","floor":6},{"not_picked":["Dodge and Roll","Well Laid Plans"],"picked":"PiercingWail","floor":8},{"not_picked":["Outmaneuver","Prepared"],"picked":"Blade Dance","floor":10},{"not_picked":["Reflex","Slice"],"picked":"Catalyst","floor":12},{"not_picked":["Poisoned Stab","Deflect"],"picked":"Unload","floor":14},{"not_picked":["After Image","Malaise"],"picked":"Venomology","floor":16},{"not_picked":["Backflip","Catalyst"],"picked":"Skewer","floor":18},{"not_picked":["Acrobatics","Riddle With Holes+1"],"picked":"Underhanded Strike","floor":19},{"not_picked":["Flying Knee","Dagger Throw+1"],"picked":"Noxious Fumes","floor":22},{"not_picked":["Acrobatics","Calculated Gamble"],"picked":"Deadly Poison+1","floor":24},{"not_picked":["Deadly Poison+1","Acrobatics+1"],"picked":"Dash","floor":25},{"not_picked":["Phantasmal Killer","Expertise+1"],"picked":"All Out Attack","floor":28},{"not_picked":["Underhanded Strike","Choke"],"picked":"Deflect","floor":29},{"not_picked":["Footwork+1","Prepared+1"],"picked":"Sucker Punch","floor":30},{"not_picked":["Malaise","A Thousand Cuts"],"picked":"Tools of the Trade","floor":33},{"not_picked":["Outmaneuver","Blade Dance+1"],"picked":"Underhanded Strike","floor":35},{"not_picked":["Dodge and Roll","Terror"],"picked":"Deflect","floor":36},{"not_picked":["Tactician","Blade Dance+1"],"picked":"Heel Hook","floor":37},{"not_picked":["HandOfGreed","Thinking Ahead"],"picked":"Swift Strike","floor":39},{"not_picked":["Dark Shackles","Trip"],"picked":"Dramatic Entrance","floor":39},{"not_picked":["Deep Breath","Jack Of All Trades"],"picked":"Bandage Up","floor":39},{"not_picked":["Flying Knee+1","Deflect+1"],"picked":"Poisoned Stab","floor":45},{"not_picked":["Poisoned Stab+1","Endless Agony+1"],"picked":"Backstab","floor":46},{"not_picked":["Expertise+1","Flechettes+1"],"picked":"Underhanded Strike+1","floor":48}],"player_experience":10796,"relics_obtained":[{"floor":6,"key":"Thread and Needle"},{"floor":9,"key":"Strawberry"},{"floor":10,"key":"Pocketwatch"},{"floor":12,"key":"Juzu Bracelet"},{"floor":13,"key":"Whetstone"},{"floor":25,"key":"Lantern"},{"floor":25,"key":"War Paint"},{"floor":26,"key":"Bottled Flame"},{"floor":28,"key":"Happy Flower"},{"floor":28,"key":"PreservedInsect"},{"floor":36,"key":"Old Coin"},{"floor":43,"key":"Ninja Scroll"},{"floor":46,"key":"Bronze Scales"},{"floor":46,"key":"Boot"}],"event_choices":[{"damage_healed":0,"gold_gain":0,"cards_transformed":["Defend_G"],"player_choice":"Transformed","damage_taken":0,"max_hp_gain":0,"max_hp_loss":0,"event_name":"Transmorgrifier","floor":20,"gold_loss":0,"cards_obtained":["Venomology"]},{"damage_healed":0,"gold_gain":0,"player_choice":"Ignored","damage_taken":0,"max_hp_gain":0,"max_hp_loss":0,"event_name":"Vampires","floor":31,"gold_loss":0},{"damage_healed":0,"gold_gain":0,"player_choice":"Fight","damage_taken":0,"max_hp_gain":0,"max_hp_loss":0,"event_name":"Mysterious Sphere","floor":36,"gold_loss":0},{"cards_removed":["Defend_G"],"damage_healed":0,"gold_gain":0,"player_choice":"Removed Skill","damage_taken":0,"max_hp_gain":0,"max_hp_loss":0,"event_name":"Falling","floor":38,"gold_loss":0},{"damage_healed":0,"gold_gain":0,"player_choice":"Memory 3","damage_taken":10,"max_hp_gain":0,"max_hp_loss":0,"event_name":"SensoryStone","floor":39,"gold_loss":0},{"damage_healed":21,"gold_gain":0,"player_choice":"Writhe","damage_taken":0,"max_hp_gain":0,"max_hp_loss":0,"event_name":"Winding Halls","floor":44,"gold_loss":0,"cards_obtained":["Writhe"]},{"damage_healed":0,"gold_gain":0,"player_choice":"Paid","damage_taken":0,"relics_obtained":["Red Mask"],"max_hp_gain":0,"max_hp_loss":0,"event_name":"Tomb of Lord Red Mask","floor":47,"gold_loss":246}],"is_beta":false,"boss_relics":[{"not_picked":["Ring of the Serpent","Snecko Eye"],"picked":"Black Star"},{"not_picked":["Runic Pyramid","Sozu"],"picked":"Coffee Dripper"}],"items_purged_floors":[],"is_endless":false,"potions_floor_spawned":[2,6,8,10,19,24,25,29,36,37],"killed_by":"Awakened One","ascension_level":0}}