{"host":"8xt6qtpg1rkermdd","time":1608813839,"event":{"mods":["AchievementEnabler","Astrologer","Bard","BaseMod","Colored Powertips","Downfall","Hermit","Highlight Path","Hubris","Infinite Spire","Jorbs\u0027s Wanderer Trilogy","Marisa????????","Minty Spire (QoL Compilation)","Replay The Spire","Shade Mod","StSLib","The Blackbeard","The Bladedancer","The Bug Knight","The Construct","The Cursed","The Disciple","The Dragon Tamer","The Gatherer","The Hayseed","The Marked","The Necromancer","The Runesmith","The Servant 0.9.4","TheArtist"],"gold_per_floor":[115,129,149,159,234,234,234,264,264,281,281,281,281,304,304,425,425,446,446,446,386,6,6,29,29,54,54,79,79,79,53,53,174,174,198,216,235,256,1255,1255,1268,1268,1268,1282,1504,1504,1504,1504,1547,1562,1562,1562,1562],"floor_reached":52,"playtime":1883,"items_purged":["Injury"],"score":682,"play_id":"46db28e4-702d-484c-8b85-4b532d264b27","local_time":"20201224064359","is_ascension_mode":false,"campfire_choices":[{"data":"Shade:Bonestorm","floor":6,"key":"SMITH"},{"data":"Shade:FreshBones","floor":11,"key":"SMITH"},{"data":"Shade:UnbarTheGrave","floor":13,"key":"SMITH"},{"data":"Shade:LichForm","floor":15,"key":"SMITH"},{"data":"Shade:UnbarTheGrave","floor":23,"key":"SMITH"},{"data":"Shade:AnimateDead","floor":25,"key":"SMITH"},{"data":"Shade:SensePrey","floor":27,"key":"SMITH"},{"data":"Shade:CommandSoldier","floor":30,"key":"SMITH"},{"data":"Shade:SensePrey","floor":32,"key":"SMITH"},{"data":"Shade:SensePrey","floor":40,"key":"SMITH"},{"data":"Shade:Frenzy","floor":42,"key":"SMITH"},{"data":"Shade:CarefulCut","floor":46,"key":"SMITH"},{"floor":51,"key":"REST"}],"circlet_count":0,"master_deck":["Shade:Strike_Shade","Shade:Strike_Shade","Shade:Strike_Shade","Shade:Defend_Shade","Shade:Defend_Shade","Shade:Defend_Shade","Shade:Defend_Shade","Shade:AnimateDead+1","Shade:CarefulCut+1","Shade:SensePrey+1","Shade:FreshBones+1","Shade:UnbarTheGrave+1","Shade:Bonestorm+1","Shade:GreaterAnimation+1","Shade:FeralStrike","Shade:GraveStillness","Shade:LichForm+1","Shade:UnbarTheGrave+1","Shade:SensePrey+1","Shade:DangerousRitual+1","Shade:Trample","Shade:SensePrey+1","Shade:Bonestorm+1","Shade:CommandSoldier+1","Shade:OpenGraves+1","Shade:LichForm","infinitespire:Fortify","Shade:Trample","Shade:Brains+1","Shade:PressTheAttack+1","Shade:Frenzy+1","Normality","Normality","Shade:CoffinDance+1","Shade:Brains+1","Shade:StitchTogether"],"relics":["Shade:YorickPolishedSkull","hubris:Metronome","Golden Idol","Painkiller Herb","hubris:TenFootPole","MutagenicStrength","Membership Card","Torii","Toy Ornithopter","Red Mask","Replay:Towering Pillar of Hats","hubris:DeckOfHolding"],"acts_visited":["Exordium","TheCity","TheBeyond"],"potions_floor_usage":[52,52],"damage_taken":[{"damage":2,"enemies":"Jaw Worm","floor":1,"turns":3},{"damage":0,"enemies":"Small Slimes","floor":2,"turns":3},{"damage":0,"enemies":"2 Louse","floor":3,"turns":2},{"damage":0,"enemies":"Looter","floor":4,"turns":2},{"damage":0,"enemies":"3 Sentries","floor":8,"turns":3},{"damage":0,"enemies":"Blue Slaver","floor":10,"turns":2},{"damage":0,"enemies":"3 Louse","floor":14,"turns":2},{"damage":0,"enemies":"Slime Boss","floor":16,"turns":4},{"damage":0,"enemies":"3 Byrds","floor":18,"turns":3},{"damage":11,"enemies":"2 Thieves","floor":24,"turns":3},{"damage":0,"enemies":"Centurion and Healer","floor":28,"turns":3},{"damage":0,"enemies":"hubris:MusketHawk","floor":33,"turns":6},{"damage":0,"enemies":"3 Shapes","floor":35,"turns":2},{"damage":1,"enemies":"Orb Walker","floor":36,"turns":3},{"damage":0,"enemies":"Jaw Worm Horde","floor":37,"turns":3},{"damage":0,"enemies":"Sphere and 2 Shapes","floor":38,"turns":3},{"damage":0,"enemies":"3 Darklings","floor":41,"turns":3},{"damage":0,"enemies":"4 Shapes","floor":44,"turns":2},{"damage":51,"enemies":"Giant Head","floor":49,"turns":8},{"damage":0,"enemies":"Maw","floor":50,"turns":6},{"damage":60,"enemies":"hubris:GrandSnecko","floor":52,"turns":12}],"seed_played":"2320601059436358189","potions_obtained":[{"floor":3,"key":"Doom Potion"},{"floor":10,"key":"Elixir"},{"floor":14,"key":"Explosive Potion"},{"floor":24,"key":"Energy Potion"},{"floor":28,"key":"DistilledChaos"}],"is_trial":false,"path_per_floor":["M","M","M","M","?","R","?","E","T","M","R","?","R","M","R","B",null,"?","AVR","?","?","T","T","?","T","T","T","?","?","T","T","T","B",null,"?","?","?","?","?","T","?","T","T","?","?","T","PTL","PTL","E","?","T","B"],"character_chosen":"SHADE","items_purchased":["Membership Card","Torii","Shade:DangerousRitual+1","Shade:Trample","Shade:SensePrey","Shade:OpenGraves+1"],"campfire_rested":1,"item_purchase_floors":[22,22,22,22,22,31],"current_hp_per_floor":[69,69,69,69,58,58,58,58,58,58,58,58,58,58,58,58,71,71,71,71,71,71,71,60,60,60,60,60,60,60,60,60,60,71,71,70,70,70,70,70,70,70,70,70,70,70,70,70,19,19,40,0,0],"gold":1562,"neow_bonus":"TEN_PERCENT_HP_BONUS","is_daily":false,"chose_seed":false,"campfire_upgraded":12,"win_rate":0.0,"timestamp":1608813839,"path_taken":["M","M","M","M","?","R","?","E","T","M","R","?","R","M","R","BOSS","?","AVR","?","?","T","T","?","T","T","T","?","?","T","T","T","BOSS","?","?","?","?","?","T","?","T","T","?","?","T","PTL","PTL","E","?","T","BOSS"],"items_purchased_type":["Relic","Relic","Card","Card","Card","Card"],"build_version":"2020-12-22","purchased_purges":1,"victory":false,"max_hp_per_floor":[71,71,71,71,71,71,71,71,71,71,71,71,71,71,71,71,71,71,71,71,71,71,71,71,71,71,71,71,71,71,71,71,71,71,71,71,71,71,71,71,71,71,71,71,71,71,71,71,71,71,71,71,71],"card_choices":[{"not_picked":["Shade:Trample","Shade:Frenzy"],"picked":"Shade:SensePrey","floor":1},{"not_picked":["Shade:AncientSpear","Shade:SensePrey"],"picked":"Shade:FreshBones","floor":2},{"not_picked":["Shade:TouchOfTheGrave","Shade:ClawBack"],"picked":"Shade:UnbarTheGrave","floor":3},{"not_picked":["Shade:ClawBack","Shade:SkeletonHug"],"picked":"Shade:Bonestorm","floor":4},{"not_picked":["Shade:PoundOfFlesh","Shade:WallOfFlesh"],"picked":"Shade:FeralStrike","floor":8},{"not_picked":["Shade:CallOfTheGrave","Shade:FeralStrike"],"picked":"Shade:GraveStillness","floor":10},{"not_picked":["Shade:Trample","Shade:SpontaneousRitual"],"picked":"Shade:LichForm","floor":14},{"not_picked":["Shade:Consume","Shade:MadHubris"],"picked":"Shade:UnbarTheGrave","floor":16},{"not_picked":["Shade:AncientSpear","Shade:Trample"],"picked":"Shade:SensePrey","floor":18},{"not_picked":["Shade:FingerOfDeath","Shade:WallOfFlesh"],"picked":"Shade:Bonestorm+1","floor":24},{"not_picked":["Shade:FleshToFlesh","Shade:GreyBargain"],"picked":"Shade:CommandSoldier","floor":28},{"not_picked":["Shade:DarkOfNight","Shade:SelfBurial"],"picked":"Shade:LichForm","floor":33},{"not_picked":["infinitespire:Oblivion","infinitespire:UltimateForm"],"picked":"infinitespire:Fortify","floor":34},{"not_picked":["Shade:Premonition","Shade:FeralStrike+1"],"picked":"Shade:Trample","floor":35},{"not_picked":["Shade:AblativeArmor","Shade:ClawBack+1"],"picked":"Shade:Brains+1","floor":36},{"not_picked":["Shade:AncientSpear","Shade:Trample"],"picked":"Shade:PressTheAttack+1","floor":37},{"not_picked":["Shade:FeralStrike+1","Shade:Premonition"],"picked":"Shade:Frenzy","floor":38},{"not_picked":["Shade:Premonition","Shade:ScuttlingHand","Shade:CallOfTheGrave+1"],"picked":"SKIP","floor":41},{"not_picked":["Shade:LichForm","Shade:ClawBack"],"picked":"Shade:CoffinDance+1","floor":44},{"not_picked":["Shade:ExtraLimbs","Shade:FeralStrike"],"picked":"Shade:Brains+1","floor":49},{"not_picked":["Shade:MadHubris","Shade:Premonition+1"],"picked":"Shade:StitchTogether","floor":50}],"player_experience":26743,"relics_obtained":[{"floor":8,"key":"hubris:Metronome"},{"floor":9,"key":"Gambling Chip"},{"floor":26,"key":"Toy Ornithopter"},{"floor":29,"key":"Red Mask"},{"floor":43,"key":"Replay:Towering Pillar of Hats"},{"floor":49,"key":"hubris:DeckOfHolding"}],"event_choices":[{"damage_healed":0,"gold_gain":75,"player_choice":"Gather Gold","damage_taken":11,"max_hp_gain":0,"max_hp_loss":0,"event_name":"World of Goop","floor":5,"gold_loss":0},{"damage_healed":0,"gold_gain":0,"player_choice":"Take Wound","damage_taken":0,"relics_obtained":["Golden Idol"],"max_hp_gain":0,"max_hp_loss":0,"event_name":"Golden Idol","floor":12,"gold_loss":0,"cards_obtained":["Injury"]},{"damage_healed":0,"gold_gain":0,"player_choice":"Inject Mutagens","damage_taken":0,"relics_obtained":["MutagenicStrength"],"max_hp_gain":0,"max_hp_loss":0,"event_name":"Drug Dealer","floor":20,"gold_loss":0},{"damage_healed":0,"gold_gain":999,"player_choice":"Gold","damage_taken":0,"max_hp_gain":0,"max_hp_loss":0,"event_name":"MindBloom","floor":39,"gold_loss":0,"cards_obtained":["Normality","Normality"]},{"damage_healed":0,"gold_gain":222,"player_choice":"Wore Mask","damage_taken":0,"max_hp_gain":0,"max_hp_loss":0,"event_name":"Tomb of Lord Red Mask","floor":45,"gold_loss":0}],"is_beta":false,"boss_relics":[{"not_picked":["hubris:RunicObelisk","Replay:Drink Me"],"picked":"Painkiller Herb"},{"not_picked":["hubris:BlackHole","Fusion Hammer"],"picked":"Shade:YorickPolishedSkull"}],"items_purged_floors":[19],"is_endless":false,"potions_floor_spawned":[3,10,14,24,28,33,37,38,50],"killed_by":"hubris:GrandSnecko","ascension_level":0}}