{"host":"s9znsjs818tlhh47","time":1608785302,"event":{"mods":["2.2 Compatiblity","AchievementEnabler","Act Like it!","BaseMod","Bestiary","Better Note","Better Skull","Better Third Choice","Better Vampires","Card Forge","Colored Powertips","Force Act Four","Gensokyo","Marked Mod","Minty Spire (QoL Compilation)","Permanent Neow","Quick Restart","RumiaBox-露米娅的神秘盒子","StSLib","TheWitcher","【功能Mod】混沌之环修复补丁","残留之物"],"gold_per_floor":[118,134,0,0,0,0,31,51,51,82,82,114,134,160,160,257,257,276,0,0,0,16,16,16,41,113,125,156,2,32,32,32,135,135,146,161,208,228,228,228,228],"floor_reached":40,"playtime":3088,"items_purged":["PlaceholderMod:BaseStrike"],"score":524,"play_id":"ce3b4438-9c68-42f7-93e6-a0f0e8714178","local_time":"20201223234822","is_ascension_mode":true,"campfire_choices":[{"data":"Enlightenment","floor":6.0,"key":"SMITH"},{"data":"PlaceholderMod:RadicalHit","floor":11.0,"key":"SMITH"},{"data":"PlaceholderMod:SevereHeat","floor":15.0,"key":"SMITH"},{"data":"PlaceholderMod:SelfCoupling","floor":23.0,"key":"SMITH"},{"data":"PlaceholderMod:MultipleOxi","floor":32,"key":"SMITH"}],"circlet_count":0,"master_deck":["PlaceholderMod:BaseStrike","PlaceholderMod:BaseDefend","PlaceholderMod:BaseDefend","PlaceholderMod:BaseDefend","PlaceholderMod:BaseDefend","PlaceholderMod:BaseDefend","PlaceholderMod:Crystal+1","PlaceholderMod:PoisonWhip+1","PlaceholderMod:TriggerStrike+1","Enlightenment+1","PlaceholderMod:RadicalHit+1","PlaceholderMod:DissolvingSpikes+1","PlaceholderMod:MultipleOxi+1","PlaceholderMod:DiffusionChemical+1","PlaceholderMod:SevereHeat+1","PlaceholderMod:InnerStable+1","PlaceholderMod:SelfCoupling+1","PlaceholderMod:Colorful+1","PlaceholderMod:StressReaction+1","Writhe","PlaceholderMod:HornyBlast+1","PlaceholderMod:GrowthForm+1","PlaceholderMod:DiffusionPoison+1","PlaceholderMod:Package+1","PlaceholderMod:PoisonAbsorb+1"],"relics":["Hammer of Thor","Seething Fire","Anvil of the Gods","Runic Pyramid","Pen Nib","Thread and Needle","Pear","Unceasing Top","Blood Vial","EasyGame_NEW","Chemical X","Bag of Preparation","Ccalipers","Letter Opener","Strawberry","Juzu Bracelet","SnafuTest:BearRelic","betterThird:NestCultRelic","Sozu","PlanX"],"acts_visited":["Exordium","TheCity","TheBeyond"],"potions_floor_usage":[33,35],"damage_taken":[{"damage":0.0,"enemies":"2 Louse","floor":1.0,"turns":3.0},{"damage":1.0,"enemies":"Jaw Worm","floor":2.0,"turns":5.0},{"damage":23.0,"enemies":"3 Sentries","floor":7.0,"turns":14.0},{"damage":2.0,"enemies":"Cultist","floor":8.0,"turns":4.0},{"damage":20.0,"enemies":"Gremlin Nob","floor":10.0,"turns":4.0},{"damage":2.0,"enemies":"Lagavulin","floor":12.0,"turns":6.0},{"damage":3.0,"enemies":"Blue Slaver","floor":13.0,"turns":3.0},{"damage":1.0,"enemies":"3 Sentries","floor":14.0,"turns":5.0},{"damage":4.0,"enemies":"Hexaghost","floor":16.0,"turns":5.0},{"damage":7.0,"enemies":"2 Thieves","floor":18.0,"turns":3.0},{"damage":0.0,"enemies":"Shell Parasite","floor":22.0,"turns":2.0},{"damage":0,"enemies":"Snake Plant","floor":27,"turns":2},{"damage":13,"enemies":"Slavers","floor":28,"turns":2},{"damage":2,"enemies":"Book of Stabbing","floor":30,"turns":4},{"damage":48,"enemies":"Automaton","floor":33,"turns":7},{"damage":33,"enemies":"3 Darklings","floor":35,"turns":3},{"damage":2,"enemies":"3 Shapes","floor":36,"turns":3},{"damage":53,"enemies":"2 Orb Walkers","floor":37,"turns":4},{"damage":13,"enemies":"Spire Growth","floor":38,"turns":3},{"damage":21,"enemies":"Nemesis","floor":40,"turns":4}],"seed_played":"-7035279288023281913","potions_obtained":[{"floor":2.0,"key":"DistilledChaos"},{"floor":7.0,"key":"Regen Potion"},{"floor":10.0,"key":"Dexterity Potion"},{"floor":16.0,"key":"SkillPotion"},{"floor":28,"key":"Fruit Juice"}],"is_trial":false,"path_per_floor":["M","M","?","?","T","R","E","M","T","E","R","E","M","E","R","B",null,"M","$","?","?","M","R","?","T","T","M","E","$","E","?","R","B",null,"M","M","?","M","?","E"],"character_chosen":"THE_PLACEHOLDER","items_purchased":["Chemical X","PlaceholderMod:StressReaction","Juzu Bracelet"],"campfire_rested":0,"item_purchase_floors":[19,19,29],"current_hp_per_floor":[78,77,83,76,76,76,53,51,51,41,41,39,36,35,35,33,94,87,87,87,87,89,89,89,89,89,91,87,87,87,87,87,46,106,81,81,30,19,19,0,0],"gold":228,"neow_bonus":"BOSS_RELIC","is_daily":false,"chose_seed":false,"campfire_upgraded":5,"win_rate":0.0,"timestamp":1608785302,"path_taken":["M","M","?","?","?","R","E","M","T","E","R","E","M","E","R","BOSS","M","$","?","?","?","R","?","?","T","M","E","?","E","?","R","BOSS","M","M","?","M","?","E"],"items_purchased_type":["Relic","Card","Relic"],"build_version":"2020-12-22","purchased_purges":1,"victory":false,"max_hp_per_floor":[78,78,84,84,84,84,84,84,84,94,94,94,94,94,94,94,94,94,94,94,94,94,94,94,94,94,94,101,101,101,101,101,106,106,106,106,106,106,106,106,106],"card_choices":[{"not_picked":["PlaceholderMod:HardStrike","PlaceholderMod:OHStrongAttack"],"picked":"PlaceholderMod:Turn","floor":1.0},{"not_picked":["PlaceholderMod:HardStinger","PlaceholderMod:OHStrongAttack"],"picked":"PlaceholderMod:TriggerStrike","floor":2.0},{"not_picked":["PlaceholderMod:Hard","PlaceholderMod:StressReaction"],"picked":"PlaceholderMod:RadicalHit","floor":7.0},{"not_picked":["PlaceholderMod:Turn","PlaceholderMod:TriggerStrike"],"picked":"PlaceholderMod:DissolvingSpikes","floor":8.0},{"not_picked":["PlaceholderMod:Hyperplasia","PlaceholderMod:HardStinger"],"picked":"PlaceholderMod:MultipleOxi","floor":10.0},{"not_picked":["PlaceholderMod:ProliferateStrike","PlaceholderMod:SevereHeat"],"picked":"PlaceholderMod:DiffusionChemical","floor":12.0},{"not_picked":["PlaceholderMod:Sweep","PlaceholderMod:Internalization"],"picked":"PlaceholderMod:SevereHeat","floor":13.0},{"not_picked":["PlaceholderMod:SpinBlade","PlaceholderMod:Break"],"picked":"PlaceholderMod:InnerStable","floor":14.0},{"not_picked":["PlaceholderMod:MultiReaction","PlaceholderMod:Activation"],"picked":"PlaceholderMod:SelfCoupling","floor":16.0},{"not_picked":["PlaceholderMod:StrongAcid","PlaceholderMod:DirectingGroup"],"picked":"PlaceholderMod:Colorful","floor":18.0},{"not_picked":["PlaceholderMod:DirectingGroup","PlaceholderMod:HardStinger","PlaceholderMod:StressReaction"],"picked":"SKIP","floor":22.0},{"not_picked":["PlaceholderMod:ChainPoly","PlaceholderMod:DissolvingSpikes"],"picked":"PlaceholderMod:HornyBlast+1","floor":27},{"not_picked":["PlaceholderMod:ReactionCatalyze","PlaceholderMod:AngryAttack"],"picked":"PlaceholderMod:GrowthForm","floor":28},{"not_picked":["PlaceholderMod:StrongAcid","PlaceholderMod:Break","PlaceholderMod:ChainPoly"],"picked":"SKIP","floor":30},{"not_picked":["PlaceholderMod:Assimilation","PlaceholderMod:MultiReaction"],"picked":"PlaceholderMod:DiffusionPoison","floor":33},{"not_picked":["PlaceholderMod:Internalization+1","PlaceholderMod:SubstitutionNucleophilic1+1"],"picked":"PlaceholderMod:Package+1","floor":35},{"not_picked":["PlaceholderMod:HardStinger+1","PlaceholderMod:TriggerStrike+1","PlaceholderMod:OHStrongAttack+1"],"picked":"SKIP","floor":36},{"not_picked":["PlaceholderMod:ParasiteChange+1","PlaceholderMod:SprayAttack"],"picked":"PlaceholderMod:PoisonAbsorb","floor":37},{"not_picked":["PlaceholderMod:Package+1","PlaceholderMod:ProliferateStrike+1","PlaceholderMod:NearChange+1"],"picked":"SKIP","floor":38}],"player_experience":286598,"relics_obtained":[{"floor":7.0,"key":"Pen Nib"},{"floor":9.0,"key":"Thread and Needle"},{"floor":10.0,"key":"Pear"},{"floor":12.0,"key":"Unceasing Top"},{"floor":14.0,"key":"Blood Vial"},{"floor":25,"key":"Ccalipers"},{"floor":26,"key":"Letter Opener"},{"floor":28,"key":"Strawberry"},{"floor":30,"key":"SnafuTest:BearRelic"},{"floor":37,"key":"PlanX"}],"event_choices":[{"damage_healed":0.0,"max_hp_gain":0.0,"max_hp_loss":0.0,"gold_gain":0.0,"event_name":"betterThird:BetterSerpent","player_choice":"RENOUNCE","floor":3.0,"gold_loss":134.0,"damage_taken":134.0,"cards_obtained":["Enlightenment"]},{"cards_removed":["PlaceholderMod:BaseStrike"],"damage_healed":0.0,"max_hp_gain":0.0,"max_hp_loss":0.0,"gold_gain":0.0,"event_name":"Golden Wing","player_choice":"Card Removal","floor":4.0,"gold_loss":0.0,"damage_taken":7.0},{"damage_healed":0.0,"max_hp_gain":0.0,"max_hp_loss":0.0,"gold_gain":0.0,"event_name":"betterNote:BetterNote","player_choice":"Ignored","floor":20.0,"gold_loss":0.0,"damage_taken":0.0,"cards_obtained":["Vigilance"]},{"cards_removed":["PlaceholderMod:BaseStrike"],"damage_healed":0.0,"max_hp_gain":0.0,"max_hp_loss":0.0,"gold_gain":0.0,"event_name":"Bonfire Elementals","player_choice":"Offered Basic","floor":21.0,"gold_loss":0.0,"damage_taken":0.0},{"damage_healed":0,"gold_gain":0,"player_choice":"Opened","damage_taken":0,"relics_obtained":["Bag of Preparation"],"max_hp_gain":0,"max_hp_loss":0,"event_name":"The Mausoleum","floor":24,"gold_loss":0,"cards_obtained":["Writhe"]},{"damage_healed":0,"gold_gain":0,"player_choice":"Madness","damage_taken":0,"relics_obtained":["betterThird:NestCultRelic"],"max_hp_gain":0,"max_hp_loss":0,"event_name":"betterThird:BetterNest","floor":31,"gold_loss":0},{"damage_healed":0,"gold_gain":0,"player_choice":"Fight","damage_taken":0,"max_hp_gain":0,"max_hp_loss":0,"event_name":"Mysterious Sphere","floor":37,"gold_loss":0},{"cards_removed":["PlaceholderMod:BaseStrike"],"damage_healed":0,"gold_gain":0,"player_choice":"Removed Attack","damage_taken":0,"max_hp_gain":0,"max_hp_loss":0,"event_name":"Falling","floor":39,"gold_loss":0}],"is_beta":false,"boss_relics":[{"not_picked":["Snecko Eye","Velvet Choker"],"picked":"EasyGame_NEW"},{"not_picked":["SacredBark","AddBug"],"picked":"Sozu"}],"items_purged_floors":[19],"is_endless":false,"potions_floor_spawned":[2,7,10,16,22,27,28,37],"killed_by":"Nemesis","ascension_level":1}}