{"host":"2hea6pl5vmah38iy","time":1608793968,"event":{"mods":["AchievementEnabler","BaseMod","Colored Map","DeckTracker","Keyboard Shortcuts","Minty Spire (QoL Compilation)","Rare Cards Sparkle","StSLib","SuperFastMode","everything is the same but u backflip on backflip"],"gold_per_floor":[115,43,43,218,52,52,62,62,89,120,144,161,111,129,129,203,203,216,291,60,70,35,66,66,66,66,85,102,135,1,26,26,101,101,113,15,237,237,249,277,290,315,366,202,229,189,205,216,216,216,216,216,8,41,41],"floor_reached":56,"playtime":7098,"items_purged":["Doubt","Strike_G","Strike_G","Defend_G"],"score":1985,"play_id":"53ebacce-04ba-4916-b171-d82e9ef2859c","local_time":"20201224161248","is_ascension_mode":true,"campfire_choices":[{"data":"Finisher","floor":6.0,"key":"SMITH"},{"data":"Neutralize","floor":8.0,"key":"SMITH"},{"data":"Bane","floor":15.0,"key":"SMITH"},{"data":"Acrobatics","floor":25.0,"key":"SMITH"},{"floor":32.0,"key":"REST"},{"floor":49,"key":"RECALL"},{"data":"Adrenaline","floor":52,"key":"SMITH"}],"circlet_count":0,"master_deck":["AscendersBane","Strike_G+1","Strike_G+1","Defend_G+1","Defend_G","Defend_G","Defend_G","Survivor","Neutralize+1","PiercingWail","Adrenaline+1","Acrobatics","Finisher+1","Deadly Poison","Acrobatics+1","Blade Dance","Bane+1","After Image","Slice","Underhanded Strike","Noxious Fumes","Footwork","Grand Finale","Blur+1","Backflip","Escape Plan","Finesse","Adrenaline+1","Cloak And Dagger","Deflect+1","Acrobatics+1","Well Laid Plans","Reflex","Caltrops"],"relics":["Ring of the Snake","NeowsBlessing","Whetstone","Bag of Preparation","Odd Mushroom","SlaversCollar","Membership Card","Omamori","Toy Ornithopter","Paper Crane","Lantern","Red Mask","HoveringKite","Snake Skull","White Beast Statue","Mango","Centennial Puzzle","Mummified Hand","Gambling Chip"],"acts_visited":["Exordium","TheCity","TheBeyond","TheEnding"],"potions_floor_usage":[42,48,50,50,55,55],"damage_taken":[{"damage":0.0,"enemies":"Jaw Worm","floor":1.0,"turns":1.0},{"damage":0.0,"enemies":"2 Louse","floor":7.0,"turns":1.0},{"damage":0.0,"enemies":"Lagavulin","floor":10.0,"turns":1.0},{"damage":3.0,"enemies":"The Mushroom Lair","floor":11.0,"turns":3.0},{"damage":0.0,"enemies":"Small Slimes","floor":12.0,"turns":2.0},{"damage":14.0,"enemies":"Exordium Wildlife","floor":14.0,"turns":5.0},{"damage":21.0,"enemies":"The Guardian","floor":16.0,"turns":12.0},{"damage":1.0,"enemies":"Chosen","floor":18.0,"turns":5.0},{"damage":0.0,"enemies":"Spheric Guardian","floor":21.0,"turns":2.0},{"damage":7.0,"enemies":"Book of Stabbing","floor":23.0,"turns":5.0},{"damage":12.0,"enemies":"Snake Plant","floor":27.0,"turns":5.0},{"damage":5.0,"enemies":"Centurion and Healer","floor":28.0,"turns":6.0},{"damage":28.0,"enemies":"Slavers","floor":29.0,"turns":6.0},{"damage":2.0,"enemies":"Masked Bandits","floor":31.0,"turns":8.0},{"damage":18,"enemies":"Collector","floor":33,"turns":10},{"damage":0,"enemies":"3 Shapes","floor":35,"turns":7},{"damage":3,"enemies":"Orb Walker","floor":39,"turns":5},{"damage":24,"enemies":"Giant Head","floor":40,"turns":8},{"damage":0,"enemies":"Jaw Worm Horde","floor":41,"turns":3},{"damage":6,"enemies":"Mind Bloom Boss Battle","floor":42,"turns":7},{"damage":22,"enemies":"Nemesis","floor":45,"turns":8},{"damage":4,"enemies":"3 Darklings","floor":47,"turns":6},{"damage":0,"enemies":"Transient","floor":48,"turns":5},{"damage":4,"enemies":"Awakened One","floor":50,"turns":12},{"damage":0,"enemies":"Shield and Spear","floor":54,"turns":8},{"damage":66,"enemies":"The Heart","floor":55,"turns":10}],"seed_played":"3999369805074538771","potions_obtained":[{"floor":7.0,"key":"Explosive Potion"},{"floor":11.0,"key":"LiquidMemories"},{"floor":12.0,"key":"Fire Potion"},{"floor":21.0,"key":"Weak Potion"},{"floor":27.0,"key":"PowerPotion"},{"floor":28.0,"key":"Explosive Potion"},{"floor":35,"key":"GamblersBrew"},{"floor":41,"key":"Fire Potion"},{"floor":42,"key":"Dexterity Potion"},{"floor":46,"key":"GhostInAJar"},{"floor":48,"key":"FearPotion"}],"is_trial":false,"path_per_floor":["M","$","?","?","$","R","M","R","T","E","?","M","?","M","R","B",null,"M","?","$","M","$","E","?","R","T","M","M","E","$","?","R","B",null,"M","$","?","?","M","E","M","?","T","$","E","?","M","M","R","B",null,"R","$","E","B",null],"character_chosen":"THE_SILENT","items_purchased":["Adrenaline","Acrobatics","Finisher","Membership Card","Underhanded Strike","Footwork","Backflip","Escape Plan","Finesse","Weak Potion","Snake Skull","Cloak And Dagger","Centennial Puzzle","Swift Potion","Well Laid Plans","Reflex","Weak Potion","Regen Potion"],"campfire_rested":1,"item_purchase_floors":[2,5,5,20,20,22,30,30,30,30,36,36,44,44,53,53,53,53],"current_hp_per_floor":[59,59,46,46,46,46,46,46,46,46,43,43,43,29,29,8,52,51,45,45,45,45,38,38,38,38,26,26,3,3,11,30,12,53,53,53,53,53,50,26,26,39,39,39,17,17,13,18,18,24,66,66,66,66,17],"gold":41,"neow_bonus":"THREE_ENEMY_KILL","is_daily":false,"chose_seed":false,"campfire_upgraded":5,"win_rate":0.0,"timestamp":1608793968,"path_taken":["M","$","?","?","$","R","M","R","T","E","?","?","?","M","R","BOSS","M","?","$","M","?","E","?","R","T","M","M","E","$","?","R","BOSS","M","$","?","?","?","E","M","?","T","$","E","?","M","?","R","BOSS","R","$","E","BOSS"],"items_purchased_type":["Card","Card","Card","Relic","Card","Card","Card","Card","Card","Potion","Relic","Card","Relic","Potion","Card","Card","Potion","Potion"],"build_version":"2020-12-22","purchased_purges":4,"victory":true,"max_hp_per_floor":[66,66,66,66,66,66,66,66,66,66,66,66,66,66,66,66,66,66,66,66,66,66,66,66,66,66,66,66,66,66,66,66,66,66,66,66,66,66,66,66,66,80,80,80,80,80,80,80,80,80,80,80,80,80,80],"card_choices":[{"not_picked":["Predator","Caltrops"],"picked":"PiercingWail","floor":1.0},{"not_picked":["Endless Agony","Prepared"],"picked":"Deadly Poison","floor":7.0},{"not_picked":["Flechettes","Concentrate"],"picked":"Acrobatics","floor":10.0},{"not_picked":["Riddle With Holes","Flying Knee"],"picked":"Blade Dance","floor":12.0},{"not_picked":["Slice","Catalyst"],"picked":"Bane","floor":14.0},{"not_picked":["Doppelganger","Envenom"],"picked":"After Image","floor":16.0},{"not_picked":["Dagger Throw","Bane"],"picked":"Slice","floor":18.0},{"not_picked":["Quick Slash","Flechettes"],"picked":"Noxious Fumes","floor":21.0},{"not_picked":["Slice","Prepared"],"picked":"Grand Finale","floor":23.0},{"not_picked":["Slice","Quick Slash","Acrobatics"],"picked":"SKIP","floor":27.0},{"not_picked":["Masterful Stab","Expertise","Poisoned Stab"],"picked":"SKIP","floor":28.0},{"not_picked":["Deadly Poison","Footwork+1"],"picked":"Blur+1","floor":29.0},{"not_picked":["Burst","Venomology"],"picked":"Adrenaline","floor":33},{"not_picked":["Catalyst","Sucker Punch","Underhanded Strike"],"picked":"SKIP","floor":35},{"not_picked":["Catalyst+1","Dagger Throw","Blade Dance"],"picked":"SKIP","floor":39},{"not_picked":["Acrobatics","Sucker Punch"],"picked":"Deflect+1","floor":40},{"not_picked":["Footwork","Poisoned Stab+1","Flechettes+1"],"picked":"SKIP","floor":41},{"not_picked":["Poisoned Stab","Dagger Spray"],"picked":"Acrobatics+1","floor":45},{"not_picked":["Eviscerate+1","Infinite Blades","Dodge and Roll+1"],"picked":"SKIP","floor":47},{"not_picked":["Dagger Spray","Underhanded Strike","Backstab"],"picked":"SKIP","floor":48},{"not_picked":["Noxious Fumes","Deflect+1"],"picked":"Caltrops","floor":54}],"player_experience":443645,"relics_obtained":[{"floor":9.0,"key":"Whetstone"},{"floor":10.0,"key":"Bag of Preparation"},{"floor":11.0,"key":"Odd Mushroom"},{"floor":23.0,"key":"Omamori"},{"floor":26.0,"key":"Paper Crane"},{"floor":29.0,"key":"Lantern"},{"floor":31.0,"key":"Red Mask"},{"floor":40,"key":"White Beast Statue"},{"floor":42,"key":"Mango"},{"floor":45,"key":"Mummified Hand"},{"floor":54,"key":"Gambling Chip"}],"event_choices":[{"damage_healed":0.0,"max_hp_gain":0.0,"max_hp_loss":0.0,"gold_gain":0.0,"event_name":"Shining Light","player_choice":"Entered Light","floor":3.0,"gold_loss":0.0,"damage_taken":13.0,"cards_upgraded":["Adrenaline","Defend_G"]},{"damage_healed":0.0,"max_hp_gain":0.0,"max_hp_loss":0.0,"gold_gain":175.0,"event_name":"Liars Game","player_choice":"AGREE","floor":4.0,"gold_loss":0.0,"damage_taken":0.0,"cards_obtained":["Doubt"]},{"damage_healed":0.0,"max_hp_gain":0.0,"max_hp_loss":0.0,"gold_gain":0.0,"event_name":"Mushrooms","player_choice":"Fought Mushrooms","floor":11.0,"gold_loss":0.0,"damage_taken":0.0},{"cards_removed":["Strike_G"],"damage_healed":0.0,"max_hp_gain":0.0,"max_hp_loss":0.0,"gold_gain":0.0,"event_name":"The Cleric","player_choice":"Card Removal","floor":13.0,"gold_loss":50.0,"damage_taken":0.0},{"damage_healed":0.0,"max_hp_gain":0.0,"max_hp_loss":0.0,"gold_gain":75.0,"event_name":"FaceTrader","player_choice":"Touch","floor":19.0,"gold_loss":0.0,"damage_taken":6.0},{"damage_healed":0.0,"max_hp_gain":0.0,"max_hp_loss":0.0,"gold_gain":0.0,"event_name":"Addict","player_choice":"Stole Relic","floor":24.0,"gold_loss":0.0,"damage_taken":0.0,"relics_obtained":["Toy Ornithopter"],"cards_obtained":["Shame"]},{"damage_healed":0.0,"max_hp_gain":0.0,"max_hp_loss":0.0,"gold_gain":0.0,"event_name":"Masked Bandits","player_choice":"Fought Bandits","floor":31.0,"gold_loss":0.0,"damage_taken":0.0},{"damage_healed":0,"gold_gain":222,"player_choice":"Wore Mask","damage_taken":0,"max_hp_gain":0,"max_hp_loss":0,"event_name":"Tomb of Lord Red Mask","floor":37,"gold_loss":0},{"damage_healed":0,"gold_gain":0,"player_choice":"Ignored","damage_taken":0,"max_hp_gain":0,"max_hp_loss":0,"event_name":"SecretPortal","floor":38,"gold_loss":0},{"damage_healed":0,"gold_gain":0,"player_choice":"Fight","damage_taken":0,"max_hp_gain":0,"max_hp_loss":0,"event_name":"MindBloom","floor":42,"gold_loss":0},{"damage_healed":0,"gold_gain":0,"player_choice":"Bought 3 Potions","damage_taken":0,"max_hp_gain":0,"max_hp_loss":0,"event_name":"The Woman in Blue","floor":46,"gold_loss":0}],"is_beta":false,"boss_relics":[{"not_picked":["Tiny House","Velvet Choker"],"picked":"SlaversCollar"},{"not_picked":["Black Star","Astrolabe"],"picked":"HoveringKite"}],"items_purged_floors":[5,20,44,53],"is_endless":false,"potions_floor_spawned":[7,11,12,14,21,27,28,35,41,42,45,47,48,54],"ascension_level":14}}