{"host":"sc0o2qwpf9j16a4i","time":1608843428,"event":{"mods":["AchievementEnabler","BaseMod","BetterRewards","Block Reminder","Colored Map","Colored Powertips","Custom Start","Highlight Path","Minty Spire (QoL Compilation)","Relic Stats"],"gold_per_floor":[113,125,125,136,136,169,169,169,169],"floor_reached":8,"playtime":270,"items_purged":[],"score":112,"play_id":"42ee4b95-5b61-4b89-88fc-f580b89acd91","local_time":"20201224225708","is_ascension_mode":true,"campfire_choices":[{"data":"Dagger Spray","floor":7,"key":"SMITH"}],"circlet_count":0,"master_deck":["AscendersBane","Strike_G","Strike_G","Strike_G","Strike_G","Strike_G","Defend_G","Defend_G","Defend_G","Defend_G","Defend_G","Survivor","Neutralize","Sucker Punch","Dagger Spray+1","Quick Slash","Crippling Poison"],"relics":["Cursed Key","Golden Idol","PreservedInsect"],"acts_visited":["Exordium"],"potions_floor_usage":[6,8],"damage_taken":[{"damage":0,"enemies":"2 Louse","floor":1,"turns":5},{"damage":1,"enemies":"Cultist","floor":2,"turns":4},{"damage":1,"enemies":"Small Slimes","floor":4,"turns":4},{"damage":15,"enemies":"3 Sentries","floor":6,"turns":8},{"damage":50,"enemies":"Lagavulin","floor":8,"turns":11}],"seed_played":"-2035745043370858123","potions_obtained":[{"floor":1,"key":"AttackPotion"},{"floor":3,"key":"GhostInAJar"}],"is_trial":false,"path_per_floor":["M","M","?","M","?","E","R","E"],"character_chosen":"THE_SILENT","items_purchased":[],"campfire_rested":0,"item_purchase_floors":[],"current_hp_per_floor":[59,58,58,57,57,42,42,0,0],"gold":169,"neow_bonus":"BOSS_RELIC","is_daily":false,"chose_seed":false,"campfire_upgraded":1,"win_rate":0.0,"timestamp":1608843428,"path_taken":["M","M","?","?","?","E","R","E"],"items_purchased_type":[],"build_version":"2020-12-22","purchased_purges":0,"victory":false,"max_hp_per_floor":[66,66,66,66,60,60,60,60,60],"relic_stats":{"counters":[5,32],"Golden Idol":7,"PreservedInsect":29,"Cursed Key":0,"obtain_stats":[{"Golden Idol":5,"PreservedInsect":6,"Cursed Key":0,"Ring of the Snake":0},{"Golden Idol":3,"PreservedInsect":4,"Cursed Key":0,"Ring of the Snake":0},{"Golden Idol":13,"PreservedInsect":21,"Cursed Key":0,"Ring of the Snake":0}]},"card_choices":[{"not_picked":["Escape Plan","Underhanded Strike"],"picked":"Sucker Punch","floor":1},{"not_picked":["Masterful Stab","Well Laid Plans"],"picked":"Dagger Spray","floor":2},{"not_picked":["Sucker Punch","Deflect"],"picked":"Quick Slash","floor":4},{"not_picked":["Skewer","Backstab"],"picked":"Crippling Poison","floor":6}],"player_experience":354443,"relics_obtained":[{"floor":6,"key":"PreservedInsect"}],"event_choices":[{"damage_healed":0,"gold_gain":0,"player_choice":"Got Potions","damage_taken":0,"max_hp_gain":0,"max_hp_loss":0,"event_name":"Lab","floor":3,"gold_loss":0},{"damage_healed":0,"gold_gain":0,"player_choice":"Lose Max HP","damage_taken":0,"relics_obtained":["Golden Idol"],"max_hp_gain":0,"max_hp_loss":6,"event_name":"Golden Idol","floor":5,"gold_loss":0}],"is_beta":false,"boss_relics":[],"items_purged_floors":[],"is_endless":false,"potions_floor_spawned":[1],"killed_by":"Lagavulin","ascension_level":20}}