{"host":"27tk4xseidcli2mr","time":1608819848,"event":{"mods":["2.2 Compatiblity","AchievementEnabler","Aspiration","BaseMod","Better Third Choice","Conspire","Custom Start","Hubris","Jorbs\u0027s Wanderer Trilogy","Minty Spire (QoL Compilation)","Replay The Spire","StSLib","SuperFastMode","[IsaacMod]????"],"gold_per_floor":[113,34,34,34,34,64,64,92,92,92,16,33,43,78,78,78,78],"floor_reached":16,"playtime":398,"items_purged":[],"score":332,"play_id":"edb4fc32-a4dc-45d6-84ea-35863d45e741","local_time":"20201224152408","is_ascension_mode":true,"campfire_choices":[{"data":"Fan","floor":7,"key":"SMITH"},{"floor":15,"key":"REST"}],"circlet_count":0,"master_deck":["AscendersBane","Strike_B","Strike_B","Strike_B","Defend_B","Defend_B","Defend_B","Defend_B","Zap","Fan+1","Melter","Leap","Seek","Bash","Defragment","conspire:SharedLibrary","Heavy Blade","Sweeping Beam"],"relics":["HushsDoor","KeepersGift","NeowsBlessing","aspiration:BabyByrd","Quantum Egg","Boot","Iron Core","hubris:Reverence"],"acts_visited":["Exordium"],"potions_floor_usage":[14,14,16],"damage_taken":[{"damage":0,"enemies":"2 Louse","floor":1,"turns":1},{"damage":0,"enemies":"Gremlin Nob","floor":6,"turns":1},{"damage":0,"enemies":"3 Sentries","floor":8,"turns":1},{"damage":3,"enemies":"Jaw Worm","floor":12,"turns":3},{"damage":14,"enemies":"Small Slimes","floor":13,"turns":4},{"damage":32,"enemies":"Gremlin Nob","floor":14,"turns":4},{"damage":38,"enemies":"The Guardian","floor":16,"turns":9}],"seed_played":"91999039760330162","potions_obtained":[{"floor":6,"key":"Energy Potion"},{"floor":8,"key":"GamblersBrew"},{"floor":14,"key":"SkillPotion"}],"is_trial":false,"path_per_floor":["M","$","?","?","$","E","R","E","T","?","$","M","M","E","R","B"],"character_chosen":"DEFECT","items_purchased":["Melter","Defragment"],"campfire_rested":1,"item_purchase_floors":[2,11],"current_hp_per_floor":[64,64,64,64,64,64,64,64,64,64,64,61,47,15,36,0,0],"gold":78,"neow_bonus":"THREE_ENEMY_KILL","is_daily":false,"chose_seed":false,"campfire_upgraded":1,"win_rate":0.0,"timestamp":1608819848,"path_taken":["M","$","?","?","$","E","R","E","T","?","?","?","M","E","R","BOSS"],"items_purchased_type":["Card","Card"],"build_version":"2020-12-22","purchased_purges":0,"victory":false,"max_hp_per_floor":[71,71,71,71,71,71,71,71,71,71,71,71,71,71,71,71,71],"card_choices":[{"not_picked":["aspiration:Polymerization","ReplayTheSpireMod:GoodbyeWorld"],"picked":"Fan","floor":1},{"not_picked":["Turbo","Beam Cell"],"picked":"Leap","floor":6},{"not_picked":["BootSequence","Distribution"],"picked":"Seek","floor":8},{"not_picked":["Blizzard","Tempest"],"picked":"conspire:SharedLibrary","floor":12},{"not_picked":["Hologram","Iron Wave"],"picked":"Heavy Blade","floor":13},{"not_picked":["hubris:Prefetch","Compile Driver"],"picked":"Sweeping Beam","floor":14}],"player_experience":1221076,"relics_obtained":[{"floor":6,"key":"Quantum Egg"},{"floor":8,"key":"Boot"},{"floor":14,"key":"hubris:Reverence"}],"event_choices":[{"cards_removed":["Strike_B"],"damage_healed":0,"gold_gain":0,"player_choice":"Forget","damage_taken":0,"max_hp_gain":0,"max_hp_loss":0,"event_name":"Living Wall","floor":4,"gold_loss":0}],"is_beta":false,"boss_relics":[],"items_purged_floors":[],"is_endless":false,"potions_floor_spawned":[6,8,14],"killed_by":"The Guardian","ascension_level":20}}