{"host":"baymyijz6sxaqj5s","time":1608797419,"event":{"mods":["AchievementEnabler","BaseMod","Colored Map","Colored Powertips","DeckTracker","KOR Keyword Fix","Keyboard Shortcuts","Minty Spire (QoL Compilation)","Quick Restart","StSLib","SuperFastMode"],"gold_per_floor":[115,133,148,148,121,121,136,149,149,181,8,8,8,25,25,129,129,144,158,178,198,198,198,218,236,236,236,131,151,151,54,54,155,155,174,174,188,206,131,131,0,10,10,10,22,35,35,386,386,386],"floor_reached":51,"playtime":2675,"items_purged":["Strike_G+1"],"score":703,"play_id":"0b866b52-cd81-4be3-bcbc-077a3614ed55","local_time":"20201224171019","is_ascension_mode":false,"campfire_choices":[{"data":"Blur","floor":6,"key":"SMITH"},{"data":"Crippling Poison","floor":15,"key":"SMITH"},{"floor":23,"key":"REST"},{"data":"Deadly Poison","floor":30,"key":"SMITH"},{"floor":32,"key":"REST"},{"data":"Phantasmal Killer","floor":40,"key":"SMITH"},{"floor":49,"key":"REST"}],"circlet_count":0,"master_deck":["Strike_G+1","Strike_G+1","Strike_G+1","Defend_G+1","Defend_G+1","Defend_G+1","Defend_G+1","Defend_G+1","Survivor","Neutralize","Blur+1","Blade Dance","Outmaneuver","Flying Knee","Deflect","Crippling Poison+1","Quick Slash","Poisoned Stab+1","Deadly Poison+1","Phantasmal Killer+1","Leg Sweep+1","Dodge and Roll","Bane+1","Blur+1","Backflip+1","Dodge and Roll","Burst","After Image","Dagger Spray","Impatience","Parasite","Normality","Bouncing Flask+1"],"relics":["Ring of the Snake","Letter Opener","Bag of Preparation","Lee\u0027s Waffle","SacredBark","Darkstone Periapt","Cursed Key","Red Mask","Pantograph","Old Coin"],"acts_visited":["Exordium","TheCity","TheBeyond"],"potions_floor_usage":[10,24,25,29,29,33,33,35,37,42,48,50,50],"damage_taken":[{"damage":0,"enemies":"Small Slimes","floor":1,"turns":5},{"damage":0,"enemies":"Jaw Worm","floor":2,"turns":5},{"damage":1,"enemies":"2 Louse","floor":3,"turns":3},{"damage":5,"enemies":"Blue Slaver","floor":7,"turns":4},{"damage":7,"enemies":"3 Louse","floor":8,"turns":5},{"damage":11,"enemies":"Gremlin Nob","floor":10,"turns":5},{"damage":2,"enemies":"2 Fungi Beasts","floor":14,"turns":3},{"damage":28,"enemies":"Hexaghost","floor":16,"turns":10},{"damage":7,"enemies":"Chosen","floor":18,"turns":4},{"damage":27,"enemies":"Spheric Guardian","floor":19,"turns":8},{"damage":29,"enemies":"Snecko","floor":20,"turns":7},{"damage":15,"enemies":"Snake Plant","floor":21,"turns":6},{"damage":8,"enemies":"Shelled Parasite and Fungi","floor":24,"turns":6},{"damage":1,"enemies":"Centurion and Healer","floor":25,"turns":11},{"damage":0,"enemies":"Snake Plant","floor":29,"turns":3},{"damage":104,"enemies":"Collector","floor":33,"turns":13},{"damage":2,"enemies":"3 Darklings","floor":35,"turns":6},{"damage":3,"enemies":"3 Shapes","floor":37,"turns":5},{"damage":18,"enemies":"3 Darklings","floor":38,"turns":5},{"damage":0,"enemies":"Writhing Mass","floor":42,"turns":6},{"damage":0,"enemies":"Jaw Worm Horde","floor":45,"turns":5},{"damage":28,"enemies":"Transient","floor":46,"turns":5},{"damage":80,"enemies":"2 Orb Walkers","floor":48,"turns":6},{"damage":69,"enemies":"Donu and Deca","floor":50,"turns":11}],"seed_played":"-2276855272065497598","potions_obtained":[{"floor":1,"key":"Energy Potion"},{"floor":3,"key":"Block Potion"},{"floor":8,"key":"GamblersBrew"},{"floor":10,"key":"BlessingOfTheForge"},{"floor":14,"key":"FairyPotion"},{"floor":25,"key":"DistilledChaos"},{"floor":29,"key":"Fruit Juice"},{"floor":33,"key":"AttackPotion"},{"floor":35,"key":"ColorlessPotion"},{"floor":37,"key":"Strength Potion"},{"floor":38,"key":"PowerPotion"},{"floor":46,"key":"Swift Potion"},{"floor":48,"key":"SteroidPotion"}],"is_trial":false,"path_per_floor":["M","M","M","?","$","R","M","M","T","E","$","?","?","M","R","B",null,"M","M","M","M","?","R","M","M","T","?","$","M","R","$","R","B",null,"M","?","M","M","$","R","?","M","T","?","M","M","$","?","R","B",null],"character_chosen":"THE_SILENT","items_purchased":["Flying Knee","Poisoned Stab","Lee\u0027s Waffle","Fruit Juice","Fruit Juice"],"campfire_rested":3,"item_purchase_floors":[5,11,11,28,31],"current_hp_per_floor":[77,77,76,76,76,76,71,64,64,53,84,89,71,69,69,41,89,82,55,26,11,11,37,29,28,28,57,57,67,67,67,96,12,119,117,112,109,91,91,91,91,97,103,103,103,75,75,78,117,62],"gold":386,"neow_bonus":"TEN_PERCENT_HP_BONUS","is_daily":false,"chose_seed":false,"campfire_upgraded":4,"win_rate":0.0,"timestamp":1608797419,"path_taken":["M","M","M","?","$","R","M","M","T","E","$","?","?","M","R","BOSS","M","M","M","M","?","R","M","M","T","?","$","M","R","$","R","BOSS","M","?","M","M","$","R","?","M","T","?","M","M","$","?","R","BOSS"],"items_purchased_type":["Card","Card","Relic","Potion","Potion"],"build_version":"2020-12-22","purchased_purges":1,"victory":true,"max_hp_per_floor":[77,77,77,77,77,77,77,77,77,77,84,89,89,89,89,89,89,89,89,89,89,89,89,89,89,89,89,89,99,99,99,99,119,119,119,119,119,119,119,119,119,125,131,131,131,131,131,131,131,131],"card_choices":[{"not_picked":["Heel Hook","Underhanded Strike"],"picked":"Blur","floor":1},{"not_picked":["Quick Slash","Outmaneuver"],"picked":"Blade Dance","floor":2},{"not_picked":["Calculated Gamble","Envenom"],"picked":"Outmaneuver","floor":3},{"not_picked":["Distraction","Dagger Throw"],"picked":"Deflect","floor":7},{"not_picked":["Dagger Spray","Flying Knee"],"picked":"Crippling Poison","floor":8},{"not_picked":["Slice","Deflect"],"picked":"Quick Slash","floor":10},{"not_picked":["Acrobatics","Distraction"],"picked":"Deadly Poison","floor":14},{"not_picked":["A Thousand Cuts","Venomology"],"picked":"Phantasmal Killer","floor":16},{"not_picked":["Dagger Throw","Deflect+1"],"picked":"Leg Sweep+1","floor":18},{"not_picked":["All Out Attack","Eviscerate+1"],"picked":"Dodge and Roll","floor":19},{"not_picked":["Infinite Blades","Quick Slash"],"picked":"Bane+1","floor":20},{"not_picked":["Quick Slash","Acrobatics+1"],"picked":"Blur+1","floor":21},{"not_picked":["Slice+1","Acrobatics"],"picked":"Backflip+1","floor":24},{"not_picked":["Caltrops+1","PiercingWail+1"],"picked":"Dodge and Roll","floor":25},{"not_picked":["Terror+1","Dodge and Roll"],"picked":"Burst","floor":29},{"not_picked":["Malaise","Envenom"],"picked":"After Image","floor":33},{"not_picked":["Dagger Throw","Prepared"],"picked":"Dagger Spray","floor":35},{"not_picked":["The Bomb","Master of Strategy"],"picked":"Impatience","floor":36},{"not_picked":["Underhanded Strike","PiercingWail","Quick Slash+1"],"picked":"SKIP","floor":37},{"not_picked":["Sucker Punch+1","Flying Knee+1","Quick Slash"],"picked":"SKIP","floor":38},{"not_picked":["Outmaneuver+1","Backstab+1","Bane+1"],"picked":"SKIP","floor":42},{"not_picked":["Riddle With Holes+1","Slice"],"picked":"Bouncing Flask+1","floor":45},{"not_picked":["Masterful Stab+1","Underhanded Strike+1","Tactician"],"picked":"SKIP","floor":46}],"player_experience":214155,"relics_obtained":[{"floor":9,"key":"Letter Opener"},{"floor":10,"key":"Bag of Preparation"},{"floor":26,"key":"Darkstone Periapt"},{"floor":43,"key":"Pantograph"},{"floor":48,"key":"Old Coin"}],"event_choices":[{"damage_healed":0,"gold_gain":0,"player_choice":"Ignored","damage_taken":0,"max_hp_gain":0,"max_hp_loss":0,"event_name":"Golden Idol","floor":4,"gold_loss":0},{"damage_healed":0,"gold_gain":0,"player_choice":"Donut","damage_taken":0,"max_hp_gain":5,"max_hp_loss":0,"event_name":"Big Fish","floor":12,"gold_loss":0},{"damage_healed":0,"gold_gain":0,"player_choice":"Entered Light","damage_taken":18,"max_hp_gain":0,"max_hp_loss":0,"event_name":"Shining Light","floor":13,"gold_loss":0,"cards_upgraded":["Poisoned Stab","Defend_G"]},{"damage_healed":0,"gold_gain":0,"player_choice":"Simplicity","damage_taken":0,"max_hp_gain":0,"max_hp_loss":0,"event_name":"Back to Basics","floor":22,"gold_loss":0,"cards_upgraded":["Strike_G","Strike_G","Strike_G","Strike_G","Strike_G","Defend_G","Defend_G","Defend_G","Defend_G"]},{"damage_healed":29,"gold_gain":0,"player_choice":"Heal","damage_taken":0,"max_hp_gain":0,"max_hp_loss":0,"event_name":"The Library","floor":27,"gold_loss":0},{"damage_healed":0,"gold_gain":0,"player_choice":"Memory 2","damage_taken":5,"max_hp_gain":0,"max_hp_loss":0,"event_name":"SensoryStone","floor":36,"gold_loss":0},{"damage_healed":0,"gold_gain":0,"player_choice":"Paid","damage_taken":0,"relics_obtained":["Red Mask"],"max_hp_gain":0,"max_hp_loss":0,"event_name":"Tomb of Lord Red Mask","floor":41,"gold_loss":131},{"cards_removed":["Strike_G"],"damage_healed":0,"gold_gain":0,"player_choice":"Removed Attack","damage_taken":0,"max_hp_gain":0,"max_hp_loss":0,"event_name":"Falling","floor":44,"gold_loss":0},{"damage_healed":0,"gold_gain":0,"player_choice":"Fight","damage_taken":0,"max_hp_gain":0,"max_hp_loss":0,"event_name":"Mysterious Sphere","floor":48,"gold_loss":0}],"is_beta":false,"boss_relics":[{"not_picked":["Runic Dome","HoveringKite"],"picked":"SacredBark"},{"not_picked":["Ring of the Serpent","WristBlade"],"picked":"Cursed Key"}],"items_purged_floors":[39],"is_endless":false,"potions_floor_spawned":[1,3,8,10,14,20,25,29,33,35,37,38,46,48],"ascension_level":0}}