{"host":"qwttrqaysb380yri","time":1608790123,"event":{"mods":["BaseMod","Custom Start","Minty Spire (QoL Compilation)","Permanent Neow","Puzzle Mod","Relic Stats","StSLib","The Cursed","The Hierophant"],"gold_per_floor":[109,122,142,142,162,188,209,209,209,209,209],"floor_reached":10,"playtime":278,"items_purged":[],"score":123,"play_id":"cebd1cd5-38ac-4b84-88af-76543c3338b9","local_time":"20201224070843","is_ascension_mode":true,"campfire_choices":[{"floor":8,"key":"REST"}],"circlet_count":0,"master_deck":["AscendersBane","hierophant:Strike_Hierophant","hierophant:Strike_Hierophant","hierophant:Strike_Hierophant","hierophant:Strike_Hierophant","hierophant:Punish","hierophant:Defend_Hierophant","hierophant:Defend_Hierophant","hierophant:Defend_Hierophant","hierophant:Defend_Hierophant","hierophant:ChurchCoffers+1","hierophant:RepressedViolence","hierophant:FlamingChariot","hierophant:HammerAndAnvil","Regret","hierophant:OrnateJavelin","hierophant:Shelter+1","hierophant:Doubloon+1","hierophant:Dazzle+1"],"relics":["hierophant:PropheticMaskRelic","Toxic Egg 2","Calipers","Sundial"],"acts_visited":["Exordium"],"potions_floor_usage":[],"damage_taken":[{"damage":4,"enemies":"Small Slimes","floor":1,"turns":3},{"damage":0,"enemies":"2 Louse","floor":2,"turns":3},{"damage":1,"enemies":"Cultist","floor":3,"turns":3},{"damage":15,"enemies":"Exordium Wildlife","floor":5,"turns":3},{"damage":24,"enemies":"3 Sentries","floor":6,"turns":7},{"damage":15,"enemies":"Looter","floor":7,"turns":3},{"damage":21,"enemies":"Gremlin Nob","floor":10,"turns":3}],"seed_played":"3968672590916260546","potions_obtained":[{"floor":5,"key":"SpeedPotion"},{"floor":7,"key":"Ancient Potion"}],"is_trial":false,"path_per_floor":["M","M","M","?","M","E","M","R","T","E"],"character_chosen":"HIEROPHANT","items_purchased":[],"campfire_rested":1,"item_purchase_floors":[],"current_hp_per_floor":[64,64,63,63,48,24,9,31,31,10,10],"gold":209,"neow_bonus":"UPGRADE_CARD","is_daily":false,"chose_seed":false,"campfire_upgraded":0,"win_rate":0.0,"timestamp":1608790123,"path_taken":["M","M","M","?","M","E","M","R","T","E"],"items_purchased_type":[],"build_version":"2020-12-22","purchased_purges":0,"victory":false,"max_hp_per_floor":[75,75,75,75,75,75,75,75,75,75,75],"relic_stats":{"counters":[7,25],"Sundial":[0],"obtain_stats":[{"Calipers":6,"Sundial":9,"hierophant:PropheticMaskRelic":0,"Toxic Egg 2":4},{"Calipers":5,"Sundial":6,"hierophant:PropheticMaskRelic":0,"Toxic Egg 2":3},{"Calipers":19,"Sundial":22,"hierophant:PropheticMaskRelic":0,"Toxic Egg 2":9}]},"card_choices":[{"not_picked":["hierophant:Sermon","hierophant:DisplayOfPower"],"picked":"hierophant:RepressedViolence","floor":1},{"not_picked":["hierophant:Sermon","hierophant:Prophecy"],"picked":"hierophant:FlamingChariot","floor":2},{"not_picked":["hierophant:Endure","hierophant:Charity"],"picked":"hierophant:HammerAndAnvil","floor":3},{"not_picked":["hierophant:ArchangelShield","hierophant:Shelter+1"],"picked":"hierophant:OrnateJavelin","floor":5},{"not_picked":["hierophant:Flagellation+1","hierophant:Encroach+1"],"picked":"hierophant:Shelter+1","floor":6},{"not_picked":["hierophant:SealAway","hierophant:Mercenaries"],"picked":"hierophant:Dazzle+1","floor":7}],"player_experience":1942872,"relics_obtained":[{"floor":6,"key":"Calipers"},{"floor":9,"key":"Sundial"}],"event_choices":[{"damage_healed":0,"gold_gain":0,"player_choice":"Box","damage_taken":0,"relics_obtained":["Toxic Egg 2"],"max_hp_gain":0,"max_hp_loss":0,"event_name":"Big Fish","floor":4,"gold_loss":0,"cards_obtained":["Regret"]}],"is_beta":false,"boss_relics":[],"items_purged_floors":[],"is_endless":false,"potions_floor_spawned":[5,7],"killed_by":"Gremlin Nob","ascension_level":15}}