{"host":"anox4050deqdcqoh","time":1608818034,"event":{"mods":["BaseMod","Colored Map","Minty Spire (QoL Compilation)","Quick Restart"],"gold_per_floor":[115,87,87,105,124,124,157,157,157,175,175,206,206,50,50,149,199,219,219,233,243,184,184,212,212,212,212,212,223,233,243,243,338,338,356,371,133,146,18,18,48,48,48,48,59,59,59,71,71,71,71],"floor_reached":50,"playtime":3680,"items_purged":[],"score":551,"play_id":"688c86a7-49ed-4c65-bfae-c44b39bdba3d","local_time":"20201224085354","is_ascension_mode":true,"campfire_choices":[{"floor":6,"key":"RECALL"},{"floor":8,"key":"REST"},{"floor":11,"key":"REST"},{"floor":15,"key":"REST"},{"data":"Demon Form","floor":23,"key":"SMITH"},{"data":"Limit Break","floor":25,"key":"SMITH"},{"data":"Infernal Blade","floor":27,"key":"SMITH"},{"floor":32,"key":"REST"},{"floor":40,"key":"REST"},{"data":"Demon Form","floor":42,"key":"SMITH"},{"floor":44,"key":"REST"},{"floor":49,"key":"REST"}],"circlet_count":0,"master_deck":["Strike_R+1","Strike_R+1","Strike_R+1","Strike_R+1","Defend_R+1","Defend_R+1","Defend_R+1","Bash","Armaments","Heavy Blade","Cleave","Flex","Spot Weakness","Demon Form+1","Shockwave+1","Rampage","Rupture","Limit Break+1","Infernal Blade+1","Wild Strike+1","Inflame","Rage","Decay","Shrug It Off+1","Flame Barrier","Bludgeon","Spot Weakness+1","Power Through+1","Demon Form+1","Iron Wave","Blood for Blood","Trip","Writhe"],"relics":["Burning Blood","The Courier","Anchor","Gremlin Horn","Orichalcum","Tiny House","Tiny Chest","Toy Ornithopter","SacredBark","Ginger","Juzu Bracelet","White Beast Statue"],"acts_visited":["Exordium","TheCity","TheBeyond"],"potions_floor_usage":[7,7,16,33,33,45,48,50,50],"damage_taken":[{"damage":2,"enemies":"2 Louse","floor":1,"turns":2},{"damage":6,"enemies":"Jaw Worm","floor":4,"turns":3},{"damage":5,"enemies":"Small Slimes","floor":5,"turns":3},{"damage":46,"enemies":"Lagavulin","floor":7,"turns":10},{"damage":3,"enemies":"2 Fungi Beasts","floor":10,"turns":3},{"damage":25,"enemies":"3 Sentries","floor":12,"turns":7},{"damage":29,"enemies":"Slime Boss","floor":16,"turns":6},{"damage":0,"enemies":"Chosen","floor":18,"turns":3},{"damage":16,"enemies":"Spheric Guardian","floor":20,"turns":4},{"damage":15,"enemies":"Chosen and Byrds","floor":21,"turns":6},{"damage":10,"enemies":"Gremlin Leader","floor":24,"turns":6},{"damage":17,"enemies":"Snecko","floor":29,"turns":5},{"damage":16,"enemies":"Cultist and Chosen","floor":30,"turns":7},{"damage":11,"enemies":"Centurion and Healer","floor":31,"turns":7},{"damage":69,"enemies":"Collector","floor":33,"turns":10},{"damage":16,"enemies":"3 Darklings","floor":35,"turns":6},{"damage":0,"enemies":"3 Shapes","floor":36,"turns":2},{"damage":27,"enemies":"Sphere and 2 Shapes","floor":38,"turns":5},{"damage":53,"enemies":"Giant Head","floor":41,"turns":8},{"damage":55,"enemies":"Spire Growth","floor":45,"turns":7},{"damage":43,"enemies":"3 Darklings","floor":48,"turns":10},{"damage":123,"enemies":"Donu and Deca","floor":50,"turns":7}],"seed_played":"2269291725466830727","potions_obtained":[{"floor":1,"key":"Dexterity Potion"},{"floor":5,"key":"AttackPotion"},{"floor":12,"key":"FearPotion"},{"floor":17,"key":"LiquidBronze"},{"floor":29,"key":"ColorlessPotion"},{"floor":30,"key":"Strength Potion"},{"floor":31,"key":"FairyPotion"},{"floor":33,"key":"AttackPotion"},{"floor":38,"key":"CultistPotion"},{"floor":45,"key":"ColorlessPotion"},{"floor":48,"key":"LiquidMemories"}],"is_trial":false,"path_per_floor":["M","?","T","M","M","R","E","R","T","M","R","E","?","$","R","B",null,"M","?","M","M","$","R","E","R","T","R","?","M","M","M","R","B",null,"M","M","$","M","$","R","E","R","T","R","M","?","?","M","R","B"],"character_chosen":"IRONCLAD","items_purchased":["Rupture","Orichalcum","Rage","Ginger","Demon Form"],"campfire_rested":7,"item_purchase_floors":[14,14,22,37,39],"current_hp_per_floor":[60,60,60,60,61,61,21,45,45,48,72,53,58,58,83,60,90,90,90,80,71,71,71,67,67,67,67,67,56,46,41,68,15,90,80,86,86,65,65,90,43,43,43,70,26,26,49,17,44,0,0],"gold":71,"neow_bonus":"TRANSFORM_TWO_CARDS","is_daily":false,"chose_seed":false,"campfire_upgraded":4,"win_rate":0.0,"timestamp":1608818034,"path_taken":["M","?","?","M","M","R","E","R","T","M","R","E","?","$","R","BOSS","M","?","M","M","$","R","E","R","T","R","?","M","M","M","R","BOSS","M","M","$","M","$","R","E","R","T","R","M","?","?","M","R","BOSS"],"items_purchased_type":["Card","Relic","Card","Relic","Card"],"build_version":"2020-12-22","purchased_purges":0,"victory":false,"max_hp_per_floor":[80,80,80,80,80,80,80,80,80,80,80,80,85,85,85,85,90,90,90,90,90,90,90,90,90,90,90,90,90,90,90,90,90,90,90,90,90,90,90,90,90,90,90,90,90,90,90,90,90,90,90],"card_choices":[{"not_picked":["Inflame","Shockwave"],"picked":"Cleave","floor":1},{"not_picked":["Clothesline","Burning Pact"],"picked":"Flex","floor":4},{"not_picked":["Thunderclap","Ghostly Armor"],"picked":"Spot Weakness","floor":5},{"not_picked":["Havoc","Anger"],"picked":"Demon Form","floor":7},{"not_picked":["Body Slam","Sword Boomerang"],"picked":"Shockwave","floor":10},{"not_picked":["Intimidate","Clash"],"picked":"Rampage","floor":12},{"not_picked":["Corruption","Double Tap"],"picked":"Limit Break","floor":16},{"not_picked":["Twin Strike","Headbutt"],"picked":"Infernal Blade","floor":17},{"not_picked":["Sever Soul+1","Havoc","Infernal Blade"],"picked":"SKIP","floor":18},{"not_picked":["Disarm","Pommel Strike"],"picked":"Wild Strike+1","floor":20},{"not_picked":["Battle Trance+1","Cleave"],"picked":"Inflame","floor":21},{"not_picked":["Anger","Sentinel","Perfected Strike+1"],"picked":"SKIP","floor":24},{"not_picked":["Warcry+1","Inflame"],"picked":"Shrug It Off+1","floor":29},{"not_picked":["Headbutt","Wild Strike+1","Pommel Strike"],"picked":"SKIP","floor":30},{"not_picked":["Rupture+1","Burning Pact"],"picked":"Flame Barrier","floor":31},{"not_picked":["Fiend Fire","Exhume"],"picked":"Bludgeon","floor":33},{"not_picked":["Clothesline+1","Anger"],"picked":"Spot Weakness+1","floor":35},{"not_picked":["Armaments","Iron Wave","Rampage+1"],"picked":"SKIP","floor":36},{"not_picked":["Clash","Twin Strike+1"],"picked":"Power Through+1","floor":38},{"not_picked":["Shockwave","Headbutt"],"picked":"Iron Wave","floor":41},{"not_picked":["Dual Wield","Headbutt"],"picked":"Blood for Blood","floor":45},{"not_picked":["Deep Breath","Good Instincts"],"picked":"Trip","floor":46},{"not_picked":["Headbutt+1","Dark Embrace","Armaments"],"picked":"SKIP","floor":48}],"player_experience":161176,"relics_obtained":[{"floor":3,"key":"The Courier"},{"floor":7,"key":"Anchor"},{"floor":12,"key":"Gremlin Horn"},{"floor":24,"key":"Tiny Chest"},{"floor":26,"key":"Toy Ornithopter"},{"floor":41,"key":"Juzu Bracelet"},{"floor":43,"key":"White Beast Statue"}],"event_choices":[{"damage_healed":0,"gold_gain":0,"player_choice":"Left Gold","damage_taken":0,"max_hp_gain":0,"max_hp_loss":0,"event_name":"World of Goop","floor":2,"gold_loss":28},{"damage_healed":0,"gold_gain":0,"player_choice":"Donut","damage_taken":0,"max_hp_gain":5,"max_hp_loss":0,"event_name":"Big Fish","floor":13,"gold_loss":0},{"damage_healed":0,"gold_gain":0,"player_choice":"Simplicity","damage_taken":0,"max_hp_gain":0,"max_hp_loss":0,"event_name":"Back to Basics","floor":19,"gold_loss":0,"cards_upgraded":["Strike_R","Strike_R","Strike_R","Strike_R","Defend_R","Defend_R","Defend_R"]},{"damage_healed":0,"gold_gain":0,"player_choice":"Smashed Altar","damage_taken":0,"max_hp_gain":0,"max_hp_loss":0,"event_name":"Forgotten Altar","floor":28,"gold_loss":0,"cards_obtained":["Decay"]},{"damage_healed":0,"gold_gain":0,"player_choice":"Memory 1","damage_taken":0,"max_hp_gain":0,"max_hp_loss":0,"event_name":"SensoryStone","floor":46,"gold_loss":0},{"damage_healed":23,"gold_gain":0,"player_choice":"Writhe","damage_taken":0,"max_hp_gain":0,"max_hp_loss":0,"event_name":"Winding Halls","floor":47,"gold_loss":0,"cards_obtained":["Writhe"]}],"is_beta":false,"boss_relics":[{"not_picked":["Sozu","Snecko Eye"],"picked":"Tiny House"},{"not_picked":["Velvet Choker","Fusion Hammer"],"picked":"SacredBark"}],"items_purged_floors":[],"is_endless":false,"potions_floor_spawned":[1,5,12,29,30,31,33,38,45,48],"killed_by":"Donu and Deca","ascension_level":1}}