{"host":"CarrotHands","time":1608781746,"event":{"mods":["BaseMod","Minty Spire (QoL Compilation)","Relic Stats","StSLib"],"gold_per_floor":[119,18,28,28,47,47,83,83,83,83,147,165,215,238,238,336,336,350,370,123,136,186,186,186,186],"floor_reached":24,"playtime":1416,"items_purged":["Strike_B"],"score":396,"play_id":"8453603f-be42-4d92-a386-ceca0d837fd5","local_time":"20201223194906","is_ascension_mode":true,"campfire_choices":[{"data":"Streamline","floor":6,"key":"SMITH"},{"floor":8,"key":"REST"},{"floor":15,"key":"REST"},{"floor":23,"key":"REST"}],"circlet_count":0,"master_deck":["AscendersBane","Strike_B","Strike_B","Strike_B","Defend_B","Defend_B","Defend_B","Defend_B","Zap","Dualcast","Consume+1","Melter","Leap","FTL","Streamline+1","Genetic Algorithm","Darkness","Static Discharge","Electrodynamics","Leap"],"relics":["Black Star","Golden Idol","Cables","Boot","DataDisk","SsserpentHead","SlaversCollar","OrangePellets"],"acts_visited":["Exordium","TheCity"],"potions_floor_usage":[7,7,16,21],"damage_taken":[{"damage":12.0,"enemies":"Cultist","floor":1.0,"turns":5.0},{"damage":0.0,"enemies":"2 Louse","floor":3.0,"turns":2.0},{"damage":4,"enemies":"Small Slimes","floor":5,"turns":3},{"damage":17,"enemies":"3 Sentries","floor":7,"turns":8},{"damage":1,"enemies":"Looter","floor":11,"turns":3},{"damage":16,"enemies":"3 Louse","floor":12,"turns":3},{"damage":10,"enemies":"2 Fungi Beasts","floor":14,"turns":4},{"damage":23,"enemies":"Slime Boss","floor":16,"turns":5},{"damage":15,"enemies":"Chosen","floor":18,"turns":4},{"damage":29,"enemies":"Shell Parasite","floor":19,"turns":4},{"damage":8,"enemies":"Snecko","floor":21,"turns":5},{"damage":26,"enemies":"Book of Stabbing","floor":24,"turns":4}],"seed_played":"-2147483921100743981","potions_obtained":[{"floor":1.0,"key":"Energy Potion"},{"floor":3.0,"key":"ColorlessPotion"},{"floor":11,"key":"Swift Potion"},{"floor":18,"key":"AttackPotion"}],"is_trial":false,"path_per_floor":["M","$","M","?","M","R","E","R","T","?","M","M","?","M","R","B",null,"M","M","$","M","?","R","E"],"character_chosen":"DEFECT","items_purchased":["Melter","Leap","OrangePellets"],"campfire_rested":3,"item_purchase_floors":[2,2,20],"current_hp_per_floor":[52,52,52,52,48,48,31,50,50,50,49,33,33,23,42,19,53,38,9,9,1,1,20,0,0],"gold":186,"neow_bonus":"BOSS_RELIC","is_daily":false,"chose_seed":false,"campfire_upgraded":1,"win_rate":0.0,"timestamp":1608781746,"path_taken":["M","$","M","?","M","R","E","R","T","?","?","M","?","M","R","BOSS","M","M","$","M","?","R","E"],"items_purchased_type":["Card","Card","Relic"],"build_version":"2020-12-18","purchased_purges":1,"victory":false,"max_hp_per_floor":[71,71,71,64,64,64,64,64,64,64,64,64,64,64,64,64,64,64,64,64,64,64,64,64,64],"relic_stats":{"SsserpentHead":150,"OrangePellets":[3],"counters":[12,50],"Golden Idol":53,"Black Star":1,"Boot":[0],"obtain_stats":[{"SsserpentHead":10,"SlaversCollar":17,"OrangePellets":20,"DataDisk":9,"Golden Idol":4,"Black Star":0,"Cracked Core":0,"Boot":7,"Cables":7},{"SsserpentHead":4,"SlaversCollar":8,"OrangePellets":10,"DataDisk":4,"Golden Idol":2,"Black Star":0,"Cracked Core":0,"Boot":4,"Cables":4},{"SsserpentHead":18,"SlaversCollar":33,"OrangePellets":41,"DataDisk":18,"Golden Idol":7,"Black Star":0,"Cracked Core":0,"Boot":18,"Cables":18}],"Cables":[19,7,0,12,0]},"card_choices":[{"not_picked":["Steam","Beam Cell"],"picked":"Consume","floor":1.0},{"not_picked":["Beam Cell","Compile Driver"],"picked":"FTL","floor":3.0},{"not_picked":["Darkness","Barrage"],"picked":"Streamline","floor":5},{"not_picked":["Aggregate","Storm"],"picked":"Genetic Algorithm","floor":7},{"not_picked":["Stack","Genetic Algorithm"],"picked":"Darkness","floor":11},{"not_picked":["Streamline","Darkness","Sunder"],"picked":"SKIP","floor":12},{"not_picked":["Machine Learning","Barrage"],"picked":"Static Discharge","floor":14},{"not_picked":["Amplify","Seek"],"picked":"Electrodynamics","floor":16},{"not_picked":["Stack","Aggregate","Force Field"],"picked":"SKIP","floor":18},{"not_picked":["Sweeping Beam","FTL","Force Field"],"picked":"SKIP","floor":19},{"not_picked":["Steam Power","Blizzard"],"picked":"Leap","floor":21}],"player_experience":3004646,"relics_obtained":[{"floor":7,"key":"Cables"},{"floor":7,"key":"Boot"},{"floor":9,"key":"DataDisk"}],"event_choices":[{"damage_healed":0.0,"max_hp_gain":0.0,"max_hp_loss":7.0,"gold_gain":0.0,"event_name":"Golden Idol","player_choice":"Lose Max HP","floor":4.0,"gold_loss":0.0,"damage_taken":0.0,"relics_obtained":["Golden Idol"]},{"damage_healed":0,"gold_gain":0,"player_choice":"Trade","damage_taken":0,"relics_obtained":["SsserpentHead"],"max_hp_gain":0,"max_hp_loss":0,"event_name":"FaceTrader","floor":10,"gold_loss":0},{"damage_healed":0,"gold_gain":0,"player_choice":"Grow","damage_taken":0,"max_hp_gain":0,"max_hp_loss":0,"event_name":"Living Wall","floor":13,"gold_loss":0,"cards_upgraded":["Consume"]},{"damage_healed":0,"gold_gain":0,"player_choice":"Ignored","damage_taken":0,"max_hp_gain":0,"max_hp_loss":0,"event_name":"Cursed Tome","floor":22,"gold_loss":0}],"is_beta":true,"boss_relics":[{"not_picked":["Ectoplasm","SacredBark"],"picked":"SlaversCollar"}],"items_purged_floors":[20],"is_endless":false,"potions_floor_spawned":[1,3,11,18],"killed_by":"Book of Stabbing","ascension_level":20}}