{"host":"07tcb8n8jdavk3gs","time":1608849043,"event":{"mods":["BaseMod","Colored Map","Hermit","Marisa????????","Minty Spire (QoL Compilation)","StSLib","The Animator","The Cursed","The Servant 0.9.4"],"gold_per_floor":[425,442,344,344,361,361,399,65,65,94,19,19,37,37,37,42,42],"floor_reached":16,"playtime":1079,"items_purged":["Regret"],"score":219,"play_id":"f627745b-546d-4da7-adb6-9584b9ead79f","local_time":"20201224163043","is_ascension_mode":true,"campfire_choices":[{"data":"animator:TsurugaMeisai","floor":6,"key":"SMITH"},{"data":"animator:HououinKyouma","floor":12,"key":"SMITH"},{"floor":15,"key":"REST"}],"circlet_count":0,"master_deck":["AscendersBane","animator:Strike_NoGameNoLife","animator:Defend_NoGameNoLife","animator:DolaSchwi","animator:DolaCouronne","animator:Curse_Greed","animator:Verdia","animator:TsurugaMeisai+1","animator:Strike_NoGameNoLife","animator:Strike_GoblinSlayer","animator:Strike_Kancolle","animator:Defend_NoGameNoLife","animator:Defend_TenSura","animator:Defend_MadokaMagica","animator:Add","animator:Lancer","animator:Mitsurugi","animator:HououinKyouma+1","animator:NarberalGamma","animator:NarberalGamma+1"],"relics":["animator:LivingPicture","animator:TheMissingPiece","animator:PurgingStone","Old Coin","MealTicket","Blood Vial","Happy Flower"],"acts_visited":["Exordium"],"potions_floor_usage":[7,7,16],"damage_taken":[{"damage":6,"enemies":"Jaw Worm","floor":1,"turns":5},{"damage":0,"enemies":"2 Louse","floor":2,"turns":6},{"damage":18,"enemies":"Cultist","floor":5,"turns":7},{"damage":22,"enemies":"Lagavulin","floor":7,"turns":8},{"damage":12,"enemies":"Looter","floor":10,"turns":5},{"damage":15,"enemies":"Exordium Thugs","floor":13,"turns":7},{"damage":40,"enemies":"The Guardian","floor":16,"turns":7}],"seed_played":"-1444368301134562403","potions_obtained":[{"floor":1,"key":"PowerPotion"},{"floor":2,"key":"DuplicationPotion"},{"floor":10,"key":"Fire Potion"}],"is_trial":false,"path_per_floor":["M","M","?","?","M","R","E","$","T","M","$","R","M","?","R","B"],"character_chosen":"THE_ANIMATOR","items_purchased":["animator:HououinKyouma","Blood Vial"],"campfire_rested":1,"item_purchase_floors":[8,8],"current_hp_per_floor":[48,48,48,48,30,30,9,24,24,14,29,29,16,16,34,0,0],"gold":42,"neow_bonus":"ONE_RARE_RELIC","is_daily":false,"chose_seed":false,"campfire_upgraded":2,"win_rate":0.0,"timestamp":1608849043,"path_taken":["M","M","?","?","?","R","E","$","T","M","$","R","M","?","R","BOSS"],"items_purchased_type":["Card","Relic"],"build_version":"2020-12-22","purchased_purges":1,"victory":false,"max_hp_per_floor":[60,60,60,60,60,60,61,61,61,61,61,61,61,61,61,61,61],"card_choices":[{"not_picked":["animator:YaoHaDucy","animator:Raven"],"picked":"animator:Verdia","floor":1},{"not_picked":["animator:Tyuule","animator:Yoichi"],"picked":"animator:TsurugaMeisai","floor":2},{"not_picked":["animator:DolaSchwi","animator:Sebas"],"picked":"animator:Lancer","floor":5},{"not_picked":["animator:Aqua","animator:Vanir"],"picked":"animator:Mitsurugi","floor":7},{"not_picked":["animator:TukaLunaMarceau","animator:Darkness"],"picked":"animator:NarberalGamma","floor":10},{"not_picked":["animator:Mikaela","animator:Arpeggio"],"picked":"animator:NarberalGamma","floor":13}],"player_experience":913496,"relics_obtained":[{"floor":7,"key":"MealTicket"},{"floor":9,"key":"Happy Flower"}],"event_choices":[{"damage_healed":0,"gold_gain":0,"player_choice":"2 cards matched","damage_taken":0,"max_hp_gain":0,"max_hp_loss":0,"event_name":"Match and Keep!","floor":4,"gold_loss":0,"cards_obtained":["Regret","animator:Add"]},{"damage_healed":0,"gold_gain":0,"player_choice":"Grow","damage_taken":0,"max_hp_gain":0,"max_hp_loss":0,"event_name":"Living Wall","floor":14,"gold_loss":0,"cards_upgraded":["animator:NarberalGamma"]}],"is_beta":false,"boss_relics":[],"items_purged_floors":[11],"is_endless":false,"potions_floor_spawned":[1,2,10],"killed_by":"The Guardian","ascension_level":15}}