{"host":"ds1yr10zonoc6w4a","time":1608842456,"event":{"mods":["2.2 Compatiblity","AchievementEnabler","Act Like it!","BaseMod","Downfall","Elementarium","Gensokyo","Infinite Spire","Jorbs\u0027s Wanderer Trilogy","Koishi","Menagerie","Minty Spire (QoL Compilation)","Pale of the Ancients","StSLib","The Animator","Wandering Minibosses"],"gold_per_floor":[110,110,138,154,164,205,18,18,18],"floor_reached":8,"playtime":1228,"items_purged":["animator:Strike"],"score":87,"play_id":"d4990808-bdf8-4674-a13e-808268724da5","local_time":"20201224134056","is_ascension_mode":true,"campfire_choices":[],"circlet_count":0,"master_deck":["AscendersBane","animator:Strike_MadokaMagica","animator:Defend_MadokaMagica","animator:Strike","animator:Defend","animator:Defend","animator:Defend","animator:IrohaTamaki+1","animator:YuiTsuruno","animator:Yoichi","animator:Raven","animator:Mikaela","animator:RoyMustang","animator:Shigure","animator:FeridBathory","animator:Kuroyukihime","animator:Shuna"],"relics":["animator:LivingPicture","animator:TheMissingPiece","animator:PurgingStone","Potion Belt"],"acts_visited":["Exordium"],"potions_floor_usage":[6,6,8,8],"damage_taken":[{"damage":8,"enemies":"Jaw Worm","floor":1,"turns":4},{"damage":1,"enemies":"Cultist","floor":3,"turns":4},{"damage":0,"enemies":"Small Slimes","floor":4,"turns":3},{"damage":9,"enemies":"Red Slaver","floor":5,"turns":4},{"damage":32,"enemies":"Lagavulin","floor":6,"turns":7},{"damage":16,"enemies":"Gremlin Nob","floor":8,"turns":3}],"seed_played":"6628574181648579711","potions_obtained":[{"floor":1,"key":"Ancient Potion"},{"floor":3,"key":"PowerPotion"},{"floor":5,"key":"CultistPotion"},{"floor":6,"key":"sneckomod:MuddlingPotion"}],"is_trial":false,"path_per_floor":["M","?","M","M","M","E","$","E"],"character_chosen":"THE_ANIMATOR","items_purchased":["animator:Kuroyukihime","animator:Shuna"],"campfire_rested":0,"item_purchase_floors":[7,7],"current_hp_per_floor":[51,51,50,50,42,10,10,0,0],"gold":18,"neow_bonus":"TRANSFORM_CARD","is_daily":false,"chose_seed":false,"campfire_upgraded":0,"win_rate":0.0,"timestamp":1608842456,"path_taken":["M","?","?","M","M","E","?","E"],"items_purchased_type":["Card","Card"],"build_version":"2020-12-22","purchased_purges":1,"victory":false,"max_hp_per_floor":[66,66,66,66,67,67,67,67,67],"card_choices":[{"not_picked":["animator:Shuna","animator:Ara"],"picked":"animator:Raven","floor":1},{"not_picked":["animator:Shinoa","animator:Ara"],"picked":"animator:Mikaela","floor":3},{"not_picked":["animator:Gillette","animator:SakuraMatou"],"picked":"animator:RoyMustang","floor":4},{"not_picked":["animator:HiiragiShinya","animator:Mikaela"],"picked":"animator:Shigure","floor":5},{"not_picked":["animator:Guy","animator:Rider"],"picked":"animator:FeridBathory","floor":6}],"player_experience":522353,"relics_obtained":[{"floor":6,"key":"Potion Belt"}],"event_choices":[{"damage_healed":0,"gold_gain":0,"player_choice":"Forge","damage_taken":0,"max_hp_gain":0,"max_hp_loss":0,"event_name":"Accursed Blacksmith","floor":2,"gold_loss":0,"cards_upgraded":["animator:IrohaTamaki"]}],"is_beta":false,"boss_relics":[],"items_purged_floors":[7],"is_endless":false,"potions_floor_spawned":[1,3,5,6],"killed_by":"Gremlin Nob","ascension_level":10}}