{"host":"sc0o2qwpf9j16a4i","time":1608850388,"event":{"mods":["AchievementEnabler","BaseMod","BetterRewards","Block Reminder","Colored Map","Colored Powertips","Custom Start","Highlight Path","Minty Spire (QoL Compilation)","Relic Stats"],"gold_per_floor":[117,117,117,133,147,181,181,30,57,92,108,136,152,152,152,254,254,265,265,265,275,291,291,324,599,599,94,194,206,241,253,253,348,348,365,365,70,89,144,144,178,2,2,15,42,42,68,118,118,118,118,118,5,30,30,30],"floor_reached":55,"playtime":2676,"items_purged":["Anger","Regret","Searing Blow+1","Anger+1"],"score":911,"play_id":"3811b583-1c3c-4968-8472-9f16a6bf7714","local_time":"20201225005308","is_ascension_mode":false,"campfire_choices":[{"data":"Rampage","floor":7,"key":"SMITH"},{"floor":15,"key":"REST"},{"data":"Armaments","floor":23,"key":"SMITH"},{"data":"Dark Embrace","floor":32,"key":"SMITH"},{"floor":40,"key":"DIG"},{"floor":46,"key":"RECALL"},{"floor":49,"key":"DIG"},{"floor":52,"key":"DIG"}],"circlet_count":0,"master_deck":["Bash+1","Sword Boomerang","Armaments+1","Rampage+1","Combust","Uppercut","Offering","Carnage+1","Impervious","Headbutt+1","Rage","Sentinel","Feed+1","Reaper+1","Power Through","Carnage+1","Clothesline+1","Bite+1","Bite+1","Bite+1","Bite+1","Bite+1","Dual Wield+1","Whirlwind+1","Dark Embrace+1","Reaper+1","Disarm+1","Shockwave+1","Feel No Pain","Parasite","True Grit+1","Entrench","Reaper+1"],"relics":["Burning Blood","NeowsBlessing","Juzu Bracelet","Red Skull","Oddly Smooth Stone","Molten Egg 2","Pandora\u0027s Box","Ancient Tea Set","Mango","Singing Bowl","Orrery","Dead Branch","Mercury Hourglass","Smiling Mask","Velvet Choker","Paper Frog","Shovel","Bag of Marbles","Centennial Puzzle","Bottled Tornado","Regal Pillow","Torii","Sundial","InkBottle"],"acts_visited":["Exordium","TheCity","TheBeyond","TheEnding"],"potions_floor_usage":[6,24,29,33,39,39,41,44,54,55,55,55],"damage_taken":[{"damage":0,"enemies":"Small Slimes","floor":1,"turns":1},{"damage":0,"enemies":"Cultist","floor":4,"turns":1},{"damage":0,"enemies":"2 Louse","floor":5,"turns":1},{"damage":22,"enemies":"3 Sentries","floor":6,"turns":10},{"damage":37,"enemies":"Lagavulin","floor":10,"turns":7},{"damage":11,"enemies":"Looter","floor":11,"turns":3},{"damage":10,"enemies":"Gremlin Nob","floor":12,"turns":3},{"damage":13,"enemies":"Large Slime","floor":13,"turns":3},{"damage":11,"enemies":"Slime Boss","floor":16,"turns":6},{"damage":18,"enemies":"Shell Parasite","floor":18,"turns":3},{"damage":16,"enemies":"Spheric Guardian","floor":21,"turns":4},{"damage":44,"enemies":"Shelled Parasite and Fungi","floor":22,"turns":5},{"damage":52,"enemies":"Slavers","floor":24,"turns":4},{"damage":31,"enemies":"Colosseum Slavers","floor":28,"turns":4},{"damage":13,"enemies":"Colosseum Nobs","floor":28,"turns":5},{"damage":27,"enemies":"Centurion and Healer","floor":29,"turns":6},{"damage":48,"enemies":"Gremlin Leader","floor":30,"turns":6},{"damage":33,"enemies":"3 Cultists","floor":31,"turns":6},{"damage":70,"enemies":"Automaton","floor":33,"turns":10},{"damage":18,"enemies":"3 Shapes","floor":35,"turns":4},{"damage":16,"enemies":"Orb Walker","floor":38,"turns":2},{"damage":26,"enemies":"2 Orb Walkers","floor":39,"turns":3},{"damage":82,"enemies":"Nemesis","floor":41,"turns":9},{"damage":21,"enemies":"Writhing Mass","floor":44,"turns":5},{"damage":55,"enemies":"Reptomancer","floor":45,"turns":5},{"damage":54,"enemies":"Giant Head","floor":47,"turns":8},{"damage":6,"enemies":"Mind Bloom Boss Battle","floor":48,"turns":9},{"damage":103,"enemies":"Awakened One","floor":50,"turns":16},{"damage":28,"enemies":"Shield and Spear","floor":54,"turns":5},{"damage":276,"enemies":"The Heart","floor":55,"turns":17}],"seed_played":"8468582359216137720","potions_obtained":[{"floor":5,"key":"PowerPotion"},{"floor":6,"key":"Weak Potion"},{"floor":12,"key":"SmokeBomb"},{"floor":22,"key":"LiquidMemories"},{"floor":28,"key":"BloodPotion"},{"floor":30,"key":"Swift Potion"},{"floor":31,"key":"Fire Potion"},{"floor":33,"key":"ColorlessPotion"},{"floor":39,"key":"AttackPotion"},{"floor":47,"key":"Regen Potion"},{"floor":48,"key":"ElixirPotion"},{"floor":54,"key":"Fire Potion"}],"is_trial":false,"path_per_floor":["M","?","?","M","M","E","R","$","T","E","M","E","M","?","R","B",null,"M","?","?","M","M","R","E","?","T","$","?","M","E","M","R","B",null,"M","?","$","M","?","R","E","$","T","M","E","R","E","?","R","B",null,"R","$","E","B"],"character_chosen":"IRONCLAD","items_purchased":["Combust","Singing Bowl","Orrery","Paper Frog","Feel No Pain","BloodPotion","Entrench","LiquidMemories"],"campfire_rested":1,"item_purchase_floors":[8,27,27,37,42,42,53,53],"current_hp_per_floor":[80,68,68,76,80,64,64,64,64,35,32,30,25,25,49,46,80,68,68,68,74,58,58,36,36,50,58,58,92,61,84,84,63,136,134,134,134,131,114,114,79,79,79,93,78,78,106,132,132,106,166,166,166,144,0,0],"gold":30,"neow_bonus":"THREE_ENEMY_KILL","is_daily":false,"chose_seed":false,"campfire_upgraded":3,"win_rate":0.0,"timestamp":1608850388,"path_taken":["M","?","?","?","M","E","R","$","T","E","M","E","M","?","R","BOSS","M","?","?","M","M","R","E","?","T","$","?","M","E","M","R","BOSS","M","?","$","M","?","R","E","$","T","M","E","R","E","?","R","BOSS","R","$","E","BOSS"],"items_purchased_type":["Card","Relic","Relic","Relic","Card","Potion","Card","Potion"],"build_version":"2020-12-22","purchased_purges":4,"victory":false,"max_hp_per_floor":[80,80,80,80,80,80,80,80,80,80,80,80,80,80,80,80,80,80,80,80,84,84,84,88,88,102,110,114,120,122,132,132,136,136,142,142,142,144,144,144,148,148,148,154,160,160,162,166,166,166,166,166,166,166,166,166],"relic_stats":{"Regal Pillow":0,"Singing Bowl":24,"Torii":63,"counters":[30,171],"Dead Branch":[150],"Juzu Bracelet":1,"Smiling Mask":175,"Burning Blood":164,"Mercury Hourglass":[432],"Centennial Puzzle":[21],"Shovel":3,"Sundial":[4],"Pandora\u0027s Box":["Searing Blow","Headbutt","Rage","Sentinel","Feed","Anger","Reaper","Power Through","Carnage"],"obtain_stats":[{"Regal Pillow":47,"Singing Bowl":27,"Torii":48,"Mango":26,"Juzu Bracelet":6,"Bottled Tornado":45,"Ancient Tea Set":24,"Smiling Mask":30,"Burning Blood":0,"Blood Vial":2,"Centennial Puzzle":41,"Shovel":39,"Sundial":49,"Red Skull":9,"InkBottle":54,"Paper Frog":37,"NeowsBlessing":0,"Dead Branch":28,"Oddly Smooth Stone":10,"Velvet Choker":34,"Mercury Hourglass":28,"Orrery":27,"Molten Egg 2":12,"Pandora\u0027s Box":17,"Bag of Marbles":40},{"Regal Pillow":26,"Singing Bowl":13,"Torii":27,"Mango":13,"Juzu Bracelet":4,"Bottled Tornado":25,"Ancient Tea Set":13,"Smiling Mask":17,"Burning Blood":0,"Blood Vial":1,"Centennial Puzzle":23,"Shovel":22,"Sundial":27,"Red Skull":4,"InkBottle":29,"Paper Frog":20,"NeowsBlessing":0,"Dead Branch":15,"Oddly Smooth Stone":5,"Velvet Choker":19,"Mercury Hourglass":15,"Orrery":13,"Molten Egg 2":7,"Pandora\u0027s Box":9,"Bag of Marbles":22},{"Regal Pillow":124,"Singing Bowl":51,"Torii":133,"Mango":51,"Juzu Bracelet":13,"Bottled Tornado":116,"Ancient Tea Set":51,"Smiling Mask":72,"Burning Blood":0,"Blood Vial":1,"Centennial Puzzle":106,"Shovel":97,"Sundial":133,"Red Skull":13,"InkBottle":154,"Paper Frog":92,"NeowsBlessing":0,"Dead Branch":60,"Oddly Smooth Stone":20,"Velvet Choker":88,"Mercury Hourglass":60,"Orrery":51,"Molten Egg 2":26,"Pandora\u0027s Box":35,"Bag of Marbles":97}],"InkBottle":[7]},"card_choices":[{"not_picked":["Perfected Strike","Clothesline"],"picked":"Sword Boomerang","floor":1},{"not_picked":["Heavy Blade","Pommel Strike"],"picked":"Anger","floor":4},{"not_picked":["Pummel","Warcry"],"picked":"Armaments","floor":5},{"not_picked":["Impervious","Clash"],"picked":"Rampage","floor":6},{"not_picked":["Clash","Dark Embrace"],"picked":"Uppercut","floor":10},{"not_picked":["Intimidate","Sword Boomerang","Warcry"],"picked":"SKIP","floor":11},{"not_picked":["True Grit","Heavy Blade+1"],"picked":"Offering","floor":12},{"not_picked":["Dark Embrace","Havoc"],"picked":"Carnage+1","floor":13},{"not_picked":["Berserk","Exhume"],"picked":"Impervious","floor":16},{"not_picked":["Infernal Blade","Pummel+1"],"picked":"Clothesline+1","floor":18},{"not_picked":["Clash+1","Armaments+1"],"picked":"Dual Wield+1","floor":21},{"not_picked":["Flex","Hemokinesis+1","Dropkick+1"],"picked":"SKIP","floor":22},{"not_picked":["Wild Strike+1","Body Slam+1","Flex"],"picked":"SKIP","floor":24},{"not_picked":["Wild Strike+1","True Grit","Twin Strike+1"],"picked":"Singing Bowl","floor":27},{"not_picked":["Juggernaut","Rampage+1","Wild Strike+1"],"picked":"Singing Bowl","floor":27},{"not_picked":["Fire Breathing+1","Perfected Strike+1","Warcry"],"picked":"Singing Bowl","floor":27},{"not_picked":["Flame Barrier","Perfected Strike+1"],"picked":"Whirlwind+1","floor":27},{"not_picked":["Carnage+1","Rage","Sword Boomerang+1"],"picked":"Singing Bowl","floor":27},{"not_picked":["Clothesline+1","Perfected Strike+1"],"picked":"Dark Embrace","floor":28},{"not_picked":["Havoc+1","Whirlwind+1","Sword Boomerang+1"],"picked":"Singing Bowl","floor":29},{"not_picked":["Carnage+1","Warcry","Headbutt+1"],"picked":"Singing Bowl","floor":30},{"not_picked":["Sword Boomerang+1","Heavy Blade+1","Carnage+1"],"picked":"Singing Bowl","floor":31},{"not_picked":["Feed+1","Impervious"],"picked":"Reaper+1","floor":33},{"not_picked":["Infernal Blade+1","Armaments","Reckless Charge+1"],"picked":"Singing Bowl","floor":35},{"not_picked":["Blood for Blood+1","Armaments","Heavy Blade+1"],"picked":"Singing Bowl","floor":38},{"not_picked":["Headbutt+1","Sword Boomerang+1"],"picked":"Disarm+1","floor":39},{"not_picked":["Anger+1","Rupture"],"picked":"Shockwave+1","floor":41},{"not_picked":["Warcry","Uppercut+1","Double Tap"],"picked":"Singing Bowl","floor":44},{"not_picked":["Infernal Blade","Pommel Strike+1","Clash+1"],"picked":"Singing Bowl","floor":45},{"not_picked":["Reckless Charge+1","Seeing Red+1","Wild Strike+1"],"picked":"Singing Bowl","floor":47},{"not_picked":["Blood for Blood+1","Bloodletting+1"],"picked":"True Grit+1","floor":48},{"not_picked":["Clash+1","Shrug It Off+1"],"picked":"Reaper+1","floor":54}],"player_experience":358863,"relics_obtained":[{"floor":6,"key":"Juzu Bracelet"},{"floor":9,"key":"Red Skull"},{"floor":10,"key":"Oddly Smooth Stone"},{"floor":12,"key":"Molten Egg 2"},{"floor":24,"key":"Ancient Tea Set"},{"floor":26,"key":"Mango"},{"floor":28,"key":"Dead Branch"},{"floor":28,"key":"Mercury Hourglass"},{"floor":30,"key":"Smiling Mask"},{"floor":39,"key":"Shovel"},{"floor":40,"key":"Bag of Marbles"},{"floor":41,"key":"Centennial Puzzle"},{"floor":45,"key":"Bottled Tornado"},{"floor":47,"key":"Regal Pillow"},{"floor":48,"key":"Torii"},{"floor":49,"key":"Sundial"},{"floor":54,"key":"InkBottle"}],"event_choices":[{"damage_healed":0,"gold_gain":0,"player_choice":"Success","damage_taken":12,"relics_obtained":["Blood Vial"],"max_hp_gain":0,"max_hp_loss":0,"event_name":"Scrap Ooze","floor":2,"gold_loss":0},{"damage_healed":0,"gold_gain":0,"player_choice":"Upgraded","damage_taken":0,"max_hp_gain":0,"max_hp_loss":0,"event_name":"Upgrade Shrine","floor":3,"gold_loss":0,"cards_upgraded":["Bash"]},{"damage_healed":0,"gold_gain":0,"player_choice":"Searched \u00270\u0027 times","damage_taken":0,"max_hp_gain":0,"max_hp_loss":0,"event_name":"Dead Adventurer","floor":14,"gold_loss":0},{"damage_healed":0,"gold_gain":0,"player_choice":"Ignored","damage_taken":0,"max_hp_gain":0,"max_hp_loss":0,"event_name":"Ghosts","floor":19,"gold_loss":0},{"damage_healed":0,"gold_gain":0,"player_choice":"Became a vampire (Vial)","damage_taken":0,"max_hp_gain":0,"max_hp_loss":0,"event_name":"Vampires","floor":20,"relics_lost":["Blood Vial"],"gold_loss":0,"cards_obtained":["Bite","Bite","Bite","Bite","Bite"]},{"damage_healed":0,"gold_gain":275,"player_choice":"Desecrate","damage_taken":0,"max_hp_gain":0,"max_hp_loss":0,"event_name":"Golden Shrine","floor":25,"gold_loss":0,"cards_obtained":["Regret"]},{"damage_healed":0,"gold_gain":0,"player_choice":"Fight","damage_taken":0,"max_hp_gain":0,"max_hp_loss":0,"event_name":"Colosseum","floor":28,"gold_loss":0},{"damage_healed":0,"gold_gain":0,"player_choice":"Fought Nobs","damage_taken":0,"max_hp_gain":0,"max_hp_loss":0,"event_name":"Colosseum","floor":28,"gold_loss":0},{"damage_healed":0,"gold_gain":0,"player_choice":"Ignored","damage_taken":0,"max_hp_gain":0,"max_hp_loss":0,"event_name":"Tomb of Lord Red Mask","floor":36,"gold_loss":0},{"damage_healed":0,"gold_gain":0,"player_choice":"Fight","damage_taken":0,"max_hp_gain":0,"max_hp_loss":0,"event_name":"Mysterious Sphere","floor":39,"gold_loss":0},{"damage_healed":0,"gold_gain":0,"player_choice":"Fight","damage_taken":0,"max_hp_gain":0,"max_hp_loss":0,"event_name":"MindBloom","floor":48,"gold_loss":0}],"is_beta":false,"boss_relics":[{"not_picked":["Ectoplasm","Philosopher\u0027s Stone"],"picked":"Pandora\u0027s Box"},{"not_picked":["Fusion Hammer","Empty Cage"],"picked":"Velvet Choker"}],"items_purged_floors":[8,27,37,42],"is_endless":false,"potions_floor_spawned":[5,6,12,22,28,28,30,31,33,35,39,47,48,54],"killed_by":"The Heart","ascension_level":0}}