{"host":"7o30bgpqouqblh42","time":1608849046,"event":{"mods":["AchievementEnabler","Aspiration","BaseMod","Colored Map","Downfall","Highlight Path","Minty Spire (QoL Compilation)","StSLib","SuperFastMode"],"gold_per_floor":[99,99,274,274,274,199,199,199,227,227,227,261,261,15,28,28,28,28],"floor_reached":16,"playtime":845,"items_purged":[],"score":102,"play_id":"48809273-e324-40d5-8177-47118de3204c","local_time":"20201224173046","is_ascension_mode":false,"campfire_choices":[{"floor":1,"key":"RECALL"},{"data":"champ:Taunt","floor":6,"key":"SMITH"},{"data":"champ:RisingSlash","floor":11,"key":"SMITH"}],"circlet_count":0,"master_deck":["champ:Strike","champ:Strike","champ:Strike","champ:Defend","champ:Defend","champ:Defend","champ:Defend","champ:Execute","champ:Taunt+1","champ:FlashCut","champ:RisingSlash+1","champ:ShieldWall","champ:CalledShot","champ:EnGarde","champ:DefensiveShout","champ:GladiatorStyle","champ:BringItOn"],"relics":["champ:ChampionCrown","downfall:HeartsMalice","downfall:HeartBlessingRed","Unceasing Top","Bag of Preparation","champ:LiftRelic","Happy Flower","Anchor"],"acts_visited":["Exordium"],"potions_floor_usage":[12,16],"damage_taken":[{"damage":0,"enemies":"2 Louse","floor":2,"turns":1},{"damage":0,"enemies":"Small Slimes","floor":4,"turns":1},{"damage":0,"enemies":"Jaw Worm","floor":5,"turns":1},{"damage":28,"enemies":"Gremlin Nob","floor":9,"turns":4},{"damage":31,"enemies":"3 Sentries","floor":12,"turns":5},{"damage":10,"enemies":"downfall:FleeingMerchant","floor":14,"turns":4},{"damage":5,"enemies":"Gremlin Gang","floor":15,"turns":3},{"damage":47,"enemies":"downfall:Defect","floor":16,"turns":4}],"seed_played":"-2836252301822284118","potions_obtained":[{"floor":9,"key":"GamblersBrew"},{"floor":15,"key":"champ:OpenerPotion"}],"is_trial":false,"path_per_floor":["R","M","?","M","M","R","T","?","E","?","R","E","?","$","M","B"],"character_chosen":"THE_CHAMP","items_purchased":["champ:GladiatorStyle","champ:BringItOn","Anchor"],"campfire_rested":0,"item_purchase_floors":[14,14,14],"current_hp_per_floor":[90,90,90,90,90,90,90,90,62,62,62,36,36,31,31,0,0,0],"gold":28,"neow_bonus":"THREE_ENEMY_KILL","is_daily":false,"chose_seed":false,"campfire_upgraded":2,"win_rate":0.0,"timestamp":1608849046,"path_taken":["R","M","?","M","M","R","T","?","E","?","R","E","?","$","M","BOSS"],"items_purchased_type":["Card","Card","Relic"],"build_version":"2020-12-22","purchased_purges":0,"victory":false,"max_hp_per_floor":[90,90,90,90,90,90,90,90,90,90,90,90,90,90,90,90,90,90],"card_choices":[{"not_picked":["champ:StanceDance","champ:Haymaker"],"picked":"champ:FlashCut","floor":2},{"not_picked":["champ:Encircle","champ:BladeFlurry"],"picked":"champ:RisingSlash","floor":4},{"not_picked":["champ:CrookedStrike","champ:Lariat"],"picked":"champ:ShieldWall","floor":5},{"not_picked":["champ:BringItOn","champ:Lariat"],"picked":"champ:CalledShot","floor":9},{"not_picked":["champ:HeartStrike","champ:StrikeOfGenius"],"picked":"champ:EnGarde","floor":12},{"not_picked":["champ:FocusedDefense","champ:Haymaker"],"picked":"champ:DefensiveShout","floor":14},{"not_picked":["champ:PerfectedStrike","champ:FocusedDefense","champ:EnragedBash"],"picked":"SKIP","floor":15}],"player_experience":135815,"relics_obtained":[{"floor":7,"key":"Unceasing Top"},{"floor":9,"key":"Bag of Preparation"},{"floor":12,"key":"Happy Flower"}],"event_choices":[{"cards_removed":["Doubt"],"damage_healed":0,"gold_gain":0,"player_choice":"Card Removal","damage_taken":0,"max_hp_gain":0,"max_hp_loss":0,"event_name":"The Cleric","floor":8,"gold_loss":0}],"is_beta":false,"boss_relics":[],"items_purged_floors":[],"is_endless":false,"potions_floor_spawned":[9,15],"killed_by":"downfall:Defect","ascension_level":0}}