{"host":"99ad87xtd5ypi7ii","time":1608816666,"event":{"mods":["BaseMod","Hermit","Highlight Path","Marisa????????","Minty Spire (QoL Compilation)","Robot Space Explorer","StSLib","The Bladedancer","The Construct","The Cursed","The Disciple","The Gatherer","The Hierophant","The Runesmith","The Servant 0.9.4","TheVacant"],"gold_per_floor":[119,294,313,327,327,327,342,375,401,412,6,25,25,25,25,121,121,135,60,79,79,79,79,94,94,94,122,122,138,165,176,176,176,176],"floor_reached":33,"playtime":2239,"items_purged":["Doubt"],"score":416,"play_id":"9cd05d1d-89ac-48ed-87b9-e56f1e214238","local_time":"20201224143106","is_ascension_mode":true,"campfire_choices":[{"data":"Trip","floor":6,"key":"SMITH"},{"data":"Blind","floor":15,"key":"SMITH"},{"floor":23,"key":"REST"},{"data":"RobotSpaceExplorer:DualCore","floor":25,"key":"SMITH"},{"floor":28,"key":"REST"},{"data":"RobotSpaceExplorer:Strike","floor":32,"key":"PURGE"}],"circlet_count":0,"master_deck":["RobotSpaceExplorer:Strike+1","RobotSpaceExplorer:Defend","RobotSpaceExplorer:Defend","RobotSpaceExplorer:Defend","RobotSpaceExplorer:Defend","RobotSpaceExplorer:Scan","RobotSpaceExplorer:MiniLasers","Trip+1","RobotSpaceExplorer:ScrapMissile","RobotSpaceExplorer:StarLightning","RobotSpaceExplorer:MiniDrones+1","RobotSpaceExplorer:DualCore+1","RobotSpaceExplorer:Electropulse","RobotSpaceExplorer:MiniBoosters+1","Blind+1","RobotSpaceExplorer:FreezeRay","RobotSpaceExplorer:Arsenal","RobotSpaceExplorer:ScrapMissile","RobotSpaceExplorer:ScrapMissile+1","RobotSpaceExplorer:ExhaustFan","RobotSpaceExplorer:ShockMissile","RobotSpaceExplorer:Jetpack"],"relics":["RobotSpaceExplorer:RoboCore","Regal Pillow","Dream Catcher","Lee\u0027s Waffle","Black Star","CultistMask","Kunai","Boot","MealTicket","Peace Pipe","RobotSpaceExplorer:PlasmaHourglass"],"acts_visited":["Exordium","TheCity"],"potions_floor_usage":[5,7,8,8,16,16,16,20,30,33],"damage_taken":[{"damage":3,"enemies":"2 Louse","floor":1,"turns":3},{"damage":2,"enemies":"Jaw Worm","floor":3,"turns":5},{"damage":0,"enemies":"Cultist","floor":4,"turns":3},{"damage":1,"enemies":"Looter","floor":7,"turns":3},{"damage":11,"enemies":"Gremlin Nob","floor":8,"turns":4},{"damage":16,"enemies":"Large Slime","floor":10,"turns":8},{"damage":0,"enemies":"2 Fungi Beasts","floor":12,"turns":2},{"damage":30,"enemies":"Hexaghost","floor":16,"turns":7},{"damage":17,"enemies":"2 Thieves","floor":18,"turns":4},{"damage":20,"enemies":"3 Byrds","floor":20,"turns":4},{"damage":1,"enemies":"Centurion and Healer","floor":24,"turns":4},{"damage":46,"enemies":"Gremlin Leader","floor":27,"turns":9},{"damage":9,"enemies":"Sentry and Sphere","floor":29,"turns":5},{"damage":28,"enemies":"Slavers","floor":30,"turns":6},{"damage":0,"enemies":"3 Cultists","floor":31,"turns":5},{"damage":61,"enemies":"Champ","floor":33,"turns":9}],"seed_played":"-6918842381946475519","potions_obtained":[{"floor":5,"key":"Fruit Juice"},{"floor":5,"key":"Dexterity Potion"},{"floor":5,"key":"ColorlessPotion"},{"floor":7,"key":"SkillPotion"},{"floor":8,"key":"construct:ShiftPotion"},{"floor":10,"key":"AttackPotion"},{"floor":18,"key":"Explosive Potion"},{"floor":29,"key":"Regen Potion"},{"floor":31,"key":"Explosive Potion"}],"is_trial":false,"path_per_floor":["M","?","M","M","?","R","M","E","T","M","$","M","?","?","R","B",null,"M","?","M","?","?","R","M","R","T","E","R","M","E","M","R","B"],"character_chosen":"RobotSpaceExplorer","items_purchased":["Lee\u0027s Waffle","RobotSpaceExplorer:MiniBoosters","Blind"],"campfire_rested":2,"item_purchase_floors":[11,11,11],"current_hp_per_floor":[65,65,63,63,68,68,67,56,56,40,87,87,70,70,70,40,75,58,58,38,38,38,79,78,78,78,32,73,64,51,51,51,0,0],"gold":176,"neow_bonus":"RANDOM_COLORLESS","is_daily":false,"chose_seed":false,"campfire_upgraded":3,"win_rate":0.0,"timestamp":1608816666,"path_taken":["M","?","M","M","?","R","M","E","T","?","$","M","?","?","R","BOSS","M","?","M","?","?","R","M","R","T","E","R","?","E","M","R","BOSS"],"items_purchased_type":["Relic","Card","Card"],"build_version":"2020-12-22","purchased_purges":1,"victory":false,"max_hp_per_floor":[75,75,75,75,80,80,80,80,80,80,87,87,87,87,87,87,87,87,87,87,87,87,87,87,87,87,87,87,87,87,87,87,87,87],"card_choices":[{"not_picked":["Forethought","Flash of Steel"],"picked":"Trip","floor":0},{"not_picked":["RobotSpaceExplorer:SurgingShield","RobotSpaceExplorer:SlimeMissile"],"picked":"RobotSpaceExplorer:ScrapMissile","floor":1},{"not_picked":["RobotSpaceExplorer:GlueSpray","RobotSpaceExplorer:GearShield"],"picked":"RobotSpaceExplorer:StarLightning","floor":3},{"not_picked":["RobotSpaceExplorer:SlimeMissile","RobotSpaceExplorer:SwiftStep","RobotSpaceExplorer:SurgingShield"],"picked":"SKIP","floor":4},{"not_picked":["RobotSpaceExplorer:Probe","RobotSpaceExplorer:Autoloader"],"picked":"RobotSpaceExplorer:MiniDrones","floor":7},{"not_picked":["RobotSpaceExplorer:IronShell","RobotSpaceExplorer:ImprovisedAttack"],"picked":"RobotSpaceExplorer:DualCore","floor":8},{"not_picked":["RobotSpaceExplorer:SurgingStrike","RobotSpaceExplorer:DoubleBlock"],"picked":"RobotSpaceExplorer:Electropulse","floor":10},{"not_picked":["RobotSpaceExplorer:Probe","RobotSpaceExplorer:Reload"],"picked":"RobotSpaceExplorer:FreezeRay","floor":12},{"not_picked":["RobotSpaceExplorer:HighVoltage","RobotSpaceExplorer:Asteroid"],"picked":"RobotSpaceExplorer:Arsenal","floor":16},{"not_picked":["RobotSpaceExplorer:BigMissile","RobotSpaceExplorer:Smokescreen"],"picked":"RobotSpaceExplorer:ScrapMissile","floor":18},{"not_picked":["RobotSpaceExplorer:StunGrenade","RobotSpaceExplorer:DoubleFind"],"picked":"RobotSpaceExplorer:ScrapMissile+1","floor":20},{"not_picked":["RobotSpaceExplorer:StarDust","RobotSpaceExplorer:MetalStrike","RobotSpaceExplorer:FrostMissile+1"],"picked":"SKIP","floor":24},{"not_picked":["RobotSpaceExplorer:IronShell","RobotSpaceExplorer:SelfCleaning+1"],"picked":"RobotSpaceExplorer:ExhaustFan","floor":27},{"not_picked":["RobotSpaceExplorer:SurgingStrike","RobotSpaceExplorer:Blitz","RobotSpaceExplorer:StarLightning"],"picked":"SKIP","floor":29},{"not_picked":["RobotSpaceExplorer:MetalStrike","RobotSpaceExplorer:DoubleBlock"],"picked":"RobotSpaceExplorer:ShockMissile","floor":30},{"not_picked":["RobotSpaceExplorer:Ammunition","RobotSpaceExplorer:FrostMissile"],"picked":"RobotSpaceExplorer:Jetpack","floor":31}],"player_experience":842295,"relics_obtained":[{"floor":8,"key":"Regal Pillow"},{"floor":9,"key":"Dream Catcher"},{"floor":26,"key":"Kunai"},{"floor":27,"key":"Boot"},{"floor":27,"key":"MealTicket"},{"floor":30,"key":"Peace Pipe"},{"floor":30,"key":"RobotSpaceExplorer:PlasmaHourglass"}],"event_choices":[{"damage_healed":0,"gold_gain":175,"player_choice":"AGREE","damage_taken":0,"max_hp_gain":0,"max_hp_loss":0,"event_name":"Liars Game","floor":2,"gold_loss":0,"cards_obtained":["Doubt"]},{"damage_healed":0,"gold_gain":0,"player_choice":"Got Potions","damage_taken":0,"max_hp_gain":0,"max_hp_loss":0,"event_name":"Lab","floor":5,"gold_loss":0},{"damage_healed":0,"gold_gain":0,"player_choice":"Entered Light","damage_taken":17,"max_hp_gain":0,"max_hp_loss":0,"event_name":"Shining Light","floor":13,"gold_loss":0,"cards_upgraded":["RobotSpaceExplorer:MiniDrones","RobotSpaceExplorer:Strike"]},{"damage_healed":0,"gold_gain":0,"player_choice":"Grow","damage_taken":0,"max_hp_gain":0,"max_hp_loss":0,"event_name":"Living Wall","floor":14,"gold_loss":0,"cards_upgraded":["RobotSpaceExplorer:MiniBoosters"]},{"cards_removed":["RobotSpaceExplorer:Strike"],"damage_healed":0,"gold_gain":0,"player_choice":"Gave Gold","damage_taken":0,"max_hp_gain":0,"max_hp_loss":0,"event_name":"Beggar","floor":19,"gold_loss":75},{"cards_removed":["RobotSpaceExplorer:Strike"],"damage_healed":0,"gold_gain":0,"player_choice":"Elegance","damage_taken":0,"max_hp_gain":0,"max_hp_loss":0,"event_name":"Back to Basics","floor":21,"gold_loss":0},{"damage_healed":0,"gold_gain":0,"player_choice":"Trade","damage_taken":0,"relics_obtained":["CultistMask"],"max_hp_gain":0,"max_hp_loss":0,"event_name":"FaceTrader","floor":22,"gold_loss":0}],"is_beta":false,"boss_relics":[{"not_picked":["construct:ClawGrip","Coffee Dripper"],"picked":"Black Star"}],"items_purged_floors":[11],"is_endless":false,"potions_floor_spawned":[7,8,10,18,29,31],"killed_by":"Champ","ascension_level":9}}