{"host":"5bdt6s51dmpd4l3v","time":1608777829,"event":{"mods":["AchievementEnabler","BaseMod","Colored Map","Colored Powertips","Highlight Path","Minty Spire (QoL Compilation)","Quick Restart","Rare Cards Sparkle","StSLib"],"gold_per_floor":[119,9,9,9,24,55,55,70,70,84,84,118,193,237,237,327,327,350,373,391,405,38,38,38,38,120,120,20,34,72,88,88,181,181,195,145,164,39,62,62,62,62,87,87,87],"floor_reached":44,"playtime":1605,"items_purged":["Defend_R","Regret","Entrench"],"score":807,"play_id":"2bd8dc03-6354-4230-933f-8cac51bf74f1","local_time":"20201224104349","is_ascension_mode":true,"campfire_choices":[{"data":"Flex","floor":7,"key":"SMITH"},{"data":"Shockwave","floor":11,"key":"SMITH"},{"data":"Heavy Blade","floor":15,"key":"SMITH"},{"data":"Armaments","floor":23,"key":"SMITH"},{"data":"Double Tap","floor":25,"key":"SMITH"},{"data":"Inflame","floor":27,"key":"SMITH"},{"floor":32,"key":"REST"},{"data":"Reaper","floor":40,"key":"SMITH"},{"data":"Heavy Blade","floor":42,"key":"SMITH"}],"circlet_count":0,"master_deck":["AscendersBane","Bash","Flex+1","Pummel","Shockwave+1","Twin Strike","Inflame+1","Seeing Red","Heavy Blade+1","Double Tap+1","Armaments+1","Bloodletting","Dropkick+1","Impervious","Reaper+1","Hemokinesis","Berserk+1","Heavy Blade+1","Cleave","Reckless Charge","Exhume","Headbutt","Bludgeon","Whirlwind","Madness","Madness","Parasite"],"relics":["Burning Blood","NeowsBlessing","Golden Idol","Magic Flower","Thread and Needle","Odd Mushroom","Vajra","Cursed Key","Nloth\u0027s Gift","Pear","Whetstone","Pandora\u0027s Box","Lantern"],"acts_visited":["Exordium","TheCity","TheBeyond"],"potions_floor_usage":[14,16,16,18,21,31,33,33,33,33,39,44],"damage_taken":[{"damage":0,"enemies":"2 Louse","floor":1,"turns":1},{"damage":0,"enemies":"Small Slimes","floor":5,"turns":1},{"damage":0,"enemies":"3 Sentries","floor":6,"turns":1},{"damage":4,"enemies":"Cultist","floor":8,"turns":3},{"damage":7,"enemies":"Looter","floor":10,"turns":3},{"damage":8,"enemies":"The Mushroom Lair","floor":12,"turns":3},{"damage":11,"enemies":"Lagavulin","floor":14,"turns":3},{"damage":38,"enemies":"Hexaghost","floor":16,"turns":5},{"damage":12,"enemies":"2 Thieves","floor":18,"turns":3},{"damage":6,"enemies":"3 Byrds","floor":19,"turns":5},{"damage":32,"enemies":"Snake Plant","floor":20,"turns":3},{"damage":10,"enemies":"Chosen and Byrds","floor":21,"turns":3},{"damage":18,"enemies":"Cultist and Chosen","floor":29,"turns":6},{"damage":10,"enemies":"Slavers","floor":30,"turns":4},{"damage":8,"enemies":"Centurion and Healer","floor":31,"turns":4},{"damage":37,"enemies":"Automaton","floor":33,"turns":6},{"damage":54,"enemies":"3 Darklings","floor":35,"turns":6},{"damage":12,"enemies":"Orb Walker","floor":37,"turns":3},{"damage":30,"enemies":"Spire Growth","floor":39,"turns":5},{"damage":75,"enemies":"Nemesis","floor":44,"turns":4}],"seed_played":"5430619678381420674","potions_obtained":[{"floor":1,"key":"BloodPotion"},{"floor":5,"key":"CultistPotion"},{"floor":14,"key":"BloodPotion"},{"floor":16,"key":"LiquidBronze"},{"floor":20,"key":"ColorlessPotion"},{"floor":21,"key":"EntropicBrew"},{"floor":31,"key":"FearPotion"},{"floor":37,"key":"SneckoOil"},{"floor":39,"key":"DuplicationPotion"}],"is_trial":false,"path_per_floor":["M","$","?","?","M","E","R","M","T","M","R","?","?","E","R","B",null,"M","M","M","M","$","R","?","R","T","R","$","M","E","M","R","B",null,"M","?","M","$","M","R","?","R","T","E"],"character_chosen":"IRONCLAD","items_purchased":["Pummel","Shockwave","Self Forming Clay","SteroidPotion"],"campfire_rested":1,"item_purchase_floors":[2,2,22,22],"current_hp_per_floor":[74,74,48,48,54,60,60,65,65,67,67,68,57,75,75,69,74,71,74,51,50,50,50,50,50,60,60,60,51,50,51,76,85,85,85,85,82,82,85,85,70,70,70,0,0],"gold":87,"neow_bonus":"THREE_ENEMY_KILL","is_daily":false,"chose_seed":false,"campfire_upgraded":8,"win_rate":0.0,"timestamp":1608777829,"path_taken":["M","$","?","?","M","E","R","M","T","?","R","?","?","E","R","BOSS","M","M","M","M","$","R","?","R","T","R","?","M","E","M","R","BOSS","M","?","M","?","M","R","?","R","T","E"],"items_purchased_type":["Card","Card","Relic","Potion"],"build_version":"2020-12-22","purchased_purges":3,"victory":false,"max_hp_per_floor":[75,75,75,75,75,75,75,75,75,75,75,75,75,75,75,75,75,75,75,75,75,75,75,75,75,85,85,85,85,85,85,85,85,85,85,85,85,85,85,85,85,85,85,85,85],"card_choices":[{"not_picked":["Warcry","Heavy Blade"],"picked":"Flex","floor":1},{"not_picked":["Burning Pact","Fire Breathing"],"picked":"Inflame","floor":5},{"not_picked":["Warcry","Feel No Pain"],"picked":"Seeing Red","floor":6},{"not_picked":["Twin Strike","Seeing Red"],"picked":"Heavy Blade","floor":8},{"not_picked":["Flame Barrier","Cleave","Power Through"],"picked":"SKIP","floor":10},{"not_picked":["Iron Wave","Twin Strike","Flex"],"picked":"SKIP","floor":14},{"not_picked":["Berserk","Impervious"],"picked":"Double Tap","floor":16},{"not_picked":["Dual Wield","Metallicize"],"picked":"Armaments","floor":18},{"not_picked":["Havoc","Flex","Sever Soul"],"picked":"SKIP","floor":19},{"not_picked":["Body Slam","Perfected Strike"],"picked":"Bloodletting","floor":20},{"not_picked":["Thunderclap","Searing Blow+1"],"picked":"Dropkick+1","floor":21},{"not_picked":["Sentinel","Armaments"],"picked":"Impervious","floor":29},{"not_picked":["Burning Pact","Exhume"],"picked":"Reaper","floor":30},{"not_picked":["Wild Strike","Shrug It Off"],"picked":"Hemokinesis","floor":31},{"not_picked":["Bludgeon","Immolate"],"picked":"Berserk","floor":33},{"not_picked":["Uppercut","Rampage"],"picked":"Whirlwind","floor":35},{"not_picked":["Combust","Perfected Strike","Ghostly Armor"],"picked":"SKIP","floor":37},{"not_picked":["Dark Embrace+1","Shockwave","Anger"],"picked":"SKIP","floor":39}],"player_experience":210866,"relics_obtained":[{"floor":6,"key":"Magic Flower"},{"floor":9,"key":"Thread and Needle"},{"floor":12,"key":"Odd Mushroom"},{"floor":14,"key":"Vajra"},{"floor":26,"key":"Pear"},{"floor":30,"key":"Whetstone"},{"floor":43,"key":"Lantern"}],"event_choices":[{"damage_healed":0,"gold_gain":0,"player_choice":"Take Damage","damage_taken":26,"relics_obtained":["Golden Idol"],"max_hp_gain":0,"max_hp_loss":0,"event_name":"Golden Idol","floor":3,"gold_loss":0},{"damage_healed":0,"gold_gain":0,"cards_transformed":["Defend_R"],"player_choice":"Transformed","damage_taken":0,"max_hp_gain":0,"max_hp_loss":0,"event_name":"Transmorgrifier","floor":4,"gold_loss":0,"cards_obtained":["Twin Strike"]},{"damage_healed":0,"gold_gain":0,"player_choice":"Fought Mushrooms","damage_taken":0,"max_hp_gain":0,"max_hp_loss":0,"event_name":"Mushrooms","floor":12,"gold_loss":0},{"damage_healed":0,"gold_gain":75,"player_choice":"Gather Gold","damage_taken":11,"max_hp_gain":0,"max_hp_loss":0,"event_name":"World of Goop","floor":13,"gold_loss":0},{"damage_healed":0,"gold_gain":0,"player_choice":"Traded Relic","damage_taken":0,"relics_obtained":["Nloth\u0027s Gift"],"max_hp_gain":0,"max_hp_loss":0,"event_name":"N\u0027loth","floor":24,"relics_lost":["Self Forming Clay"],"gold_loss":0},{"damage_healed":0,"gold_gain":0,"player_choice":"Upgrade","damage_taken":0,"max_hp_gain":0,"max_hp_loss":0,"event_name":"Designer","floor":36,"gold_loss":50,"cards_upgraded":["Berserk"]},{"damage_healed":0,"gold_gain":0,"player_choice":"Embrace Madness","damage_taken":15,"max_hp_gain":0,"max_hp_loss":0,"event_name":"Winding Halls","floor":41,"gold_loss":0,"cards_obtained":["Madness","Madness"]}],"is_beta":false,"boss_relics":[{"not_picked":["Empty Cage","Black Blood"],"picked":"Cursed Key"},{"not_picked":["Fusion Hammer","Snecko Eye"],"picked":"Pandora\u0027s Box"}],"items_purged_floors":[22,28,38],"is_endless":false,"potions_floor_spawned":[1,5,8,10,14,16,20,21,30,31,37,39],"killed_by":"Nemesis","ascension_level":15}}