{"host":"ky7z67tg8zpdk0g7","time":1608792135,"event":{"mods":["BaseMod","Beaked The Cultist","Better Third Choice","CapriCore","Displayed Cursed Tome","Energized Spire","Fireblade Mod","Hubris","Lobotomy","LobotomyExtend","Minty Spire (QoL Compilation)","Replay The Spire","SOS???????","Shop Mod","StSLib","Td1madao Mod","The Dragon Tamer","The Hayseed","The Hierophant","The Immortal","The Marked","The Necromancer","TheBandit","TheWitcher"],"gold_per_floor":[112,132,132,132,155,196,208,238,328,340,352,352],"floor_reached":11,"playtime":311,"items_purged":[],"score":73,"play_id":"38b1da62-acf3-401a-9924-365e525fa9c9","local_time":"20201224134215","is_ascension_mode":false,"campfire_choices":[{"floor":7,"key":"REST"}],"circlet_count":0,"master_deck":["TheSimpletonMod:Strike_TheSimpleton","TheSimpletonMod:Strike_TheSimpleton","TheSimpletonMod:Strike_TheSimpleton","TheSimpletonMod:Strike_TheSimpleton","TheSimpletonMod:Defend_TheSimpleton","TheSimpletonMod:Defend_TheSimpleton","TheSimpletonMod:Defend_TheSimpleton","TheSimpletonMod:Defend_TheSimpleton","TheSimpletonMod:Haymaker","TheSimpletonMod:ReapAndSow","TheSimpletonMod:Biorefinement","TheSimpletonMod:SaladShooter","TheSimpletonMod:PestManagement","TheSimpletonMod:StockTheCellar","TheSimpletonMod:CrackOfDawn+1","TheSimpletonMod:Innovate"],"relics":["TheSimpletonMod:SpudOfTheInnocent","TheSimpletonMod:NightSoil","TheSimpletonMod:TheHarvester","LetterFromLob","Golden Egg","MawBank","Vajra","TheSimpletonMod:Moonshine","hubris:OldNail"],"acts_visited":["Exordium"],"potions_floor_usage":[11],"damage_taken":[{"damage":3,"enemies":"Cultist","floor":1,"turns":5},{"damage":20,"enemies":"Jaw Worm","floor":2,"turns":5},{"damage":12,"enemies":"Small Slimes","floor":5,"turns":3},{"damage":42,"enemies":"Gremlin Nob","floor":6,"turns":6},{"damage":13,"enemies":"Red Slaver","floor":8,"turns":3},{"damage":7,"enemies":"3 Sentries","floor":11,"turns":2}],"seed_played":"8037745333305076515","potions_obtained":[{"floor":2,"key":"Explosive Potion"},{"floor":5,"key":"SpeedPotion"}],"is_trial":false,"path_per_floor":["M","M","T","?","M","E","R","M","T","$","E"],"character_chosen":"THE_SIMPLETON","items_purchased":["hubris:OldNail"],"campfire_rested":1,"item_purchase_floors":[10],"current_hp_per_floor":[65,48,48,48,40,2,22,13,13,3,0,0],"gold":352,"neow_bonus":"THREE_RARE_CARDS","is_daily":false,"chose_seed":false,"campfire_upgraded":0,"win_rate":0.0,"timestamp":1608792135,"path_taken":["M","M","?","?","?","E","R","M","T","?","E"],"items_purchased_type":["Relic"],"build_version":"2020-12-22","purchased_purges":0,"victory":false,"max_hp_per_floor":[68,68,68,68,68,68,68,68,68,68,68,68],"card_choices":[{"not_picked":["TheSimpletonMod:ResistantStrain","TheSimpletonMod:DesperatePlunge"],"picked":"TheSimpletonMod:Biorefinement","floor":0},{"not_picked":["TheSimpletonMod:CullingStrike","TheSimpletonMod:SeedCoat"],"picked":"TheSimpletonMod:SaladShooter","floor":1},{"not_picked":["TheSimpletonMod:SoilSample","TheSimpletonMod:Ferment"],"picked":"TheSimpletonMod:PestManagement","floor":2},{"not_picked":["TheSimpletonMod:SlashAndBurn","TheSimpletonMod:Biorefinement"],"picked":"TheSimpletonMod:StockTheCellar","floor":5},{"not_picked":["TheSimpletonMod:Ferment","TheSimpletonMod:CullingStrike"],"picked":"TheSimpletonMod:CrackOfDawn","floor":6},{"not_picked":["TheSimpletonMod:Swelter","TheSimpletonMod:CullingStrike"],"picked":"TheSimpletonMod:Innovate","floor":8}],"player_experience":298817,"relics_obtained":[{"floor":1,"key":"LetterFromLob"},{"floor":3,"key":"Golden Egg"},{"floor":6,"key":"Vajra"},{"floor":9,"key":"TheSimpletonMod:Moonshine"}],"event_choices":[{"damage_healed":0,"gold_gain":0,"player_choice":"Gave Potion","damage_taken":0,"relics_obtained":["MawBank"],"max_hp_gain":0,"max_hp_loss":0,"event_name":"WeMeetAgain","floor":4,"gold_loss":0}],"is_beta":false,"boss_relics":[],"items_purged_floors":[],"is_endless":false,"potions_floor_spawned":[2,5],"killed_by":"3 Sentries","ascension_level":0}}