{"host":"uae2ry9d6rl7cq98","time":1608842774,"event":{"mods":["AchievementEnabler","BaseMod","BetterRewards","Colored Map","Custom Start","Hermit","Hubris","Infinite Spire","Minty Spire (QoL Compilation)","Replay The Spire","Shop Mod","StSLib","SuperFastMode","The Animator","The Hierophant","The Servant 0.9.4"],"gold_per_floor":[116,132,407,423,440,469,486,504,504,504,530,530,530,545,545,650,650,667,194,194,204,204,204,204,221,245,195,227,227,238,249,249,352,352,366,366,366,216,316,316,334,334,334,334,351,351,369,369,369],"floor_reached":48,"playtime":5911,"items_purged":["Strike_B","Regret","Defend_B","Defend_B","Strike_B"],"score":712,"play_id":"30f51296-59c2-4a14-8786-88c76abd83c5","local_time":"20201224124614","is_ascension_mode":false,"campfire_choices":[{"data":"hubris:DuctTapeCard","floor":10,"key":"SMITH"},{"floor":15,"key":"RECALL"},{"data":"hubris:InfiniteBlow+7","floor":23,"key":"SMITH"},{"data":"hubris:InfiniteBlow+8","floor":29,"key":"SMITH"},{"data":"hubris:InfiniteBlow+9","floor":32,"key":"SMITH"},{"data":"hubris:InfiniteBlow+10","floor":40,"key":"SMITH"},{"data":"hubris:InfiniteBlow+11","floor":42,"key":"SMITH"},{"data":"hubris:InfiniteBlow+12","floor":44,"key":"SMITH"}],"circlet_count":0,"master_deck":["Strike_B","Strike_B","Zap","Dualcast","hubris:DuctTapeCard+2","Conserve Battery","Self Repair","hubris:Ukulele","Conserve Battery","hubris:PowerSurge","FIFO Queue","Ball Lightning","Lockon+1","hubris:InfiniteBlow+13","ReplayTheSpireMod:Echoes of Time","Rainbow","hubris:DoWhile+1","Turbo+1","hubris:InfiniteBlow+7","Gash+1","Barrage+1","Redo+1","Gash+1","Ball Lightning+1","Madness","Madness","Barrage+1","Conserve Battery+1","Gash+1","Gash+1"],"relics":["Cracked Core","hubris:GlazedTorus","MerchantsRug","hubris:DuctTape","HornCleat","Eternal Feather","infinitespire:Magic Flask","Replay:Bronze Core","Molten Egg 2","TungstenRod","Boot","infinitespire:Bottled Soul","hubris:RunicObelisk","Prayer Wheel","Gremlin Horn","hubris:Towel"],"acts_visited":["TheCity","TheBeyond"],"potions_floor_usage":[7,11,11],"damage_taken":[{"damage":6,"enemies":"Jaw Worm","floor":1,"turns":3},{"damage":0,"enemies":"Cultist","floor":2,"turns":4},{"damage":9,"enemies":"2 Louse","floor":4,"turns":3},{"damage":8,"enemies":"2 Fungi Beasts","floor":5,"turns":4},{"damage":29,"enemies":"Gremlin Nob","floor":6,"turns":4},{"damage":2,"enemies":"3 Louse","floor":7,"turns":2},{"damage":0,"enemies":"Looter","floor":8,"turns":3},{"damage":2,"enemies":"3 Sentries","floor":11,"turns":6},{"damage":8,"enemies":"Lots of Slimes","floor":14,"turns":3},{"damage":7,"enemies":"The Guardian","floor":16,"turns":9},{"damage":0,"enemies":"Shell Parasite","floor":18,"turns":2},{"damage":0,"enemies":"Spheric Guardian","floor":21,"turns":2},{"damage":0,"enemies":"Snecko","floor":25,"turns":3},{"damage":0,"enemies":"Gremlin Leader","floor":28,"turns":4},{"damage":0,"enemies":"Shelled Parasite and Fungi","floor":30,"turns":2},{"damage":11,"enemies":"Centurion and Healer","floor":31,"turns":4},{"damage":5,"enemies":"Collector","floor":33,"turns":5},{"damage":21,"enemies":"3 Darklings","floor":35,"turns":5},{"damage":7,"enemies":"Orb Walker","floor":41,"turns":2},{"damage":4,"enemies":"4 Shapes","floor":45,"turns":5},{"damage":15,"enemies":"3 Darklings","floor":47,"turns":3},{"damage":63,"enemies":"Nightmare","floor":48,"turns":4}],"seed_played":"-5531762096378769798","potions_obtained":[{"floor":1,"key":"SteroidPotion"},{"floor":5,"key":"Toxic Potion"},{"floor":7,"key":"Adrenaline Potion"},{"floor":8,"key":"LifebloodPotion"},{"floor":25,"key":"Energy Potion"},{"floor":28,"key":"Elixir"},{"floor":31,"key":"PotionOfCapacity"},{"floor":41,"key":"FocusPotion"}],"is_trial":false,"path_per_floor":["M","M","?","M","M","E","M","M","T","R","E","?","AVR","M","R_BF","B",null,"M","$","?","M","AVR","R","?","M","T","?","E","R","M","M","R","B",null,"M","?","?","$","?","R","M","R","T","R","M","?","M","NM"],"character_chosen":"DEFECT","items_purchased":["MerchantsRug","hubris:DuctTape","Molten Egg 2","hubris:DoWhile","Barrage+1"],"campfire_rested":0,"item_purchase_floors":[0,0,19,19,38],"current_hp_per_floor":[40,40,40,38,37,15,20,27,27,27,32,32,32,31,40,40,75,75,75,75,75,75,75,59,66,66,66,73,75,75,71,75,75,75,61,61,53,53,53,68,61,75,75,75,71,71,63,0,0],"gold":369,"neow_bonus":"","is_daily":false,"chose_seed":false,"campfire_upgraded":7,"win_rate":0.0,"timestamp":1608842774,"path_taken":["M","M","?","M","?","E","M","M","T","R","E","?","AVR","M","R_BF","BOSS","M","$","?","M","AVR","R","?","M","T","?","E","R","?","M","R","BOSS","M","?","?","$","?","R","M","R","T","R","?","?","M","NM"],"items_purchased_type":["Relic","Relic","Relic","Card","Card"],"build_version":"2020-12-22","purchased_purges":5,"victory":false,"max_hp_per_floor":[75,75,75,75,75,75,75,75,75,75,75,75,75,75,75,75,75,75,75,75,75,75,75,75,75,75,75,75,75,75,75,75,75,75,75,75,75,75,75,75,75,75,75,75,75,75,75,75,75],"card_choices":[{"not_picked":["Hologram","Compile Driver"],"picked":"Conserve Battery","floor":1},{"not_picked":["Blizzard","Go for the Eyes"],"picked":"Self Repair","floor":2},{"not_picked":["Rainbow","Gash"],"picked":"hubris:Ukulele","floor":4},{"not_picked":["Coolheaded","ReplayTheSpireMod:Reroute Power"],"picked":"Conserve Battery","floor":5},{"not_picked":["Heatsinks","Steam Power"],"picked":"hubris:PowerSurge","floor":6},{"not_picked":["hubris:Ukulele","Steam"],"picked":"FIFO Queue","floor":7},{"not_picked":["BasicCrystalCard","Steam"],"picked":"Ball Lightning","floor":8},{"not_picked":["Hyperbeam","ReplayTheSpireMod:Reroute Power"],"picked":"Melter","floor":11},{"not_picked":["Hologram","Rebound","Beam Cell"],"picked":"SKIP","floor":14},{"not_picked":["Meteor Strike","Mirror Shield"],"picked":"Rainbow","floor":16},{"not_picked":["Rebound","Beam Cell","Turbo"],"picked":"SKIP","floor":18},{"not_picked":["Stack","Coolheaded"],"picked":"Turbo+1","floor":21},{"not_picked":["Replay:Fractal Strike","infinitespire:Punishment"],"picked":"hubris:InfiniteBlow+7","floor":24},{"not_picked":["Go for the Eyes+1","Turbo","Beam Cell+1"],"picked":"SKIP","floor":25},{"not_picked":["hubris:PowerSurge+1","Steam"],"picked":"Gash+1","floor":28},{"not_picked":["Darkness","Beam Cell+1"],"picked":"Barrage+1","floor":30},{"not_picked":["Coolheaded+1","ReplayTheSpireMod:Reroute Power"],"picked":"Redo+1","floor":31},{"not_picked":["hubris:SpecializedCircuitry","Rainbow"],"picked":"ReplayTheSpireMod:Fabricate Wheel","floor":33},{"not_picked":["FIFO Queue+1","Go for the Eyes+1"],"picked":"Gash+1","floor":35},{"not_picked":["Redo","Go for the Eyes+1"],"picked":"Ball Lightning+1","floor":35},{"not_picked":["ReplayTheSpireMod:Calculation Training+1","Force Field+1"],"picked":"Conserve Battery+1","floor":41},{"not_picked":["Rebound+1","Self Repair+1"],"picked":"Gash+1","floor":41},{"not_picked":["Undo+1","Genetic Algorithm+1","hubris:DoWhile"],"picked":"SKIP","floor":45},{"not_picked":["Self Repair","Go for the Eyes+1","Sweeping Beam+1"],"picked":"SKIP","floor":45},{"not_picked":["Turbo+1","Panic Button+1"],"picked":"Gash+1","floor":47},{"not_picked":["Coolheaded+1","Conserve Battery","Rebound+1"],"picked":"SKIP","floor":47}],"player_experience":235559,"relics_obtained":[{"floor":6,"key":"HornCleat"},{"floor":11,"key":"Eternal Feather"},{"floor":26,"key":"Boot"},{"floor":28,"key":"infinitespire:Bottled Soul"},{"floor":43,"key":"Gremlin Horn"}],"event_choices":[{"damage_healed":0,"gold_gain":275,"player_choice":"Desecrate","damage_taken":0,"max_hp_gain":0,"max_hp_loss":0,"event_name":"Golden Shrine","floor":3,"gold_loss":0,"cards_obtained":["Regret"]},{"damage_healed":0,"gold_gain":0,"player_choice":"Bet on Murderer","damage_taken":0,"max_hp_gain":0,"max_hp_loss":0,"event_name":"The Joust","floor":27,"gold_loss":50},{"damage_healed":0,"gold_gain":0,"player_choice":"Embrace Madness","damage_taken":9,"max_hp_gain":0,"max_hp_loss":0,"event_name":"Winding Halls","floor":37,"gold_loss":0,"cards_obtained":["Madness","Madness"]},{"damage_healed":0,"gold_gain":100,"player_choice":"Pray","damage_taken":0,"max_hp_gain":0,"max_hp_loss":0,"event_name":"Golden Shrine","floor":39,"gold_loss":0}],"is_beta":false,"boss_relics":[{"not_picked":["Painkiller Herb","Runic Dome"],"picked":"Replay:Bronze Core"},{"not_picked":["Nuclear Battery","Replay:Drink Me"],"picked":"hubris:RunicObelisk"}],"items_purged_floors":[0,13,19,22,38],"is_endless":false,"potions_floor_spawned":[1,5,7,8,25,28,31,33,41,47],"killed_by":"Nightmare","ascension_level":0}}