{"host":"xko5sdb82mf02c09","time":1608797552,"event":{"mods":["AchievementEnabler","BaseMod","Colored Map","Minty Spire (QoL Compilation)","Quick Restart","StSLib","everything is the same but u backflip on backflip"],"gold_per_floor":[119,119,44,68,79,79,108,127,150,150,150,170,202,221,221,221,221],"floor_reached":16,"playtime":340,"items_purged":[],"score":320,"play_id":"d09ac0d7-d25e-468b-9aa3-50b5b9fbe1a2","local_time":"20201224171232","is_ascension_mode":true,"campfire_choices":[{"data":"Defend_B","floor":6,"key":"PURGE"},{"data":"Coolheaded","floor":11,"key":"SMITH"},{"floor":15,"key":"REST"}],"circlet_count":0,"master_deck":["AscendersBane","Strike_B","Strike_B","Strike_B","Defend_B","Defend_B","Zap","Dualcast","Steam","Coolheaded+1","FTL","FTL","Steam","FTL","Steam"],"relics":["Cracked Core","NeowsBlessing","Peace Pipe","PreservedInsect","Bag of Marbles","Juzu Bracelet","Tiny Chest"],"acts_visited":["Exordium"],"potions_floor_usage":[13,16,16],"damage_taken":[{"damage":0,"enemies":"2 Louse","floor":1,"turns":1},{"damage":0,"enemies":"Jaw Worm","floor":5,"turns":1},{"damage":0,"enemies":"Lagavulin","floor":7,"turns":1},{"damage":10,"enemies":"Small Slimes","floor":8,"turns":3},{"damage":2,"enemies":"3 Louse","floor":12,"turns":3},{"damage":0,"enemies":"Gremlin Nob","floor":13,"turns":2},{"damage":0,"enemies":"2 Fungi Beasts","floor":14,"turns":3},{"damage":31,"enemies":"Hexaghost","floor":16,"turns":8}],"seed_played":"1513749342946757468","potions_obtained":[{"floor":5,"key":"ColorlessPotion"},{"floor":12,"key":"Energy Potion"},{"floor":14,"key":"Swift Potion"}],"is_trial":false,"path_per_floor":["M","?","?","T","M","R","E","M","T","?","R","M","E","M","R","B"],"character_chosen":"DEFECT","items_purchased":[],"campfire_rested":1,"item_purchase_floors":[],"current_hp_per_floor":[64,29,29,29,29,29,29,19,19,12,12,10,10,10,31,0,0],"gold":221,"neow_bonus":"THREE_ENEMY_KILL","is_daily":false,"chose_seed":false,"campfire_upgraded":1,"win_rate":0.0,"timestamp":1608797552,"path_taken":["M","?","?","?","?","R","E","M","T","?","R","M","E","M","R","BOSS"],"items_purchased_type":[],"build_version":"2020-12-22","purchased_purges":0,"victory":false,"max_hp_per_floor":[71,71,71,71,71,71,71,71,71,71,71,71,71,71,71,71,71],"card_choices":[{"not_picked":["Redo","Capacitor"],"picked":"Steam","floor":1},{"not_picked":["Conserve Battery","Barrage"],"picked":"Coolheaded","floor":5},{"not_picked":["Rip and Tear","Glacier"],"picked":"FTL","floor":7},{"not_picked":["Buffer","Go for the Eyes"],"picked":"FTL","floor":8},{"not_picked":["Force Field","Double Energy"],"picked":"Steam","floor":12},{"not_picked":["Sweeping Beam","Electrodynamics"],"picked":"FTL","floor":13},{"not_picked":["Chill","Fusion"],"picked":"Steam","floor":14}],"player_experience":457183,"relics_obtained":[{"floor":4,"key":"PreservedInsect"},{"floor":7,"key":"Bag of Marbles"},{"floor":9,"key":"Juzu Bracelet"},{"floor":13,"key":"Tiny Chest"}],"event_choices":[{"damage_healed":0,"gold_gain":0,"player_choice":"Success","damage_taken":35,"relics_obtained":["Peace Pipe"],"max_hp_gain":0,"max_hp_loss":0,"event_name":"Scrap Ooze","floor":2,"gold_loss":0},{"cards_removed":["Strike_B"],"damage_healed":0,"gold_gain":0,"player_choice":"Card Removal","damage_taken":0,"max_hp_gain":0,"max_hp_loss":0,"event_name":"The Cleric","floor":3,"gold_loss":75},{"cards_removed":["Defend_B"],"damage_healed":0,"gold_gain":0,"player_choice":"Card Removal","damage_taken":7,"max_hp_gain":0,"max_hp_loss":0,"event_name":"Golden Wing","floor":10,"gold_loss":0}],"is_beta":false,"boss_relics":[],"items_purged_floors":[],"is_endless":false,"potions_floor_spawned":[5,12,14],"killed_by":"Hexaghost","ascension_level":20}}