{"host":"ty2cix8xj6r3ad26","time":1608849894,"event":{"mods":["AchievementEnabler","BaseMod","BetterRewards","Minty Spire (QoL Compilation)","StSLib","SuperFastMode"],"gold_per_floor":[109,109,122,122,133,133,145,164,191,191,191,203,203,6,6,105,105,122,122,22,37,57,92,92,105,105,116,150,150,65,94,94,198,198,212,25,43,53,68,68,95,95,95,145,145,160,160,178,178,178,178,178,3,29,29,29],"floor_reached":55,"playtime":2858,"items_purged":["Dualcast","Amplify+1","Cold Snap"],"score":1099,"play_id":"64bca6b0-ed64-4c38-8f5a-20444a2ab346","local_time":"20201225004454","is_ascension_mode":true,"campfire_choices":[{"data":"Pain","floor":6,"key":"PURGE"},{"data":"Strike_B","floor":11,"key":"PURGE"},{"data":"Strike_B","floor":13,"key":"PURGE"},{"data":"Strike_B","floor":15,"key":"PURGE"},{"data":"Defend_B","floor":24,"key":"PURGE"},{"floor":29,"key":"REST"},{"data":"Defend_B","floor":32,"key":"PURGE"},{"data":"Machine Learning","floor":40,"key":"SMITH"},{"floor":47,"key":"RECALL"},{"data":"1","floor":49,"key":"LIFT"},{"data":"2","floor":52,"key":"LIFT"}],"circlet_count":0,"master_deck":["Coolheaded","Conserve Battery","Gash","Gash","Machine Learning+1","Gash+1","Auto Shields+1","Scrape+1","Echo Form","All For One","Scrape+1","Steam Power","Go for the Eyes","Skim+1","Steam Power+1","Madness","Madness","Double Energy+1"],"relics":["Cracked Core","Singing Bowl","Vajra","Peace Pipe","WarpedTongs","Oddly Smooth Stone","Astrolabe","Anchor","Question Card","MealTicket","Bronze Scales","InkBottle","Coffee Dripper","Runic Capacitor","Nunchaku","Cables","Girya","Lantern"],"acts_visited":["Exordium","TheCity","TheBeyond","TheEnding"],"potions_floor_usage":[10,16,16,23,28,31,38,41,44,48,50,54],"damage_taken":[{"damage":0,"enemies":"Jaw Worm","floor":1,"turns":3},{"damage":0,"enemies":"2 Louse","floor":3,"turns":2},{"damage":3,"enemies":"Cultist","floor":5,"turns":3},{"damage":1,"enemies":"Blue Slaver","floor":7,"turns":3},{"damage":3,"enemies":"Exordium Thugs","floor":8,"turns":4},{"damage":0,"enemies":"Gremlin Gang","floor":10,"turns":1},{"damage":2,"enemies":"Large Slime","floor":12,"turns":5},{"damage":0,"enemies":"The Guardian","floor":16,"turns":9},{"damage":0,"enemies":"Shell Parasite","floor":18,"turns":4},{"damage":0,"enemies":"Chosen","floor":21,"turns":3},{"damage":16,"enemies":"Snake Plant","floor":22,"turns":3},{"damage":17,"enemies":"Gremlin Leader","floor":23,"turns":3},{"damage":19,"enemies":"Sentry and Sphere","floor":25,"turns":4},{"damage":0,"enemies":"Cultist and Chosen","floor":27,"turns":3},{"damage":11,"enemies":"Slavers","floor":28,"turns":4},{"damage":10,"enemies":"Gremlin Leader","floor":31,"turns":4},{"damage":0,"enemies":"Automaton","floor":33,"turns":5},{"damage":0,"enemies":"3 Darklings","floor":35,"turns":2},{"damage":1,"enemies":"Orb Walker","floor":37,"turns":2},{"damage":0,"enemies":"Sphere and 2 Shapes","floor":38,"turns":1},{"damage":1,"enemies":"4 Shapes","floor":39,"turns":2},{"damage":3,"enemies":"Giant Head","floor":41,"turns":4},{"damage":0,"enemies":"2 Orb Walkers","floor":44,"turns":2},{"damage":0,"enemies":"3 Darklings","floor":46,"turns":1},{"damage":21,"enemies":"Sphere and 2 Shapes","floor":48,"turns":3},{"damage":14,"enemies":"Awakened One","floor":50,"turns":3},{"damage":14,"enemies":"Shield and Spear","floor":54,"turns":2},{"damage":87,"enemies":"The Heart","floor":55,"turns":5}],"seed_played":"-3281142114778403822","potions_obtained":[{"floor":1,"key":"SmokeBomb"},{"floor":7,"key":"Energy Potion"},{"floor":12,"key":"AttackPotion"},{"floor":27,"key":"SpeedPotion"},{"floor":28,"key":"LiquidMemories"},{"floor":31,"key":"SteroidPotion"},{"floor":38,"key":"ColorlessPotion"},{"floor":39,"key":"EssenceOfDarkness"},{"floor":41,"key":"Explosive Potion"},{"floor":44,"key":"LiquidBronze"}],"is_trial":false,"path_per_floor":["M","?","M","?","M","R","M","M","T","M","R","M","R","$","R","B",null,"M","?","$","M","M","E","R","M","T","M","E","R","?","E","R","B",null,"M","$","M","M","M","R","E","?","T","?","?","M","R","M","R","B",null,"R","$","E","B"],"character_chosen":"DEFECT","items_purchased":["Singing Bowl","Vajra","Coolheaded","Cold Snap","Conserve Battery","DuplicationPotion","Oddly Smooth Stone","Dexterity Potion","Runic Capacitor","Steam Power","SteroidPotion"],"campfire_rested":1,"item_purchase_floors":[0,0,0,0,0,0,14,14,36,36,53],"current_hp_per_floor":[35,28,28,28,27,27,28,25,25,25,25,25,25,25,25,25,69,69,69,69,71,55,38,38,21,21,23,14,41,41,33,33,33,78,78,93,92,92,93,93,90,90,90,92,80,80,80,61,61,47,86,86,99,87,0,0],"gold":29,"neow_bonus":"","is_daily":false,"chose_seed":false,"campfire_upgraded":1,"win_rate":0.0,"timestamp":1608849894,"path_taken":["M","?","M","?","M","R","M","M","T","?","R","M","R","$","R","BOSS","M","?","?","?","M","E","R","M","T","M","E","R","?","E","R","BOSS","M","$","M","M","M","R","E","?","T","?","?","M","R","M","R","BOSS","R","$","E","BOSS"],"items_purchased_type":["Relic","Relic","Card","Card","Card","Potion","Relic","Potion","Relic","Card","Potion"],"build_version":"2020-12-22","purchased_purges":3,"victory":false,"max_hp_per_floor":[77,77,77,77,79,79,81,81,81,81,81,83,83,83,83,83,83,83,83,83,85,85,85,85,87,87,89,91,91,91,93,93,93,93,93,93,93,93,95,95,95,95,95,97,97,97,97,99,99,99,99,99,99,101,101,101],"card_choices":[{"not_picked":["Rebound","Go for the Eyes","Chaos"],"picked":"Singing Bowl","floor":1},{"not_picked":["Go for the Eyes","BootSequence"],"picked":"Gash","floor":3},{"not_picked":["Rebound","Double Energy","Chaos"],"picked":"Singing Bowl","floor":5},{"not_picked":["Turbo","Leap","Streamline"],"picked":"Singing Bowl","floor":7},{"not_picked":["Cold Snap","Go for the Eyes"],"picked":"Gash","floor":8},{"not_picked":["Biased Cognition","Stack","Go for the Eyes"],"picked":"Singing Bowl","floor":12},{"not_picked":["Fission","Hyperbeam"],"picked":"Machine Learning","floor":16},{"not_picked":["White Noise","Leap"],"picked":"Scrape","floor":18},{"not_picked":["Gash","Go for the Eyes","Coolheaded+1"],"picked":"Singing Bowl","floor":21},{"not_picked":["Compile Driver+1","Force Field"],"picked":"Beam Cell","floor":22},{"not_picked":["Reinforced Body","Rebound"],"picked":"Echo Form","floor":23},{"not_picked":["Skim","Conserve Battery+1","Leap"],"picked":"Singing Bowl","floor":25},{"not_picked":["Cold Snap+1","Rip and Tear","Sunder","Ball Lightning+1"],"picked":"Singing Bowl","floor":27},{"not_picked":["Double Energy","Coolheaded","Chill","Cold Snap"],"picked":"Singing Bowl","floor":28},{"not_picked":["Streamline","Rip and Tear+1","Gash","Thunder Strike"],"picked":"Singing Bowl","floor":31},{"not_picked":["Machine Learning","Thunder Strike","Echo Form"],"picked":"All For One","floor":33},{"not_picked":["Steam","Cold Snap","Compile Driver+1"],"picked":"Scrape+1","floor":35},{"not_picked":["Sweeping Beam","Rebound+1","Steam+1"],"picked":"Go for the Eyes","floor":37},{"not_picked":["Reprogram","Rebound+1","Compile Driver+1"],"picked":"Skim+1","floor":38},{"not_picked":["Reprogram+1","Coolheaded","Go for the Eyes+1","Defragment+1"],"picked":"Singing Bowl","floor":39},{"not_picked":["Echo Form","Compile Driver","Stack+1"],"picked":"Steam Power+1","floor":41},{"not_picked":["Ball Lightning","Tempest+1","Capacitor+1","Doom and Gloom+1"],"picked":"Singing Bowl","floor":44},{"not_picked":["Turbo","Cold Snap+1","Reprogram"],"picked":"Double Energy+1","floor":46},{"not_picked":["Chaos","Steam","Conserve Battery+1","Rainbow"],"picked":"Singing Bowl","floor":48},{"not_picked":["Skim+1","Turbo","Auto Shields","Hologram+1"],"picked":"Singing Bowl","floor":54}],"player_experience":391903,"relics_obtained":[{"floor":23,"key":"Anchor"},{"floor":26,"key":"Question Card"},{"floor":28,"key":"MealTicket"},{"floor":31,"key":"InkBottle"},{"floor":41,"key":"Nunchaku"},{"floor":43,"key":"Cables"},{"floor":44,"key":"Girya"},{"floor":54,"key":"Lantern"}],"event_choices":[{"cards_removed":["Zap"],"damage_healed":0,"gold_gain":0,"player_choice":"Card Removal","damage_taken":7,"max_hp_gain":0,"max_hp_loss":0,"event_name":"Golden Wing","floor":2,"gold_loss":0},{"damage_healed":0,"gold_gain":0,"player_choice":"Rummage","damage_taken":0,"relics_obtained":["WarpedTongs"],"max_hp_gain":0,"max_hp_loss":0,"event_name":"Accursed Blacksmith","floor":4,"gold_loss":0,"cards_obtained":["Pain"]},{"damage_healed":0,"gold_gain":0,"player_choice":"Upgraded","damage_taken":0,"max_hp_gain":0,"max_hp_loss":0,"event_name":"Upgrade Shrine","floor":19,"gold_loss":0,"cards_upgraded":["Scrape"]},{"damage_healed":0,"gold_gain":0,"player_choice":"Obtained Relic","damage_taken":0,"relics_obtained":["Bronze Scales"],"max_hp_gain":0,"max_hp_loss":0,"event_name":"Addict","floor":30,"gold_loss":85},{"cards_removed":["Beam Cell"],"damage_healed":0,"gold_gain":0,"player_choice":"Removed Attack","damage_taken":0,"max_hp_gain":0,"max_hp_loss":0,"event_name":"Falling","floor":42,"gold_loss":0},{"damage_healed":0,"gold_gain":0,"player_choice":"Fight","damage_taken":0,"max_hp_gain":0,"max_hp_loss":0,"event_name":"Mysterious Sphere","floor":44,"gold_loss":0},{"damage_healed":0,"gold_gain":0,"player_choice":"Embrace Madness","damage_taken":12,"max_hp_gain":0,"max_hp_loss":0,"event_name":"Winding Halls","floor":45,"gold_loss":0,"cards_obtained":["Madness","Madness"]}],"is_beta":false,"boss_relics":[{"not_picked":["Empty Cage","Nuclear Battery"],"picked":"Astrolabe"},{"not_picked":["Runic Pyramid","Runic Dome"],"picked":"Coffee Dripper"}],"items_purged_floors":[0,20,53],"is_endless":false,"potions_floor_spawned":[1,7,12,27,28,31,38,39,41,44],"killed_by":"The Heart","ascension_level":6}}