{"host":"g3bty4prdobmknyh","time":1608773720,"event":{"mods":["Act Like it!","Aspiration","BaseMod","Hermit","Minty Spire (QoL Compilation)","Pale of the Ancients","Replay The Spire","StSLib","The Blackbeard","The Hierophant","The Jungle"],"gold_per_floor":[114,114,129,144,159,189,189,204,204,234,280,295,295,312,312,412,412,427,442,442,82,132,162,177,177,177,192,222,222,222,237,237,377,377,392,407,457,472,172,172,202,202,202,229,256,268,280,292,319,346,358,370,397,424,436,393,393,393,393,18,18,18,18],"floor_reached":62,"playtime":2986,"items_purged":["Injury"],"score":962,"play_id":"8b47f5ee-8feb-4f58-bc6a-103d0462b9eb","local_time":"20201223203520","daily_mods":["SealedDeck","Colorless Cards","Night Terrors"],"is_ascension_mode":false,"campfire_choices":[{"data":"Shockwave","floor":13.0,"key":"SMITH"},{"data":"Carnage","floor":15.0,"key":"SMITH"},{"data":"1","floor":29,"key":"LIFT"},{"data":"2","floor":32,"key":"LIFT"},{"data":"3","floor":40,"key":"LIFT"},{"floor":42,"key":"REST"},{"data":"Sadistic Nature","floor":57,"key":"SMITH"},{"data":"ReplayTheSpireMod:Brewmster","floor":59,"key":"SMITH"}],"circlet_count":0,"master_deck":["Deep Breath","Headbutt","Shrug It Off","ReplayTheSpireMod:Private Reserves","Good Instincts","Carnage+1","Discovery","Thunderclap","Anger","Shockwave+1","Replay:Sssssssssshield","Replay:Undeath\u0027s Touch","Finesse","Magnetism","Twin Strike+1","Replay:Sssssssssstrike+1","Cleave+1","Anger+1","Pommel Strike+1","Apotheosis","Sword Boomerang+1","Pummel+1","Spot Weakness+1","Rage+1","Bandage Up+1","Enlightenment","Double Tap+1","Sadistic Nature+1","ReplayTheSpireMod:Brewmster+1","Iron Wave+1","Specialist+1","Armaments+1","Dramatic Entrance+1","Hallucinations","Combust","Dramatic Entrance+1","Body Slam+1","Life Link+1"],"relics":["Burning Blood","Strawberry","Molten Egg 2","Sundial","Dream Catcher","Replay:Kaleidoscope","Odd Mushroom","SacredBark","theJungle:BirthdayCakeSlice","Girya","Counterbalance","Incense Burner","Garlic","aspiration:RitualDagger","Champion Belt","Turnip","Centennial Puzzle","MawBank","ReplayTheSpireMod:Ring of Exchange","paleoftheancients:Timepiece","Ice Cream","paleoftheancients:SoulOfTheShapes","Dead Branch"],"acts_visited":["Exordium","theJungle:Jungle","TheBeyond","TheBeyond"],"potions_floor_usage":[19,27,28,41,52,52,53,53,53,53,58],"damage_taken":[{"damage":0.0,"enemies":"2 Louse","floor":1.0,"turns":1.0},{"damage":0.0,"enemies":"Jaw Worm","floor":3.0,"turns":3.0},{"damage":0.0,"enemies":"Small Slimes","floor":4.0,"turns":2.0},{"damage":2.0,"enemies":"2 Fungi Beasts","floor":5.0,"turns":3.0},{"damage":0.0,"enemies":"Replay:BlueRogue","floor":6.0,"turns":3.0},{"damage":6.0,"enemies":"Gremlin Gang","floor":8.0,"turns":3.0},{"damage":7.0,"enemies":"Lagavulin","floor":10.0,"turns":4.0},{"damage":20.0,"enemies":"Lagavulin Event","floor":11.0,"turns":4.0},{"damage":0.0,"enemies":"Red Slaver","floor":12.0,"turns":1.0},{"damage":4.0,"enemies":"The Mushroom Lair","floor":14.0,"turns":2.0},{"damage":38.0,"enemies":"Hexaghost","floor":16.0,"turns":6.0},{"damage":14,"enemies":"theJungle:GiantWrat","floor":18,"turns":4},{"damage":20,"enemies":"theJungle:5_Spyders","floor":19,"turns":6},{"damage":6,"enemies":"theJungle:2_Phrogs","floor":23,"turns":5},{"damage":0,"enemies":"theJungle:JungleHuntersEncounter","floor":24,"turns":5},{"damage":28,"enemies":"theJungle:2_Snecko_Cultists","floor":27,"turns":4},{"damage":6,"enemies":"theJungle:Cassacara","floor":28,"turns":5},{"damage":0,"enemies":"theJungle:Lyon","floor":31,"turns":3},{"damage":38,"enemies":"theJungle:TotemBoss","floor":33,"turns":8},{"damage":14,"enemies":"3 Shapes","floor":35,"turns":3},{"damage":14,"enemies":"3 Darklings","floor":36,"turns":3},{"damage":22,"enemies":"Mind Bloom Boss Battle","floor":37,"turns":4},{"damage":33,"enemies":"Transient","floor":38,"turns":5},{"damage":45,"enemies":"Reptomancer","floor":41,"turns":4},{"damage":13,"enemies":"Maw","floor":44,"turns":5},{"damage":37,"enemies":"Writhing Mass","floor":45,"turns":5},{"damage":34,"enemies":"Jaw Worm Horde","floor":49,"turns":5},{"damage":9,"enemies":"3 Darklings","floor":50,"turns":3},{"damage":61,"enemies":"Donu and Deca","floor":52,"turns":6},{"damage":228,"enemies":"Donu and Deca","floor":53,"turns":9},{"damage":58,"enemies":"Donu and Deca","floor":54,"turns":8},{"damage":638,"enemies":"Donu and Deca","floor":58,"turns":9},{"damage":107,"enemies":"paleoftheancients:N","floor":62,"turns":4}],"seed_played":"4926568582952100995","potions_obtained":[{"floor":1.0,"key":"SneckoOil"},{"floor":3.0,"key":"Block Potion"},{"floor":4.0,"key":"Elixir"},{"floor":11.0,"key":"AttackPotion"},{"floor":16.0,"key":"BlessingOfTheForge"},{"floor":18,"key":"Languid Potion"},{"floor":24,"key":"FairyPotion"},{"floor":27,"key":"LiquidBronze"},{"floor":36,"key":"FearPotion"},{"floor":51,"key":"CultistPotion"},{"floor":51,"key":"Adrenaline Potion"}],"is_trial":false,"path_per_floor":["M","?","M","M","M","E","?","M","T","E","?","M","R","?","R","B",null,"M","M","?","$","?","E","M","$","T","M","E","R","$","M","R","B",null,"M","M","?","M","$","R","E","R","T","M","M","PTL","PTL","?","M","M","R","B","M","M","?","$","R","M","R","$","?","B"],"character_chosen":"IRONCLAD","items_purchased":["Girya","Spot Weakness+1","Turnip","Life Link+1","Dead Branch"],"campfire_rested":1,"item_purchase_floors":[21,21,39,56,60],"current_hp_per_floor":[80,80,80,80,80,87,87,87,87,86,72,78,78,80,80,48,87,79,65,70,70,58,58,64,64,64,48,54,54,54,66,66,34,92,84,82,72,51,51,51,18,87,87,80,55,55,55,55,27,24,24,87,54,76,76,76,76,87,87,87,87,0,0],"gold":18,"neow_bonus":"","is_daily":true,"chose_seed":false,"campfire_upgraded":4,"win_rate":0.0,"timestamp":1608773720,"path_taken":["M","?","M","M","M","E","?","M","T","E","?","M","R","?","R","BOSS","M","M","?","$","?","E","M","$","T","?","E","R","?","?","R","BOSS","M","M","?","M","$","R","E","R","T","M","M","PTL","PTL","?","?","M","R","BOSS","M","M","?","$","R","M","R","$","?","BOSS"],"items_purchased_type":["Relic","Card","Relic","Card","Relic"],"build_version":"2020-12-22","purchased_purges":1,"victory":false,"max_hp_per_floor":[80,80,80,80,80,87,87,87,87,87,87,87,87,87,87,87,87,87,87,92,92,92,92,92,92,92,92,92,92,92,92,92,92,92,92,92,92,92,92,92,92,87,87,87,87,87,87,87,87,87,87,87,87,87,87,87,87,87,87,87,87,87,87],"card_choices":[{"not_picked":["Madness","Headbutt"],"picked":"Replay:Sssssssssshield","floor":1.0},{"not_picked":["Twin Strike","Purity"],"picked":"Replay:Undeath\u0027s Touch","floor":3.0},{"not_picked":["Body Slam","Battle Trance"],"picked":"Finesse","floor":4.0},{"not_picked":["Cleave","ReplayTheSpireMod:LeadingStrike","ReplayTheSpireMod:Uncanny Aura"],"picked":"SKIP","floor":5.0},{"not_picked":["Anger","Swift Strike"],"picked":"Magnetism","floor":6.0},{"not_picked":["Flex","Perfected Strike+1"],"picked":"Twin Strike+1","floor":8.0},{"not_picked":["Defy Death","Run Through+1"],"picked":"Replay:Sssssssssstrike+1","floor":10.0},{"not_picked":["Hemokinesis+1","Thunderclap+1"],"picked":"Cleave+1","floor":11.0},{"not_picked":["Armaments","Pommel Strike+1"],"picked":"Anger+1","floor":12.0},{"not_picked":["Hemokinesis+1","Twin Strike+1"],"picked":"Pommel Strike+1","floor":14.0},{"not_picked":["Thinking Ahead","Secret Technique"],"picked":"Apotheosis","floor":16.0},{"not_picked":["Perfected Strike+1","True Grit"],"picked":"Sword Boomerang+1","floor":18},{"not_picked":["Clash+1","Clothesline+1"],"picked":"Pummel+1","floor":19},{"not_picked":["Dual Wield","Heavy Blade+1"],"picked":"Rage+1","floor":23},{"not_picked":["Pommel Strike+1","Shrug It Off"],"picked":"Bandage Up+1","floor":24},{"not_picked":["Impatience+1","Thunderclap+1"],"picked":"Enlightenment","floor":27},{"not_picked":["Swift Strike+1","Flex"],"picked":"Double Tap","floor":28},{"not_picked":["Replay:Undeath\u0027s Touch+1","Pommel Strike+1","Sword Boomerang+1"],"picked":"SKIP","floor":31},{"not_picked":["Impervious","Transmutation"],"picked":"Sadistic Nature","floor":33},{"not_picked":["Warcry+1","Headbutt+1","Flex"],"picked":"SKIP","floor":35},{"not_picked":["Sword Boomerang+1","Disarm","Twin Strike+1"],"picked":"SKIP","floor":36},{"not_picked":["True Grit","Sentinel"],"picked":"ReplayTheSpireMod:Brewmster","floor":37},{"not_picked":["Clothesline+1","Twin Strike+1","Body Slam+1"],"picked":"SKIP","floor":38},{"not_picked":["Master of Strategy","Wild Strike+1"],"picked":"Iron Wave+1","floor":41},{"not_picked":["Searing Blow+1","ReplayTheSpireMod:Strike From Hell+1"],"picked":"Specialist+1","floor":42},{"not_picked":["Sword Boomerang+1","Disarm+1"],"picked":"Armaments+1","floor":44},{"not_picked":["Sentinel+1","Intimidate+1"],"picked":"Dramatic Entrance+1","floor":45},{"not_picked":["Twin Strike+1","Perfected Strike+1"],"picked":"Combust","floor":49},{"not_picked":["Havoc","Purity","Hemokinesis+1"],"picked":"SKIP","floor":50},{"not_picked":["Thunderclap+1","Replay:Parry+1"],"picked":"Dramatic Entrance+1","floor":53},{"not_picked":["Run Through+1","ReplayTheSpireMod:Strike From Hell+1"],"picked":"Body Slam+1","floor":54}],"player_experience":917020,"relics_obtained":[{"floor":6.0,"key":"Strawberry"},{"floor":9.0,"key":"Sundial"},{"floor":10.0,"key":"Dream Catcher"},{"floor":14.0,"key":"Odd Mushroom"},{"floor":23,"key":"Counterbalance"},{"floor":26,"key":"Incense Burner"},{"floor":28,"key":"Garlic"},{"floor":37,"key":"Champion Belt"},{"floor":41,"key":"Centennial Puzzle"},{"floor":43,"key":"MawBank"},{"floor":48,"key":"ReplayTheSpireMod:Ring of Exchange"},{"floor":54,"key":"paleoftheancients:SoulOfTheShapes"}],"event_choices":[{"damage_healed":0.0,"max_hp_gain":0.0,"max_hp_loss":0.0,"gold_gain":0.0,"event_name":"Liars Game","player_choice":"Ignored","floor":2.0,"gold_loss":0.0,"damage_taken":0.0},{"damage_healed":0.0,"max_hp_gain":0.0,"max_hp_loss":0.0,"gold_gain":0.0,"event_name":"Dead Adventurer","player_choice":"Searched \u00273\u0027 times","floor":11.0,"gold_loss":0.0,"damage_taken":0.0,"relics_obtained":["Replay:Kaleidoscope"]},{"damage_healed":0.0,"max_hp_gain":0.0,"max_hp_loss":0.0,"gold_gain":0.0,"event_name":"Mushrooms","player_choice":"Fought Mushrooms","floor":14.0,"gold_loss":0.0,"damage_taken":0.0},{"damage_healed":0,"gold_gain":0,"player_choice":"Fight","damage_taken":0,"max_hp_gain":0,"max_hp_loss":0,"event_name":"MindBloom","floor":37,"gold_loss":0},{"damage_healed":0,"gold_gain":0,"player_choice":"Upgraded","damage_taken":0,"max_hp_gain":0,"max_hp_loss":0,"event_name":"Upgrade Shrine","floor":55,"gold_loss":0,"cards_upgraded":["Double Tap"]}],"is_beta":false,"boss_relics":[{"not_picked":["Runic Pyramid","Honey Jar"],"picked":"SacredBark"},{"not_picked":["Replay:Ancient Bell","aspiration:SecretTechniqueScroll"],"picked":"aspiration:RitualDagger"}],"items_purged_floors":[60],"is_endless":false,"potions_floor_spawned":[1,3,4,11,14,16,18,24,27,36,38,58],"killed_by":"paleoftheancients:N","ascension_level":0}}