{"host":"7i2b4pyo6x2376bs","time":1608774598,"event":{"mods":["BaseMod","Better Note","Colored Map","Highlight Path","Minty Spire (QoL Compilation)","Quick Restart","Rare Cards Sparkle","Shop Mod","StSLib","The Jungle"],"gold_per_floor":[117,135,151,168,188,222,222,238,265,265,265,80,80,80,80,80,80],"floor_reached":16,"playtime":735,"items_purged":["Strike_R"],"score":158,"play_id":"520009c3-ed5f-4215-bcf0-da375dbc3fc1","local_time":"20201223174958","is_ascension_mode":true,"campfire_choices":[{"floor":7,"key":"REST"},{"floor":11,"key":"RECALL"},{"data":"Shockwave","floor":13,"key":"SMITH"},{"floor":15,"key":"REST"}],"circlet_count":0,"master_deck":["AscendersBane","Strike_R","Strike_R","Strike_R","Strike_R","Defend_R","Defend_R","Defend_R","Defend_R","Bash","Headbutt","Cleave","Infernal Blade","Headbutt+1","Shockwave+1","Thunderclap+1","Jack Of All Trades","Double Tap"],"relics":["Burning Blood","MealTicket","Membership Card"],"acts_visited":["Exordium"],"potions_floor_usage":[4,5],"damage_taken":[{"damage":12,"enemies":"Jaw Worm","floor":1,"turns":2},{"damage":1,"enemies":"Cultist","floor":2,"turns":3},{"damage":10,"enemies":"2 Louse","floor":3,"turns":2},{"damage":0,"enemies":"2 Fungi Beasts","floor":4,"turns":2},{"damage":12,"enemies":"Large Slime","floor":5,"turns":2},{"damage":32,"enemies":"Gremlin Nob","floor":6,"turns":4},{"damage":22,"enemies":"Looter","floor":8,"turns":3},{"damage":82,"enemies":"Hexaghost","floor":16,"turns":9}],"seed_played":"-928786259879182198","potions_obtained":[{"floor":1,"key":"Fire Potion"},{"floor":3,"key":"Swift Potion"},{"floor":8,"key":"Fire Potion"}],"is_trial":false,"path_per_floor":["M","M","M","M","M","E","R","M","T","?","R","$","R","?","R","B"],"character_chosen":"IRONCLAD","items_purchased":["Membership Card"],"campfire_rested":2,"item_purchase_floors":[12],"current_hp_per_floor":[74,79,75,81,75,49,75,59,59,59,59,74,74,56,82,0,0],"gold":80,"neow_bonus":"TEN_PERCENT_HP_BONUS","is_daily":false,"chose_seed":false,"campfire_upgraded":1,"win_rate":0.0,"timestamp":1608774598,"path_taken":["M","M","M","M","M","E","R","M","T","?","R","?","R","?","R","BOSS"],"items_purchased_type":["Relic"],"build_version":"2020-12-22","purchased_purges":1,"victory":false,"max_hp_per_floor":[88,88,88,88,88,88,88,88,88,88,88,88,88,88,88,88,88],"card_choices":[{"not_picked":["Seeing Red","Cleave"],"picked":"Headbutt","floor":1},{"not_picked":["Armaments","Sword Boomerang"],"picked":"Cleave","floor":2},{"not_picked":["Havoc","Shrug It Off"],"picked":"Infernal Blade","floor":3},{"not_picked":["Flame Barrier","Heavy Blade"],"picked":"Headbutt","floor":4},{"not_picked":["Searing Blow","Sentinel"],"picked":"Shockwave","floor":5},{"not_picked":["Headbutt","Rampage"],"picked":"Thunderclap","floor":6},{"not_picked":["Armaments","Dual Wield","Reckless Charge"],"picked":"SKIP","floor":8}],"player_experience":667090,"relics_obtained":[{"floor":6,"key":"MealTicket"}],"event_choices":[{"damage_healed":0,"gold_gain":0,"player_choice":"2 cards matched","damage_taken":0,"max_hp_gain":0,"max_hp_loss":0,"event_name":"Match and Keep!","floor":10,"gold_loss":0,"cards_obtained":["Jack Of All Trades","Double Tap"]},{"damage_healed":0,"gold_gain":0,"player_choice":"Entered Light","damage_taken":18,"max_hp_gain":0,"max_hp_loss":0,"event_name":"Shining Light","floor":14,"gold_loss":0,"cards_upgraded":["Headbutt","Thunderclap"]}],"is_beta":false,"boss_relics":[],"items_purged_floors":[12],"is_endless":false,"potions_floor_spawned":[1,3,8],"killed_by":"Hexaghost","ascension_level":11}}