{"host":"2n2g1vowfllvjtvi","time":1608825847,"event":{"mods":["AchievementEnabler","BaseMod","Custom Start","GifTheSpireLib","Keyboard Shortcuts","Minty Spire (QoL Compilation)","Quick Restart","Rare Cards Sparkle","StSLib","SuperFastMode"],"gold_per_floor":[109,109,109,129,141,141,66,99,122,122,132,132,143,155,155,155,155],"floor_reached":16,"playtime":248,"items_purged":["Strike_R"],"score":179,"play_id":"95df3317-47cd-4f67-865c-5a7f754b6af2","local_time":"20201225010407","is_ascension_mode":true,"campfire_choices":[{"data":"Searing Blow+1","floor":6.0,"key":"SMITH"},{"data":"Searing Blow+2","floor":10.0,"key":"SMITH"},{"data":"Searing Blow+3","floor":12.0,"key":"SMITH"},{"data":"Searing Blow+4","floor":15,"key":"SMITH"}],"circlet_count":0,"master_deck":["AscendersBane","Strike_R","Strike_R","Strike_R","Defend_R","Defend_R","Defend_R","Defend_R","Bash","Searing Blow+5","Second Wind","Shrug It Off","Evolve","Thunderclap","Limit Break","Headbutt","Sentinel"],"relics":["Burning Blood","NeowsBlessing","Akabeko","Lantern"],"acts_visited":["Exordium"],"potions_floor_usage":[16],"damage_taken":[{"damage":0.0,"enemies":"2 Louse","floor":1.0,"turns":1.0},{"damage":0.0,"enemies":"Cultist","floor":4.0,"turns":1.0},{"damage":0.0,"enemies":"Jaw Worm","floor":5.0,"turns":1.0},{"damage":47.0,"enemies":"Gremlin Nob","floor":8.0,"turns":5.0},{"damage":0.0,"enemies":"Exordium Wildlife","floor":11.0,"turns":3.0},{"damage":0.0,"enemies":"Lots of Slimes","floor":13.0,"turns":2.0},{"damage":35,"enemies":"Gremlin Gang","floor":14,"turns":5},{"damage":28,"enemies":"Slime Boss","floor":16,"turns":7}],"seed_played":"3447024442688569275","potions_obtained":[{"floor":1.0,"key":"Strength Potion"},{"floor":4.0,"key":"BloodPotion"}],"is_trial":false,"path_per_floor":["M","?","?","M","M","R","$","E","T","R","M","R","M","M","R","B"],"character_chosen":"IRONCLAD","items_purchased":[],"campfire_rested":0,"item_purchase_floors":[],"current_hp_per_floor":[74,74,74,75,75,75,75,34,34,34,40,40,46,17,17,4,4],"gold":155,"neow_bonus":"THREE_ENEMY_KILL","is_daily":false,"chose_seed":false,"campfire_upgraded":4,"win_rate":0.0,"timestamp":1608825847,"path_taken":["M","?","?","?","M","R","$","E","T","R","M","R","M","M","R","BOSS"],"items_purchased_type":[],"build_version":"2020-12-22","purchased_purges":1,"victory":false,"max_hp_per_floor":[75,75,75,75,75,75,75,75,75,75,75,75,75,75,75,75,75],"card_choices":[{"not_picked":["Dual Wield","Sentinel"],"picked":"Searing Blow","floor":1.0},{"not_picked":["Perfected Strike","Havoc"],"picked":"Shrug It Off","floor":4.0},{"not_picked":["Warcry","Cleave"],"picked":"Evolve","floor":5.0},{"not_picked":["Sword Boomerang","Perfected Strike"],"picked":"Thunderclap","floor":8.0},{"not_picked":["Rage","Warcry"],"picked":"Limit Break","floor":11.0},{"not_picked":["Rage","Shrug It Off"],"picked":"Headbutt","floor":13.0},{"not_picked":["Heavy Blade","Havoc"],"picked":"Sentinel","floor":14}],"player_experience":445206,"relics_obtained":[{"floor":8.0,"key":"Akabeko"},{"floor":9.0,"key":"Lantern"}],"event_choices":[{"damage_healed":0.0,"max_hp_gain":0.0,"max_hp_loss":0.0,"gold_gain":0.0,"event_name":"Living Wall","player_choice":"Grow","floor":2.0,"gold_loss":0.0,"damage_taken":0.0,"cards_upgraded":["Searing Blow"]},{"damage_healed":0.0,"max_hp_gain":0.0,"max_hp_loss":0.0,"gold_gain":0.0,"cards_transformed":["Strike_R"],"event_name":"Transmorgrifier","player_choice":"Transformed","floor":3.0,"gold_loss":0.0,"damage_taken":0.0,"cards_obtained":["Second Wind"]}],"is_beta":false,"boss_relics":[],"items_purged_floors":[7],"is_endless":false,"potions_floor_spawned":[1,4],"killed_by":"Slime Boss","ascension_level":15}}