{"host":"vumwfieg2b2mnrfl","time":1608772810,"event":{"mods":["AchievementEnabler","BaseMod","Minty Spire (QoL Compilation)","Rare Cards Sparkle","Relic Stats"],"gold_per_floor":[113,132,132,152,52,91,91,122,182,212,224,201,288,300,312,448,460,485,515,527,133,156,156,156,195,195,195,239,252,252,5,5,128,128,147,147,147,170,184,184,223,98,171,194,194,161,197,157,157,157,157,157,11,50,50],"floor_reached":56,"playtime":2092,"items_purged":["Injury","Defend_R+1","Strike_R+1"],"score":2133,"play_id":"8b81a42e-6c65-4793-868d-258d4e11b589","local_time":"20201223192010","is_ascension_mode":true,"campfire_choices":[{"data":"Rampage","floor":7.0,"key":"SMITH"},{"data":"Armaments","floor":11.0,"key":"SMITH"},{"data":"Battle Trance","floor":15.0,"key":"SMITH"},{"floor":23.0,"key":"REST"},{"floor":27.0,"key":"REST"},{"floor":30.0,"key":"REST"},{"data":"Entrench","floor":32.0,"key":"SMITH"},{"floor":40.0,"key":"RECALL"},{"floor":45,"key":"REST"},{"floor":49,"key":"REST"},{"floor":52,"key":"REST"}],"circlet_count":0,"master_deck":["AscendersBane","Strike_R+1","Strike_R+1","Defend_R+1","Defend_R+1","Defend_R+1","Bash","Armaments+1","Rampage+1","Headbutt","Shrug It Off+1","Flame Barrier+1","Uppercut","Cleave","Battle Trance+1","Barricade","Rampage","Ghostly Armor","Demon Form","Entrench+1","Impervious","Offering","Armaments","Entrench+1","Body Slam+1","Entrench+1","Impervious"],"relics":["Burning Blood","Golden Idol","Mercury Hourglass","MawBank","Blood Vial","Philosopher\u0027s Stone","Bottled Tornado","Sling","War Paint","Pear","Centennial Puzzle","Fusion Hammer","Potion Belt","Self Forming Clay","Orrery","Charon\u0027s Ashes"],"acts_visited":["Exordium","TheCity","TheBeyond","TheEnding"],"potions_floor_usage":[44,55],"damage_taken":[{"damage":9.0,"enemies":"Jaw Worm","floor":1.0,"turns":4.0},{"damage":11.0,"enemies":"2 Louse","floor":2.0,"turns":3.0},{"damage":0.0,"enemies":"Cultist","floor":4.0,"turns":4.0},{"damage":24.0,"enemies":"3 Sentries","floor":6.0,"turns":9.0},{"damage":26.0,"enemies":"Lagavulin","floor":8.0,"turns":7.0},{"damage":1.0,"enemies":"Exordium Wildlife","floor":10.0,"turns":3.0},{"damage":36.0,"enemies":"Slime Boss","floor":16.0,"turns":9.0},{"damage":21.0,"enemies":"Shell Parasite","floor":18.0,"turns":7.0},{"damage":24.0,"enemies":"3 Byrds","floor":19.0,"turns":2.0},{"damage":17.0,"enemies":"Centurion and Healer","floor":22.0,"turns":6.0},{"damage":63.0,"enemies":"Book of Stabbing","floor":25.0,"turns":6.0},{"damage":2.0,"enemies":"Slavers","floor":28.0,"turns":6.0},{"damage":44.0,"enemies":"Snake Plant","floor":29.0,"turns":5.0},{"damage":0.0,"enemies":"Automaton","floor":33.0,"turns":16.0},{"damage":6.0,"enemies":"3 Shapes","floor":35.0,"turns":5.0},{"damage":6.0,"enemies":"Orb Walker","floor":38.0,"turns":5.0},{"damage":6.0,"enemies":"Transient","floor":39.0,"turns":5.0},{"damage":6.0,"enemies":"Reptomancer","floor":41.0,"turns":9.0},{"damage":15,"enemies":"Writhing Mass","floor":44,"turns":6},{"damage":6,"enemies":"Giant Head","floor":47,"turns":8},{"damage":6,"enemies":"Awakened One","floor":50,"turns":12},{"damage":26,"enemies":"Shield and Spear","floor":54,"turns":8},{"damage":33,"enemies":"The Heart","floor":55,"turns":11}],"seed_played":"6686941372018112124","potions_obtained":[{"floor":4.0,"key":"BloodPotion"},{"floor":10.0,"key":"SpeedPotion"},{"floor":18.0,"key":"Fruit Juice"},{"floor":22.0,"key":"DistilledChaos"},{"floor":29.0,"key":"LiquidBronze"},{"floor":38.0,"key":"DistilledChaos"},{"floor":41.0,"key":"LiquidMemories"}],"is_trial":false,"path_per_floor":["M","M","?","M","$","E","R","E","T","M","R","?","?","?","R","B",null,"M","M","?","$","M","R","?","E","T","R","E","M","R","$","R","B",null,"M","$","?","M","M","R","E","$","T","M","R","$","E","?","R","B",null,"R","$","E","B",null],"character_chosen":"IRONCLAD","items_purchased":["Shrug It Off","Bottled Tornado","Sling","Impervious","Entrench","Orrery"],"campfire_rested":6,"item_purchase_floors":[5,21,21,31,46,53],"current_hp_per_floor":[64,59,59,65,65,47,47,27,27,34,34,58,47,47,47,38,82,69,58,58,58,49,79,79,24,34,67,73,37,70,70,70,78,103,105,105,105,107,109,109,111,111,111,102,111,111,111,111,111,111,111,111,111,91,66],"gold":50,"neow_bonus":"TWENTY_PERCENT_HP_BONUS","is_daily":false,"chose_seed":false,"campfire_upgraded":4,"win_rate":0.0,"timestamp":1608772810,"path_taken":["M","M","?","M","$","E","R","E","T","M","R","?","?","?","R","BOSS","M","M","?","$","M","R","?","E","T","R","E","M","R","$","R","BOSS","M","?","?","?","M","R","E","$","T","M","R","$","E","?","R","BOSS","R","$","E","BOSS"],"items_purchased_type":["Card","Relic","Relic","Card","Card","Relic"],"build_version":"2020-12-22","purchased_purges":3,"victory":true,"max_hp_per_floor":[96,96,96,96,96,96,96,96,96,96,96,96,96,96,96,96,96,96,101,101,101,101,101,101,101,111,111,111,111,111,111,111,111,111,111,111,111,111,111,111,111,111,111,111,111,111,111,111,111,111,111,111,111,111,111],"relic_stats":{"Blood Vial":28,"Centennial Puzzle":[27],"counters":[23,154],"Golden Idol":195,"Self Forming Clay":[42],"Charon\u0027s Ashes":[21],"War Paint":["Flame Barrier","Shrug It Off"],"MawBank":156,"obtain_stats":[{"Potion Belt":41,"Pear":26,"Golden Idol":3,"Self Forming Clay":47,"Charon\u0027s Ashes":54,"Bottled Tornado":21,"War Paint":25,"MawBank":8,"Sling":21,"Burning Blood":0,"Mercury Hourglass":6,"Blood Vial":9,"Centennial Puzzle":28,"Orrery":53,"Philosopher\u0027s Stone":17,"Fusion Hammer":34},{"Potion Belt":18,"Pear":11,"Golden Idol":2,"Self Forming Clay":20,"Charon\u0027s Ashes":22,"Bottled Tornado":9,"War Paint":11,"MawBank":5,"Sling":9,"Burning Blood":0,"Mercury Hourglass":4,"Blood Vial":5,"Centennial Puzzle":12,"Orrery":21,"Philosopher\u0027s Stone":7,"Fusion Hammer":14},{"Potion Belt":109,"Pear":58,"Golden Idol":7,"Self Forming Clay":123,"Charon\u0027s Ashes":143,"Bottled Tornado":47,"War Paint":58,"MawBank":27,"Sling":47,"Burning Blood":0,"Mercury Hourglass":20,"Blood Vial":27,"Centennial Puzzle":64,"Orrery":135,"Philosopher\u0027s Stone":39,"Fusion Hammer":85}],"Burning Blood":138,"Mercury Hourglass":[525]},"card_choices":[{"not_picked":["Twin Strike","Anger"],"picked":"Armaments","floor":1.0},{"not_picked":["Clash","Warcry"],"picked":"Rampage","floor":2.0},{"not_picked":["Evolve","Offering"],"picked":"Headbutt","floor":4.0},{"not_picked":["Iron Wave","Blood for Blood"],"picked":"Flame Barrier","floor":6.0},{"not_picked":["Wild Strike","Body Slam"],"picked":"Uppercut","floor":8.0},{"not_picked":["Bloodletting","Sword Boomerang"],"picked":"Cleave","floor":10.0},{"not_picked":["Bludgeon","Reaper"],"picked":"Barricade","floor":16.0},{"not_picked":["Wild Strike","Havoc"],"picked":"Rampage","floor":18.0},{"not_picked":["Wild Strike","Heavy Blade","Sword Boomerang"],"picked":"SKIP","floor":19.0},{"not_picked":["Searing Blow","Flex"],"picked":"Ghostly Armor","floor":22.0},{"not_picked":["Body Slam","Clothesline"],"picked":"Demon Form","floor":25.0},{"not_picked":["Perfected Strike","Flex","Seeing Red"],"picked":"SKIP","floor":28.0},{"not_picked":["Bloodletting","Armaments"],"picked":"Entrench","floor":29.0},{"not_picked":["Barricade","Feed"],"picked":"Offering","floor":33.0},{"not_picked":["Cleave","Reckless Charge+1"],"picked":"Armaments","floor":35.0},{"not_picked":["Havoc","Heavy Blade"],"picked":"Body Slam+1","floor":38.0},{"not_picked":["Perfected Strike","Sword Boomerang","Spot Weakness"],"picked":"SKIP","floor":39.0},{"not_picked":["Sever Soul","Pummel+1","Feel No Pain"],"picked":"SKIP","floor":41.0},{"not_picked":["Twin Strike","Shrug It Off","Infernal Blade"],"picked":"SKIP","floor":44},{"not_picked":["Armaments+1","Searing Blow"],"picked":"Impervious","floor":47},{"not_picked":["Searing Blow","Shrug It Off","Uppercut"],"picked":"SKIP","floor":54}],"player_experience":303303,"relics_obtained":[{"floor":6.0,"key":"Mercury Hourglass"},{"floor":8.0,"key":"MawBank"},{"floor":9.0,"key":"Blood Vial"},{"floor":25.0,"key":"War Paint"},{"floor":26.0,"key":"Pear"},{"floor":28.0,"key":"Centennial Puzzle"},{"floor":41.0,"key":"Potion Belt"},{"floor":47,"key":"Self Forming Clay"},{"floor":54,"key":"Charon\u0027s Ashes"}],"event_choices":[{"damage_healed":0.0,"max_hp_gain":0.0,"max_hp_loss":0.0,"gold_gain":0.0,"event_name":"Golden Idol","player_choice":"Take Wound","floor":3.0,"gold_loss":0.0,"damage_taken":0.0,"relics_obtained":["Golden Idol"],"cards_obtained":["Injury"]},{"damage_healed":24.0,"max_hp_gain":0.0,"max_hp_loss":0.0,"gold_gain":0.0,"event_name":"The Cleric","player_choice":"Healed","floor":12.0,"gold_loss":35.0,"damage_taken":0.0},{"damage_healed":0.0,"max_hp_gain":0.0,"max_hp_loss":0.0,"gold_gain":75.0,"event_name":"World of Goop","player_choice":"Gather Gold","floor":13.0,"gold_loss":0.0,"damage_taken":11.0},{"damage_healed":0.0,"max_hp_gain":0.0,"max_hp_loss":0.0,"gold_gain":0.0,"cards_transformed":["Strike_R"],"event_name":"Living Wall","player_choice":"Change","floor":14.0,"gold_loss":0.0,"damage_taken":0.0,"cards_obtained":["Battle Trance"]},{"damage_healed":0.0,"max_hp_gain":0.0,"max_hp_loss":0.0,"gold_gain":0.0,"event_name":"Back to Basics","player_choice":"Simplicity","floor":20.0,"gold_loss":0.0,"damage_taken":0.0,"cards_upgraded":["Strike_R","Strike_R","Strike_R","Strike_R","Defend_R","Defend_R","Defend_R","Defend_R"]},{"cards_removed":["Strike_R"],"damage_healed":0.0,"max_hp_gain":0.0,"max_hp_loss":0.0,"gold_gain":0.0,"event_name":"Bonfire Elementals","player_choice":"Offered Basic","floor":24.0,"gold_loss":0.0,"damage_taken":0.0},{"damage_healed":0.0,"max_hp_gain":0.0,"max_hp_loss":0.0,"gold_gain":0.0,"event_name":"Duplicator","player_choice":"Copied","floor":37.0,"gold_loss":0.0,"damage_taken":0.0,"cards_obtained":["Entrench"]},{"damage_healed":0,"gold_gain":0,"player_choice":"Upgrade","damage_taken":0,"max_hp_gain":0,"max_hp_loss":0,"event_name":"Designer","floor":48,"gold_loss":40,"cards_upgraded":["Entrench"]}],"is_beta":false,"boss_relics":[{"not_picked":["Runic Cube","Coffee Dripper"],"picked":"Philosopher\u0027s Stone"},{"not_picked":["Sozu","Mark of Pain"],"picked":"Fusion Hammer"}],"items_purged_floors":[5,31,42],"is_endless":false,"potions_floor_spawned":[4,10,18,22,29,38,41],"ascension_level":12}}