{"host":"fs9fti79x98y0ceq","time":1608800330,"event":{"mods":["AchievementEnabler","BaseMod","Colored Map","Custom Start","DeckTracker","Hermit","KOR Keyword Fix","Minty Spire (QoL Compilation)","Relic Stats","StSLib","SuperFastMode","everything is the same but u backflip on backflip"],"gold_per_floor":[117,130,130,230,246,246,273,290,313,345,358,358,368,393,393,393,393],"floor_reached":16,"playtime":396,"items_purged":[],"score":202,"play_id":"61728cb6-4be4-4bd1-bbe4-e5bb2d257166","local_time":"20201224175850","is_ascension_mode":true,"campfire_choices":[{"data":"Cloak And Dagger","floor":6.0,"key":"SMITH"},{"data":"Cloak And Dagger","floor":12.0,"key":"SMITH"},{"data":"Cloak And Dagger","floor":15.0,"key":"SMITH"}],"circlet_count":0,"master_deck":["AscendersBane","Strike_G","Strike_G","Strike_G","Strike_G","Strike_G","Defend_G","Defend_G","Defend_G","Defend_G","Survivor","Neutralize","Cloak And Dagger+1","Cloak And Dagger+1","Accuracy","Blade Dance","Cloak And Dagger+1","Acrobatics"],"relics":["Ring of the Snake","NeowsBlessing","Boot","Strawberry","Blood Vial","Centennial Puzzle"],"acts_visited":["Exordium"],"potions_floor_usage":[16,16],"damage_taken":[{"damage":0.0,"enemies":"Small Slimes","floor":1.0,"turns":1.0},{"damage":0.0,"enemies":"2 Louse","floor":2.0,"turns":1.0},{"damage":0.0,"enemies":"Cultist","floor":5.0,"turns":1.0},{"damage":21.0,"enemies":"Gremlin Nob","floor":7.0,"turns":4.0},{"damage":8.0,"enemies":"Exordium Thugs","floor":8.0,"turns":6.0},{"damage":17.0,"enemies":"3 Sentries","floor":10.0,"turns":11.0},{"damage":5.0,"enemies":"Gremlin Gang","floor":11.0,"turns":3.0},{"damage":1.0,"enemies":"3 Louse","floor":13.0,"turns":2.0},{"damage":22,"enemies":"The Guardian","floor":16,"turns":7}],"seed_played":"4262345587480028386","potions_obtained":[{"floor":5.0,"key":"BlessingOfTheForge"},{"floor":7.0,"key":"Block Potion"},{"floor":8.0,"key":"Strength Potion"}],"is_trial":false,"path_per_floor":["M","M","?","?","M","R","E","M","T","E","M","R","M","T","R","B"],"character_chosen":"THE_SILENT","items_purchased":[],"campfire_rested":0,"item_purchase_floors":[],"current_hp_per_floor":[59,59,59,59,59,59,38,30,37,20,17,17,18,18,18,0,0],"gold":393,"neow_bonus":"THREE_ENEMY_KILL","is_daily":false,"chose_seed":false,"campfire_upgraded":3,"win_rate":0.0,"timestamp":1608800330,"path_taken":["M","M","?","?","?","R","E","M","T","E","M","R","M","?","R","BOSS"],"items_purchased_type":[],"build_version":"2020-12-22","purchased_purges":0,"victory":false,"max_hp_per_floor":[66,66,66,66,66,66,66,66,73,73,73,73,73,73,73,73,73],"relic_stats":{"Blood Vial":6,"Centennial Puzzle":[3],"counters":[9,36],"Boot":[22],"obtain_stats":[{"Blood Vial":10,"Centennial Puzzle":14,"NeowsBlessing":0,"Strawberry":9,"Boot":7,"Ring of the Snake":0},{"Blood Vial":6,"Centennial Puzzle":8,"NeowsBlessing":0,"Strawberry":5,"Boot":4,"Ring of the Snake":0},{"Blood Vial":24,"Centennial Puzzle":29,"NeowsBlessing":0,"Strawberry":13,"Boot":7,"Ring of the Snake":0}],"Ring of the Snake":[18]},"card_choices":[{"not_picked":["Blur","Bane"],"picked":"Cloak And Dagger","floor":1.0},{"not_picked":["Calculated Gamble","Eviscerate"],"picked":"Cloak And Dagger","floor":2.0},{"not_picked":["Endless Agony","Infinite Blades"],"picked":"Accuracy","floor":5.0},{"not_picked":["Dagger Spray","Bullet Time","Deflect"],"picked":"SKIP","floor":7.0},{"not_picked":["Dodge and Roll","Caltrops","PiercingWail"],"picked":"SKIP","floor":8.0},{"not_picked":["Flying Knee","Quick Slash"],"picked":"Blade Dance","floor":10.0},{"not_picked":["Deflect","Eviscerate"],"picked":"Cloak And Dagger","floor":11.0},{"not_picked":["Slice","Deflect"],"picked":"Acrobatics","floor":13.0}],"player_experience":410723,"relics_obtained":[{"floor":7.0,"key":"Boot"},{"floor":9.0,"key":"Strawberry"},{"floor":10.0,"key":"Blood Vial"},{"floor":14.0,"key":"Centennial Puzzle"}],"event_choices":[{"cards_removed":["Defend_G"],"damage_healed":0.0,"max_hp_gain":0.0,"max_hp_loss":0.0,"gold_gain":0.0,"event_name":"Living Wall","player_choice":"Forget","floor":3.0,"gold_loss":0.0,"damage_taken":0.0},{"damage_healed":0.0,"max_hp_gain":0.0,"max_hp_loss":0.0,"gold_gain":100.0,"event_name":"Wheel of Change","player_choice":"Gold","floor":4.0,"gold_loss":0.0,"damage_taken":0.0}],"is_beta":false,"boss_relics":[],"items_purged_floors":[],"is_endless":false,"potions_floor_spawned":[5,7,8],"killed_by":"The Guardian","ascension_level":16}}