{"host":"qvl114e0jmbc6yhm","time":1608772841,"event":{"mods":["Act Like it!","BaseMod","Hermit","Highlight Path","Hubris","Jedi Mod","Marisa????????","Minty Spire (QoL Compilation)","Permanent Neow","Random Character Button","Relic Sorter","Relic Stats","Replay The Spire","Shop Mod","Spicy Shops","StSLib","The Jungle","The Runesmith"],"gold_per_floor":[115,115,140,162,183,222,222,256,256,256,71,98,117,47,47,134,134,155,155,183,226,44,82,97,106,106,106,106,106],"floor_reached":28,"playtime":1460,"items_purged":["Strike_G","Strike_G","Strike_G"],"score":481,"play_id":"143817dc-0702-4d3e-8c51-416b14db45be","local_time":"20201223202041","is_ascension_mode":true,"campfire_choices":[{"data":"Neutralize","floor":7,"key":"SMITH"},{"floor":10,"key":"REST"},{"data":"All Out Attack","floor":15,"key":"SMITH"},{"data":"Wraith Form v2","floor":27,"key":"SMITH"}],"circlet_count":0,"master_deck":["AscendersBane","Fiend Fire+1","Strike_G","Strike_G","Defend_G","Defend_G","Defend_G","Defend_G","Defend_G","Survivor","Neutralize+1","All Out Attack+1","Hidden Blade","Acrobatics","Corpse Explosion","PiercingWail","Deflect","Flash of Steel+1","Underhanded Strike+1","Skewer+1","jedi:unstablefumes","jedi:LeechingStrike","Crippling Poison","ReplayTheSpireMod:Speed Training","Wraith Form v2+1","Quick Slash+1","Backflip","Leg Sweep","Tools of the Trade","Amnesia"],"relics":["hubris:Backtick","Replay:Wax Seal","Tingsha","CeramicFish","Molten Egg 2","ReplayTheSpireMod:Shallot","BargainBundle","Bronze Scales","Nunchaku","Snecko Scales","hubris:BottledHeart","Red Mask","Omamori","Replay:Mystery Machine","Ring of Fangs","Basket Of Snakes"],"acts_visited":["Exordium","TheCity"],"potions_floor_usage":[],"damage_taken":[{"damage":0,"enemies":"Jaw Worm","floor":1,"turns":2},{"damage":0,"enemies":"Cultist","floor":3,"turns":2},{"damage":6,"enemies":"Small Slimes","floor":4,"turns":4},{"damage":0,"enemies":"Blue Slaver","floor":5,"turns":2},{"damage":22,"enemies":"3 Sentries","floor":6,"turns":4},{"damage":13,"enemies":"Gremlin Nob","floor":8,"turns":4},{"damage":0,"enemies":"3 Louse","floor":12,"turns":2},{"damage":3,"enemies":"Exordium Wildlife","floor":13,"turns":3},{"damage":11,"enemies":"3 Sentries","floor":14,"turns":9},{"damage":37,"enemies":"Fading Forest","floor":16,"turns":11},{"damage":0,"enemies":"Shell Parasite","floor":18,"turns":3},{"damage":0,"enemies":"Chosen","floor":20,"turns":2},{"damage":0,"enemies":"Masked Bandits","floor":21,"turns":4},{"damage":0,"enemies":"Slavers","floor":23,"turns":2},{"damage":0,"enemies":"Centurion and Healer","floor":24,"turns":2}],"seed_played":"3092627963883827258","potions_obtained":[{"floor":1,"key":"Venom Potion"},{"floor":24,"key":"Adrenaline Potion"}],"is_trial":false,"path_per_floor":["M","?","M","M","M","E","R","E","T","R","$","M","M","E","R","B",null,"M","?","M","?","$","E","M","?","T","R","?"],"character_chosen":"THE_SILENT","items_purchased":["BargainBundle","Flash of Steel+1","Underhanded Strike+1","Skewer+1","jedi:unstablefumes","Bronze Scales","jedi:LeechingStrike","SteroidPotion","PowerPotion","Omamori"],"campfire_rested":1,"item_purchase_floors":[11,11,11,11,11,11,11,11,11,22],"current_hp_per_floor":[59,59,59,53,53,31,31,18,18,37,37,37,34,31,31,5,51,51,1,1,1,1,1,1,1,1,1,0,0],"gold":106,"neow_bonus":"BOSS_RELIC","is_daily":false,"chose_seed":false,"campfire_upgraded":3,"win_rate":0.0,"timestamp":1608772841,"path_taken":["M","?","M","?","M","E","R","E","T","R","$","M","M","E","R","BOSS","M","?","M","?","$","E","M","?","T","R","?"],"items_purchased_type":["Relic","Card","Card","Card","Card","Relic","Card","Potion","Potion","Relic"],"build_version":"2020-12-22","purchased_purges":3,"victory":false,"max_hp_per_floor":[66,66,66,66,66,66,66,66,66,66,66,66,66,66,66,66,66,66,1,1,1,1,1,1,1,1,1,1,1],"relic_stats":{"Nunchaku":[3],"counters":[15,56],"CeramicFish":171,"Bronze Scales":[122],"Tingsha":[133],"obtain_stats":[{"BargainBundle":11,"CeramicFish":2,"Basket Of Snakes":26,"Tingsha":0,"Omamori":22,"Replay:Mystery Machine":23,"Nunchaku":14,"hubris:Backtick":0,"Ring of Fangs":25,"ReplayTheSpireMod:Shallot":9,"Snecko Scales":17,"hubris:BottledHeart":19,"Bronze Scales":11,"Molten Egg 2":6,"Red Mask":21,"Replay:Wax Seal":8,"Ring of the Snake":0},{"BargainBundle":6,"CeramicFish":1,"Basket Of Snakes":15,"Tingsha":0,"Omamori":13,"Replay:Mystery Machine":14,"Nunchaku":9,"hubris:Backtick":0,"Ring of Fangs":15,"ReplayTheSpireMod:Shallot":6,"Snecko Scales":10,"hubris:BottledHeart":11,"Bronze Scales":6,"Molten Egg 2":5,"Red Mask":13,"Replay:Wax Seal":6,"Ring of the Snake":0},{"BargainBundle":18,"CeramicFish":2,"Basket Of Snakes":56,"Tingsha":0,"Omamori":52,"Replay:Mystery Machine":54,"Nunchaku":32,"hubris:Backtick":0,"Ring of Fangs":56,"ReplayTheSpireMod:Shallot":18,"Snecko Scales":43,"hubris:BottledHeart":46,"Bronze Scales":18,"Molten Egg 2":14,"Red Mask":52,"Replay:Wax Seal":18,"Ring of the Snake":0}]},"card_choices":[{"not_picked":["hubris:SlightOfHand","Quick Slash"],"picked":"All Out Attack","floor":1},{"not_picked":["Deadly Poison","Bane"],"picked":"Hidden Blade","floor":3},{"not_picked":["Outmaneuver","Deflect"],"picked":"Acrobatics","floor":4},{"not_picked":["Bane","Acrobatics"],"picked":"Corpse Explosion","floor":5},{"not_picked":["ReplayTheSpireMod:Shiv Toss","Setup"],"picked":"PiercingWail","floor":6},{"not_picked":["PiercingWail","Endless Agony+1"],"picked":"Deflect","floor":8},{"not_picked":["Outmaneuver","jedi:collectorvenom"],"picked":"Crippling Poison","floor":12},{"not_picked":["Bane+1","Acrobatics"],"picked":"ReplayTheSpireMod:Speed Training","floor":13},{"not_picked":["Bane+1","Eviscerate+1","Deadly Poison"],"picked":"SKIP","floor":14},{"not_picked":["Bullet Time","Doppelganger"],"picked":"Wraith Form v2","floor":16},{"not_picked":["Dodge and Roll","Finisher+1"],"picked":"Quick Slash+1","floor":18},{"not_picked":["Heel Hook+1","PiercingWail"],"picked":"Backflip","floor":20},{"not_picked":["Backflip+1","Flechettes+1"],"picked":"Leg Sweep","floor":21},{"not_picked":["PiercingWail","Backflip"],"picked":"Tools of the Trade","floor":23},{"not_picked":["Bane+1","Skewer+1","Blade Dance"],"picked":"SKIP","floor":24}],"player_experience":2386228,"relics_obtained":[{"floor":6,"key":"Molten Egg 2"},{"floor":8,"key":"Replay:Wax Seal"},{"floor":9,"key":"ReplayTheSpireMod:Shallot"},{"floor":14,"key":"Nunchaku"},{"floor":21,"key":"Red Mask"},{"floor":23,"key":"Replay:Mystery Machine"},{"floor":25,"key":"Ring of Fangs"},{"floor":26,"key":"Basket Of Snakes"}],"event_choices":[{"damage_healed":0,"gold_gain":0,"player_choice":"Gave Potion","damage_taken":0,"relics_obtained":["CeramicFish"],"max_hp_gain":0,"max_hp_loss":0,"event_name":"WeMeetAgain","floor":2,"gold_loss":0},{"damage_healed":0,"gold_gain":0,"player_choice":"Fought Bandits","damage_taken":0,"max_hp_gain":0,"max_hp_loss":0,"event_name":"Masked Bandits","floor":21,"gold_loss":0}],"is_beta":false,"boss_relics":[{"not_picked":["Replay:Grab Bag","jedi:hotpepper"],"picked":"Snecko Scales"}],"items_purged_floors":[11,22,22],"is_endless":false,"potions_floor_spawned":[1,12,13,14,16,21,24],"ascension_level":14}}