{"host":"oiai0qxasotny765","time":1608819675,"event":{"mods":["2.2 Compatiblity","AchievementEnabler","BaseMod","Colored Map","Minty Spire (QoL Compilation)","Permanent Neow","Relic Stats","StSLib","SuperFastMode","everything is the same but u backflip on backflip"],"gold_per_floor":[18,18,55,18,18,54,88,88,113,181,181,192,236,281,281,358,358,394,430,430,430,430,430,430],"floor_reached":23,"playtime":732,"items_purged":[],"score":352,"play_id":"7f6ab70a-067a-4cef-8d78-0ada73cdd8b8","local_time":"20201224232115","is_ascension_mode":true,"campfire_choices":[{"data":"HandOfGreed","floor":8.0,"key":"SMITH"},{"data":"Dagger Spray","floor":11.0,"key":"SMITH"},{"data":"Noxious Fumes","floor":15.0,"key":"SMITH"}],"circlet_count":0,"master_deck":["AscendersBane","Strike_G+1","Strike_G+1","Strike_G+1","Strike_G+1","Strike_G+1","Defend_G+1","Defend_G+1","Defend_G+1","Defend_G+1","Defend_G+1","Survivor","Neutralize","HandOfGreed+1","Poisoned Stab","Tactician","Eviscerate","Blur","Dagger Spray+1","Dagger Throw","Footwork","Noxious Fumes+1","Tools of the Trade","Underhanded Strike","Reflex"],"relics":["Ring of the Snake","Pen Nib","Fusion Hammer"],"acts_visited":["Exordium","TheCity"],"potions_floor_usage":[],"damage_taken":[{"damage":0.0,"enemies":"Cultist","floor":1.0,"turns":4.0},{"damage":1.0,"enemies":"Jaw Worm","floor":3.0,"turns":3.0},{"damage":3.0,"enemies":"2 Louse","floor":6.0,"turns":3.0},{"damage":13.0,"enemies":"Large Slime","floor":7.0,"turns":10.0},{"damage":7.0,"enemies":"3 Louse","floor":10.0,"turns":5.0},{"damage":8.0,"enemies":"Blue Slaver","floor":12.0,"turns":4.0},{"damage":9.0,"enemies":"Red Slaver","floor":13.0,"turns":4.0},{"damage":0.0,"enemies":"Looter","floor":14.0,"turns":4.0},{"damage":58.0,"enemies":"The Guardian","floor":16.0,"turns":11.0},{"damage":30.0,"enemies":"3 Byrds","floor":18.0,"turns":6.0},{"damage":4.0,"enemies":"2 Thieves","floor":19.0,"turns":4.0},{"damage":0,"enemies":"Slavers","floor":23,"turns":1}],"seed_played":"-5201507525619168625","potions_obtained":[{"floor":1.0,"key":"FairyPotion"},{"floor":3.0,"key":"PowerPotion"},{"floor":10.0,"key":"Energy Potion"},{"floor":13.0,"key":"Regen Potion"},{"floor":18.0,"key":"BlessingOfTheForge"}],"is_trial":false,"path_per_floor":["M","$","M","$","?","M","M","R","T","M","R","M","M","M","R","B",null,"M","M","?","?","?","E"],"character_chosen":"THE_SILENT","items_purchased":["Tactician"],"campfire_rested":0,"item_purchase_floors":[4],"current_hp_per_floor":[59,59,58,58,63,60,47,47,47,40,40,32,23,23,23,2,54,24,20,20,20,20,20,20],"gold":430,"neow_bonus":"RANDOM_COLORLESS_2","is_daily":false,"chose_seed":false,"campfire_upgraded":3,"win_rate":0.0,"timestamp":1608819675,"path_taken":["M","$","M","?","?","M","M","R","T","M","R","M","M","M","R","BOSS","M","M","?","?","?","E"],"items_purchased_type":["Card"],"build_version":"2020-12-22","purchased_purges":0,"victory":false,"max_hp_per_floor":[66,66,66,66,71,71,71,71,71,71,71,71,71,71,71,71,71,71,71,71,71,71,71,71],"relic_stats":{"counters":[12,59],"Pen Nib":[5],"obtain_stats":[{"Pen Nib":9,"Fusion Hammer":17,"Ring of the Snake":0},{"Pen Nib":4,"Fusion Hammer":9,"Ring of the Snake":0},{"Pen Nib":20,"Fusion Hammer":48,"Ring of the Snake":0}],"Ring of the Snake":[24]},"card_choices":[{"not_picked":["Metamorphosis","Thinking Ahead"],"picked":"HandOfGreed","floor":0.0},{"not_picked":["Setup","Distraction"],"picked":"Poisoned Stab","floor":1.0},{"not_picked":["Terror","Flechettes","PiercingWail"],"picked":"SKIP","floor":3.0},{"not_picked":["Underhanded Strike","Blade Dance"],"picked":"Eviscerate","floor":6.0},{"not_picked":["Cloak And Dagger","All Out Attack"],"picked":"Blur","floor":7.0},{"not_picked":["Concentrate","Sucker Punch"],"picked":"Dagger Spray","floor":10.0},{"not_picked":["Sucker Punch","Deadly Poison"],"picked":"Dagger Throw","floor":12.0},{"not_picked":["Underhanded Strike","Deflect"],"picked":"Footwork","floor":13.0},{"not_picked":["Phantasmal Killer","Bane"],"picked":"Noxious Fumes","floor":14.0},{"not_picked":["Envenom","Corpse Explosion"],"picked":"Tools of the Trade","floor":16.0},{"not_picked":["Blade Dance","PiercingWail"],"picked":"Underhanded Strike","floor":18.0},{"not_picked":["Slice","Blade Dance","Setup"],"picked":"SKIP","floor":19.0}],"player_experience":279511,"relics_obtained":[{"floor":9.0,"key":"Pen Nib"}],"event_choices":[{"damage_healed":0.0,"max_hp_gain":5.0,"max_hp_loss":0.0,"gold_gain":0.0,"event_name":"Big Fish","player_choice":"Donut","floor":5.0,"gold_loss":0.0,"damage_taken":0.0},{"damage_healed":0,"gold_gain":0,"player_choice":"Simplicity","damage_taken":0,"max_hp_gain":0,"max_hp_loss":0,"event_name":"Back to Basics","floor":20,"gold_loss":0,"cards_upgraded":["Strike_G","Strike_G","Strike_G","Strike_G","Strike_G","Defend_G","Defend_G","Defend_G","Defend_G","Defend_G"]},{"damage_healed":0,"gold_gain":0,"player_choice":"Read","damage_taken":0,"max_hp_gain":0,"max_hp_loss":0,"event_name":"The Library","floor":21,"gold_loss":0,"cards_obtained":["Reflex"]},{"damage_healed":0,"gold_gain":0,"player_choice":"Ignored","damage_taken":0,"max_hp_gain":0,"max_hp_loss":0,"event_name":"Vampires","floor":22,"gold_loss":0}],"is_beta":false,"boss_relics":[{"not_picked":["Cursed Key","WristBlade"],"picked":"Fusion Hammer"}],"items_purged_floors":[],"is_endless":false,"potions_floor_spawned":[1,3,10,13,18],"killed_by":"Slavers","ascension_level":18}}