{"host":"3ek78t4i81ecmdy1","time":1608776215,"event":{"mods":["2.2 Compatiblity","AchievementEnabler","BaseMod","Colored Map","DeckTracker","Filter the Spire","Keyboard Shortcuts","Minty Spire (QoL Compilation)","Permanent Neow","Quick Restart","SuperFastMode","everything is the same but u backflip on backflip"],"gold_per_floor":[364,381,67,84,84,117,17,27,27,53,53,53,53,53,53,172,172,190,190,211,211,235,235,254,289,315,359,359,1,1,19,19,139,139,160,260,283,302,302,302,302],"floor_reached":40,"playtime":1721,"items_purged":["Strike_R","Shame","Strike_R"],"score":534,"play_id":"9fbe1b2f-f908-4d32-b200-f918e3f27a27","local_time":"20201224111655","is_ascension_mode":true,"campfire_choices":[{"data":"1","floor":13,"key":"LIFT"},{"data":"2","floor":15,"key":"LIFT"},{"data":"3","floor":23,"key":"LIFT"},{"data":"Corruption","floor":28,"key":"SMITH"},{"data":"Heavy Blade","floor":30,"key":"SMITH"},{"floor":32,"key":"RECALL"}],"circlet_count":0,"master_deck":["Strike_R","Strike_R","Defend_R","Defend_R","Defend_R","Bash","Iron Wave","Ghostly Armor","Swift Strike","Pummel","Bludgeon","Heavy Blade+1","Flex","Corruption+1","Body Slam+1","Twin Strike+1","Metallicize+1","Flash of Steel+1","Rage","Barricade","Anger+1"],"relics":["Burning Blood","Lantern","Pocketwatch","HornCleat","Molten Egg 2","Unceasing Top","Girya","Golden Idol","Coffee Dripper","Ornamental Fan","Gambling Chip","ClockworkSouvenir","Runic Pyramid"],"acts_visited":["Exordium","TheCity","TheBeyond"],"potions_floor_usage":[6,16,16,24,27,33,33,40,40],"damage_taken":[{"damage":9,"enemies":"Small Slimes","floor":1,"turns":5},{"damage":8,"enemies":"Jaw Worm","floor":2,"turns":3},{"damage":0,"enemies":"2 Louse","floor":4,"turns":2},{"damage":31,"enemies":"3 Sentries","floor":6,"turns":13},{"damage":0,"enemies":"2 Fungi Beasts","floor":8,"turns":3},{"damage":18,"enemies":"Lagavulin","floor":10,"turns":5},{"damage":22,"enemies":"The Guardian","floor":16,"turns":6},{"damage":5,"enemies":"3 Byrds","floor":18,"turns":5},{"damage":0,"enemies":"Shell Parasite","floor":20,"turns":3},{"damage":0,"enemies":"3 Cultists","floor":22,"turns":4},{"damage":0,"enemies":"Cultist and Chosen","floor":24,"turns":3},{"damage":0,"enemies":"Gremlin Leader","floor":25,"turns":5},{"damage":22,"enemies":"Slavers","floor":27,"turns":4},{"damage":1,"enemies":"Snake Plant","floor":31,"turns":2},{"damage":0,"enemies":"Collector","floor":33,"turns":5},{"damage":0,"enemies":"Orb Walker","floor":35,"turns":3},{"damage":4,"enemies":"3 Darklings","floor":37,"turns":3},{"damage":0,"enemies":"Jaw Worm Horde","floor":38,"turns":2},{"damage":86,"enemies":"Awakened One","floor":40,"turns":9}],"seed_played":"-3391796136306276304","potions_obtained":[{"floor":4,"key":"BloodPotion"},{"floor":8,"key":"EssenceOfSteel"},{"floor":10,"key":"Strength Potion"},{"floor":16,"key":"Block Potion"},{"floor":18,"key":"Dexterity Potion"},{"floor":22,"key":"Explosive Potion"},{"floor":31,"key":"SneckoOil"},{"floor":33,"key":"AttackPotion"},{"floor":35,"key":"LiquidMemories"}],"is_trial":false,"path_per_floor":["M","M","$","M","?","E","$","M","T","E","T","?","R","?","R","B",null,"M","?","M","?","M","R","M","E","T","E","R","$","R","M","R","B",null,"M","?","M","M","?","B"],"character_chosen":"IRONCLAD","items_purchased":["Lantern","Swift Strike","Flash of Steel+1","ClockworkSouvenir"],"campfire_rested":0,"item_purchase_floors":[3,3,29,29],"current_hp_per_floor":[77,75,75,80,77,68,68,74,74,62,62,55,55,35,35,19,80,80,80,80,80,80,80,80,80,80,64,64,64,64,69,69,75,80,80,80,80,80,80,0,0],"gold":302,"neow_bonus":"TWO_FIFTY_GOLD","is_daily":false,"chose_seed":false,"campfire_upgraded":2,"win_rate":0.0,"timestamp":1608776215,"path_taken":["M","M","$","M","?","E","$","M","T","E","?","?","R","?","R","BOSS","M","?","M","?","?","R","M","E","T","E","R","$","R","M","R","BOSS","M","?","?","?","?","BOSS"],"items_purchased_type":["Relic","Card","Card","Relic"],"build_version":"2020-12-22","purchased_purges":3,"victory":false,"max_hp_per_floor":[80,80,80,80,80,80,80,80,80,80,80,80,80,80,80,80,80,80,80,80,80,80,80,80,80,80,80,80,80,80,80,80,80,80,80,80,80,80,80,80,80],"card_choices":[{"not_picked":["Warcry","Havoc"],"picked":"Iron Wave","floor":1},{"not_picked":["Headbutt","Hemokinesis"],"picked":"Ghostly Armor","floor":2},{"not_picked":["Blood for Blood","Dark Embrace"],"picked":"Pummel","floor":4},{"not_picked":["Whirlwind","Sword Boomerang"],"picked":"Bludgeon","floor":6},{"not_picked":["Evolve","Perfected Strike"],"picked":"Heavy Blade","floor":8},{"not_picked":["True Grit","Pummel+1"],"picked":"Flex","floor":10},{"not_picked":["Impervious","Demon Form"],"picked":"Corruption","floor":16},{"not_picked":["Searing Blow+1","Pummel+1"],"picked":"Body Slam+1","floor":18},{"not_picked":["Armaments","Shockwave"],"picked":"Twin Strike+1","floor":20},{"not_picked":["Sword Boomerang+1","Havoc","Combust"],"picked":"SKIP","floor":22},{"not_picked":["Shrug It Off","Wild Strike+1","Iron Wave+1"],"picked":"SKIP","floor":24},{"not_picked":["Shrug It Off","Wild Strike+1","Iron Wave+1"],"picked":"SKIP","floor":24},{"not_picked":["Shrug It Off","Feel No Pain","Searing Blow+1"],"picked":"SKIP","floor":25},{"not_picked":["Cleave+1","Pommel Strike+1"],"picked":"Metallicize+1","floor":27},{"not_picked":["Berserk","Twin Strike+1"],"picked":"Rage","floor":31},{"not_picked":["Immolate+1","Exhume"],"picked":"Barricade","floor":33},{"not_picked":["Combust+1","Perfected Strike+1"],"picked":"Anger+1","floor":35},{"not_picked":["Wild Strike+1","Clothesline+1","Ghostly Armor+1"],"picked":"SKIP","floor":37},{"not_picked":["Burning Pact+1","Clothesline+1","Fire Breathing"],"picked":"SKIP","floor":38}],"player_experience":26858,"relics_obtained":[{"floor":6,"key":"HornCleat"},{"floor":9,"key":"Molten Egg 2"},{"floor":10,"key":"Unceasing Top"},{"floor":11,"key":"Girya"},{"floor":25,"key":"Ornamental Fan"},{"floor":27,"key":"Gambling Chip"}],"event_choices":[{"damage_healed":0,"gold_gain":0,"player_choice":"Success","damage_taken":3,"relics_obtained":["Pocketwatch"],"max_hp_gain":0,"max_hp_loss":0,"event_name":"Scrap Ooze","floor":5,"gold_loss":0},{"cards_removed":["Strike_R"],"damage_healed":0,"gold_gain":0,"player_choice":"Card Removal","damage_taken":7,"max_hp_gain":0,"max_hp_loss":0,"event_name":"Golden Wing","floor":12,"gold_loss":0},{"damage_healed":0,"gold_gain":0,"player_choice":"Take Damage","damage_taken":20,"relics_obtained":["Golden Idol"],"max_hp_gain":0,"max_hp_loss":0,"event_name":"Golden Idol","floor":14,"gold_loss":0},{"damage_healed":0,"gold_gain":0,"player_choice":"Ignored","damage_taken":0,"max_hp_gain":0,"max_hp_loss":0,"event_name":"Ghosts","floor":19,"gold_loss":0},{"cards_removed":["Defend_R"],"damage_healed":0,"gold_gain":0,"player_choice":"Elegance","damage_taken":0,"max_hp_gain":0,"max_hp_loss":0,"event_name":"Back to Basics","floor":21,"gold_loss":0},{"damage_healed":0,"gold_gain":100,"player_choice":"Pray","damage_taken":0,"max_hp_gain":0,"max_hp_loss":0,"event_name":"Golden Shrine","floor":36,"gold_loss":0},{"damage_healed":0,"gold_gain":0,"player_choice":"Took Portal","damage_taken":0,"max_hp_gain":0,"max_hp_loss":0,"event_name":"SecretPortal","floor":39,"gold_loss":0}],"is_beta":false,"boss_relics":[{"not_picked":["Pandora\u0027s Box","Tiny House"],"picked":"Coffee Dripper"},{"not_picked":["Black Blood","Philosopher\u0027s Stone"],"picked":"Runic Pyramid"}],"items_purged_floors":[3,7,29],"is_endless":false,"potions_floor_spawned":[4,8,10,16,18,22,31,33,35],"killed_by":"Awakened One","ascension_level":1}}