{"host":"iphsb0ccnjx0pfn6","time":1608771543,"event":{"mods":["2.2 Compatiblity","AchievementEnabler","BaseMod","Colored Map","DeckTracker","Keyboard Shortcuts","Minty Spire (QoL Compilation)","Permanent Neow","Quick Restart","Relic Stats","StSLib","SuperFastMode","Uncapped","everything is the same but u backflip on backflip"],"gold_per_floor":[363,376,376,388,255,255,255,255],"floor_reached":7,"playtime":150,"items_purged":["Strike_R"],"score":82,"play_id":"88d04c01-a6c1-49f5-b7b4-3ad938258bd8","local_time":"20201224095903","is_ascension_mode":true,"campfire_choices":[{"data":"Anger","floor":6,"key":"SMITH"}],"circlet_count":0,"master_deck":["AscendersBane","Strike_R","Strike_R","Strike_R","Defend_R","Defend_R","Defend_R","Defend_R","Bash","Twin Strike","Anger+1","Evolve","Shrug It Off"],"relics":["Burning Blood"],"acts_visited":["Exordium"],"potions_floor_usage":[],"damage_taken":[{"damage":11,"enemies":"Jaw Worm","floor":1,"turns":5},{"damage":7,"enemies":"Cultist","floor":2,"turns":4},{"damage":5,"enemies":"Small Slimes","floor":4,"turns":3},{"damage":52,"enemies":"Gremlin Nob","floor":7,"turns":4}],"seed_played":"2175593239098107186","potions_obtained":[],"is_trial":false,"path_per_floor":["M","M","?","M","$","R","E"],"character_chosen":"IRONCLAD","items_purchased":["Shrug It Off"],"campfire_rested":0,"item_purchase_floors":[5],"current_hp_per_floor":[45,44,44,45,45,45,0,0],"gold":255,"neow_bonus":"TWO_FIFTY_GOLD","is_daily":false,"chose_seed":false,"campfire_upgraded":1,"win_rate":0.0,"timestamp":1608771543,"path_taken":["M","M","?","M","?","R","E"],"items_purchased_type":["Card"],"build_version":"2020-12-22","purchased_purges":1,"victory":false,"max_hp_per_floor":[75,75,75,75,75,75,75,75],"relic_stats":{"counters":[4,16],"obtain_stats":[{"Burning Blood":0},{"Burning Blood":0},{"Burning Blood":0}],"Burning Blood":18},"card_choices":[{"not_picked":["Wild Strike","Iron Wave"],"picked":"Twin Strike","floor":1},{"not_picked":["Heavy Blade","Corruption"],"picked":"Anger","floor":2},{"not_picked":["Pommel Strike","Heavy Blade"],"picked":"Evolve","floor":4}],"player_experience":1255403,"relics_obtained":[],"event_choices":[{"cards_removed":["Strike_R"],"damage_healed":0,"gold_gain":0,"player_choice":"Offered Basic","damage_taken":0,"max_hp_gain":0,"max_hp_loss":0,"event_name":"Bonfire Elementals","floor":3,"gold_loss":0}],"is_beta":false,"boss_relics":[],"items_purged_floors":[5],"is_endless":false,"potions_floor_spawned":[],"killed_by":"Gremlin Nob","ascension_level":20}}