{"host":"z9grmtg2w0nmz8n1","time":1608827302,"event":{"mods":["Aspiration","Bard","BaseMod","Beaked The Cultist","Better Altar","Better Match","Better Note","Better Sensory Stone","Better Skull","Better Third Choice","BetterRewards","CCEM","Colored Map","Conspire","Downfall","GifTheSpireLib","Googly Eyes","Halation","Hermit","Highlight Path","Hubris","Hunter ??","Jedi Mod","Jorbs\u0027s Wanderer Trilogy","Mad Scientist","Marisa????????","Minty Spire (QoL Compilation)","Permanent Neow","Replay The Spire","Shade Mod","Shop Mod","Spicy Shops","StSLib","Stuff the Spire","The Bug Knight","The Construct","The Necromancer","The Runesmith","The Witch"],"gold_per_floor":[110,126,51,66,66,101,101,135,135,146,146,146],"floor_reached":11,"playtime":446,"items_purged":["Runesmith:Strike_RS"],"score":87,"play_id":"29b014c3-2bc0-4fd3-907b-ea70992b06f8","local_time":"20201224142822","is_ascension_mode":true,"campfire_choices":[{"floor":7,"key":"REST"}],"circlet_count":0,"master_deck":["Runesmith:Strike_RS","Runesmith:Strike_RS","Runesmith:Defend_RS","Runesmith:Defend_RS","Runesmith:Defend_RS","Runesmith:Defend_RS","Runesmith:CraftFirestone","Runesmith:Fortify","Runesmith:HeatExchange","Runesmith:ChiselStab","Runesmith:CraftIncendium","Runesmith:ChiselStab","Runesmith:RunicBlueprint","Runesmith:Firestorm"],"relics":["Runesmith:BrokenRuby","Bag of Marbles","ReplayFunnel"],"acts_visited":["Exordium"],"potions_floor_usage":[11],"damage_taken":[{"damage":0,"enemies":"conspire:RoseBush","floor":1,"turns":3},{"damage":2,"enemies":"Small Slimes","floor":2,"turns":4},{"damage":0,"enemies":"Jaw Worm","floor":4,"turns":3},{"damage":28,"enemies":"Gremlin Nob","floor":6,"turns":4},{"damage":13,"enemies":"HollowMod:MossKnight","floor":8,"turns":7},{"damage":0,"enemies":"Lots of Slimes","floor":10,"turns":1},{"damage":74,"enemies":"Gremlin Nob","floor":11,"turns":5}],"seed_played":"3198965566429946951","potions_obtained":[{"floor":4,"key":"sneckomod:MuddlingPotion"},{"floor":10,"key":"sneckomod:MuddlingPotion"}],"is_trial":false,"path_per_floor":["M","M","$","M","?","E","R","E","T","M","E"],"character_chosen":"RUNESMITH_CLASS","items_purchased":[],"campfire_rested":1,"item_purchase_floors":[],"current_hp_per_floor":[70,68,68,68,61,33,54,41,41,41,0,0],"gold":146,"neow_bonus":"THREE_CARDS","is_daily":false,"chose_seed":false,"campfire_upgraded":0,"win_rate":0.0,"timestamp":1608827302,"path_taken":["M","M","$","M","?","E","R","E","T","M","E"],"items_purchased_type":[],"build_version":"2020-12-22","purchased_purges":1,"victory":false,"max_hp_per_floor":[70,70,70,70,70,70,70,70,70,70,70,70],"card_choices":[{"not_picked":["Runesmith:EnergizedChisel","Runesmith:CraftProtectio"],"picked":"Runesmith:HeatExchange","floor":0},{"not_picked":["Runesmith:CraftProtectio","Runesmith:StaticCage"],"picked":"Runesmith:ChiselStab","floor":1},{"not_picked":["Runesmith:HammerAndChisel","Runesmith:FieryHammer","Runesmith:DoubleUp"],"picked":"SKIP","floor":2},{"not_picked":["Runesmith:MakeshiftArmor","Runesmith:ShiftingStrike"],"picked":"Runesmith:CraftIncendium","floor":4},{"not_picked":["Runesmith:CraftReservo","Runesmith:CraftProtectio"],"picked":"Runesmith:ChiselStab","floor":6},{"not_picked":["Runesmith:HammerTime","Runesmith:MakeshiftArmor"],"picked":"Runesmith:RunicBlueprint","floor":8},{"not_picked":["Runesmith:UnlimitedPower","Runesmith:Electrocute"],"picked":"Runesmith:Firestorm","floor":10}],"player_experience":691976,"relics_obtained":[{"floor":6,"key":"Bag of Marbles"},{"floor":8,"key":"ReplayFunnel"}],"event_choices":[{"cards_removed":["Runesmith:Strike_RS"],"damage_healed":0,"gold_gain":0,"player_choice":"Card Removal","damage_taken":7,"max_hp_gain":0,"max_hp_loss":0,"event_name":"Golden Wing","floor":5,"gold_loss":0}],"is_beta":false,"boss_relics":[],"items_purged_floors":[3],"is_endless":false,"potions_floor_spawned":[4,10],"killed_by":"Gremlin Nob","ascension_level":1}}