{"host":"t4vqa88y94iqzvf0","time":1608789688,"event":{"mods":["Aspiration","BaseMod","Colored Map","Conspire","Downfall","Duelist Mod","Hermit","Hubris","Jorbs\u0027s Wanderer Trilogy","Koishi","Marisa????????","Minty Spire (QoL Compilation)","Rare Cards Sparkle","StSLib","Td1madao Mod","The Bug Knight","The Cursed","The Disciple","The Hierophant","The Necromancer","The Servant 0.9.4"],"gold_per_floor":[114,127,127,189,239,239,269,281,281,2,2,14,14,34,34,131,131,149,211,261,311,361,361],"floor_reached":22,"playtime":1831,"items_purged":[],"score":186,"play_id":"29b3aae7-19f4-4c2c-8487-a1ccd31e6571","local_time":"20201224010128","is_ascension_mode":false,"campfire_choices":[{"data":"HollowMod:theNailsmith","floor":6,"key":"SMITH"},{"floor":11,"key":"REST"},{"floor":15,"key":"REST"}],"circlet_count":0,"master_deck":["HollowMod:NailStrikeStart","HollowMod:NailStrikeStart","HollowMod:NailStrikeStart","HollowMod:NailStrikeStart","HollowMod:QuickDashStart","HollowMod:QuickDashStart","HollowMod:QuickDashStart","HollowMod:QuickDashStart","HollowMod:FocusHealStart","HollowMod:PogoStrike","HollowMod:HowlingWraiths","HollowMod:ChannelNail","HollowMod:DescendingDark","HollowMod:theNailsmith+1","HollowMod:PerfectDash","HollowMod:SharpenedNail","Transmutation","HollowMod:GoodIntentions","HollowMod:QuirrelsAssistance","HollowMod:SharpenedShadows","HollowMod:ElderbugsWisdom","HollowMod:AwokenDreamNail","HollowMod:ShadowDash","HollowMod:DashSlash","Decay"],"relics":["HollowMod:VesselMask","SsserpentHead","aspiration:Lifesprig","Mercury Hourglass","Regal Pillow","Philosopher\u0027s Stone"],"acts_visited":["Exordium","TheCity"],"potions_floor_usage":[],"damage_taken":[{"damage":1,"enemies":"Small Slimes","floor":1,"turns":3},{"damage":0,"enemies":"Cultist","floor":2,"turns":3},{"damage":6,"enemies":"Jaw Worm","floor":4,"turns":4},{"damage":34,"enemies":"3 Sentries","floor":7,"turns":8},{"damage":20,"enemies":"3 Louse","floor":8,"turns":3},{"damage":10,"enemies":"Lots of Slimes","floor":12,"turns":4},{"damage":5,"enemies":"Blue Slaver","floor":14,"turns":4},{"damage":65,"enemies":"Slime Boss","floor":16,"turns":11},{"damage":44,"enemies":"Shell Parasite","floor":18,"turns":7},{"damage":63,"enemies":"3 Byrds","floor":19,"turns":5},{"damage":14,"enemies":"Cultist and Chosen","floor":22,"turns":3}],"seed_played":"-385198615567397337","potions_obtained":[{"floor":1,"key":"Ancient Potion"},{"floor":2,"key":"Strength Potion"},{"floor":8,"key":"champ:CounterPotion"},{"floor":12,"key":"FairyPotion"}],"is_trial":false,"path_per_floor":["M","M","?","M","?","R","E","M","T","$","R","M","?","M","R","B",null,"M","M","?","?","M"],"character_chosen":"THE_BUGKNIGHT","items_purchased":["Transmutation","HollowMod:GoodIntentions","HollowMod:QuirrelsAssistance"],"campfire_rested":2,"item_purchase_floors":[10,10,10],"current_hp_per_floor":[81,81,81,75,75,75,41,21,21,21,45,41,41,36,75,10,82,44,5,5,5,0,0],"gold":361,"neow_bonus":"TEN_PERCENT_HP_BONUS","is_daily":false,"chose_seed":false,"campfire_upgraded":1,"win_rate":0.0,"timestamp":1608789688,"path_taken":["M","M","?","?","?","R","E","M","T","$","R","M","?","M","R","BOSS","M","?","?","?","?"],"items_purchased_type":["Card","Card","Card"],"build_version":"2020-12-22","purchased_purges":0,"victory":false,"max_hp_per_floor":[82,82,82,82,82,82,82,82,82,82,82,82,82,82,82,82,82,82,82,82,82,82,82],"card_choices":[{"not_picked":["HollowMod:SharpenedNail","HollowMod:CrystalDash"],"picked":"HollowMod:HowlingWraiths","floor":1},{"not_picked":["HollowMod:CloakDash","HollowMod:MawleksShell"],"picked":"HollowMod:ChannelNail","floor":2},{"not_picked":["HollowMod:ShadowDash","HollowMod:DreamGate"],"picked":"HollowMod:DescendingDark","floor":4},{"not_picked":["HollowMod:InfectedAttack","HollowMod:AbyssShriek"],"picked":"HollowMod:PerfectDash","floor":7},{"not_picked":["HollowMod:DescendingDark","HollowMod:CycloneSlash"],"picked":"HollowMod:SharpenedNail","floor":8},{"not_picked":["HollowMod:DescendingDark","HollowMod:DashSlash"],"picked":"HollowMod:SharpenedShadows","floor":12},{"not_picked":["HollowMod:CrystalDash","HollowMod:HowlingWraiths"],"picked":"HollowMod:ElderbugsWisdom","floor":14},{"not_picked":["HollowMod:SoulMaster","HollowMod:Hiveblood"],"picked":"HollowMod:AwokenDreamNail","floor":16},{"not_picked":["HollowMod:GreatSlash","HollowMod:InfectedCysts"],"picked":"HollowMod:ShadowDash","floor":18},{"not_picked":["HollowMod:VengefulVoid+1","HollowMod:SiblingsShadow"],"picked":"HollowMod:DashSlash","floor":19}],"player_experience":35342,"relics_obtained":[{"floor":7,"key":"aspiration:Lifesprig"},{"floor":9,"key":"Mercury Hourglass"}],"event_choices":[{"damage_healed":0,"gold_gain":0,"player_choice":"Trade","damage_taken":0,"relics_obtained":["SsserpentHead"],"max_hp_gain":0,"max_hp_loss":0,"event_name":"FaceTrader","floor":3,"gold_loss":0},{"damage_healed":0,"gold_gain":0,"player_choice":"Paid Gold","damage_taken":0,"relics_obtained":["Regal Pillow"],"max_hp_gain":0,"max_hp_loss":0,"event_name":"WeMeetAgain","floor":13,"gold_loss":50},{"damage_healed":0,"gold_gain":0,"player_choice":"Smashed Altar","damage_taken":0,"max_hp_gain":0,"max_hp_loss":0,"event_name":"Forgotten Altar","floor":20,"gold_loss":0,"cards_obtained":["Decay"]},{"damage_healed":0,"gold_gain":0,"player_choice":"Ignored","damage_taken":0,"max_hp_gain":0,"max_hp_loss":0,"event_name":"N\u0027loth","floor":21,"gold_loss":0}],"is_beta":false,"boss_relics":[{"not_picked":["hubris:TerracottaHorce","aspiration:FutureDiary"],"picked":"Philosopher\u0027s Stone"}],"items_purged_floors":[],"is_endless":false,"potions_floor_spawned":[1,2,8,12,16],"killed_by":"Cultist and Chosen","ascension_level":0}}