{"host":"fou5y1474ql9j6oe","time":1608803737,"event":{"mods":["BaseMod","Bestiary","Minty Spire (QoL Compilation)","Say the Spire","StSLib"],"gold_per_floor":[109,109,109,109,124,162,162,176,203,203,237,253,277,302,302,426,426,440,440,440,463,4,44,44,77,77,92,113,28,63,88,88,216,216,239,262,325,658,673,673,705,705,705,77,77,110,71,90,90,90],"floor_reached":51,"playtime":5057,"items_purged":["Injury"],"score":775,"play_id":"b373350f-ca6f-442c-a74a-06fbb29af145","local_time":"20201224185537","is_ascension_mode":false,"campfire_choices":[{"data":"1","floor":7,"key":"LIFT"},{"data":"2","floor":10,"key":"LIFT"},{"data":"3","floor":15,"key":"LIFT"},{"data":"Demon Form","floor":24,"key":"SMITH"},{"data":"Reaper","floor":32,"key":"SMITH"},{"data":"Limit Break","floor":40,"key":"SMITH"},{"data":"Berserk","floor":42,"key":"SMITH"},{"floor":49,"key":"REST"}],"circlet_count":0,"master_deck":["Strike_R","Strike_R","Strike_R","Strike_R","Defend_R","Defend_R","Defend_R+1","Defend_R","Bash","Clothesline","Power Through","Flex","Battle Trance","Reaper+1","Headbutt","Twin Strike","Berserk+1","Uppercut","Demon Form+1","Metallicize","J.A.X.","Bash","Entrench+1","Sword Boomerang","Iron Wave","Pommel Strike","Rage","Twin Strike+1","Flex","Reaper","Ghostly Armor","Limit Break+1","Carnage+1","Searing Blow+1","Rage","Carnage","Heavy Blade+1","Enlightenment","Fiend Fire","Secret Weapon","Madness","Madness","Flex+1","Fire Breathing"],"relics":["Burning Blood","Girya","Self Forming Clay","Bronze Scales","Vajra","SlaversCollar","Lizard Tail","Toolbox","Pen Nib","Ice Cream","Matryoshka","War Paint","White Beast Statue","Runic Pyramid","Pocketwatch","Mercury Hourglass","Anchor","Eternal Feather","Ancient Tea Set","Bottled Lightning"],"acts_visited":["Exordium","TheCity","TheBeyond"],"potions_floor_usage":[6,16,23,28,30,31,33,37,41,50,50,50,50,50,50],"damage_taken":[{"damage":3,"enemies":"Jaw Worm","floor":1,"turns":3},{"damage":7,"enemies":"2 Louse","floor":5,"turns":4},{"damage":16,"enemies":"Gremlin Nob","floor":6,"turns":5},{"damage":1,"enemies":"Cultist","floor":8,"turns":3},{"damage":13,"enemies":"Lagavulin","floor":11,"turns":5},{"damage":0,"enemies":"3 Louse","floor":12,"turns":2},{"damage":13,"enemies":"Lots of Slimes","floor":13,"turns":2},{"damage":16,"enemies":"Blue Slaver","floor":14,"turns":3},{"damage":10,"enemies":"Slime Boss","floor":16,"turns":6},{"damage":27,"enemies":"Shell Parasite","floor":18,"turns":3},{"damage":3,"enemies":"3 Byrds","floor":21,"turns":4},{"damage":32,"enemies":"Gremlin Leader","floor":23,"turns":5},{"damage":58,"enemies":"Book of Stabbing","floor":25,"turns":6},{"damage":24,"enemies":"Shelled Parasite and Fungi","floor":27,"turns":3},{"damage":28,"enemies":"Centurion and Healer","floor":28,"turns":6},{"damage":9,"enemies":"Gremlin Leader","floor":30,"turns":5},{"damage":27,"enemies":"Snecko","floor":31,"turns":5},{"damage":81,"enemies":"Collector","floor":33,"turns":6},{"damage":6,"enemies":"Orb Walker","floor":35,"turns":3},{"damage":7,"enemies":"3 Shapes","floor":36,"turns":3},{"damage":18,"enemies":"Mind Bloom Boss Battle","floor":37,"turns":4},{"damage":37,"enemies":"3 Darklings","floor":39,"turns":5},{"damage":20,"enemies":"Nemesis","floor":41,"turns":5},{"damage":65,"enemies":"Reptomancer","floor":46,"turns":3},{"damage":25,"enemies":"Jaw Worm Horde","floor":48,"turns":3},{"damage":50,"enemies":"Donu and Deca","floor":50,"turns":6}],"seed_played":"-3485789263150422179","potions_obtained":[{"floor":1,"key":"HeartOfIron"},{"floor":8,"key":"Weak Potion"},{"floor":12,"key":"AttackPotion"},{"floor":16,"key":"Ancient Potion"},{"floor":18,"key":"Block Potion"},{"floor":30,"key":"PowerPotion"},{"floor":31,"key":"AttackPotion"},{"floor":33,"key":"EntropicBrew"},{"floor":35,"key":"ColorlessPotion"},{"floor":36,"key":"SkillPotion"},{"floor":37,"key":"Strength Potion"},{"floor":39,"key":"ColorlessPotion"},{"floor":41,"key":"SpeedPotion"}],"is_trial":false,"path_per_floor":["M","?","?","T","M","E","R","M","T","R","E","M","M","M","R","B",null,"M","?","?","M","$","E","R","E","T","M","M","?","E","M","R","B",null,"M","M","?","?","M","R","E","R","T","$","?","E","$","M","R","B",null],"character_chosen":"IRONCLAD","items_purchased":["Lizard Tail","Toolbox","Enlightenment","Fiend Fire","Ancient Tea Set","Secret Weapon","Fire Breathing"],"campfire_rested":1,"item_purchase_floors":[22,22,44,44,44,44,47],"current_hp_per_floor":[80,80,80,80,79,69,69,74,74,74,67,80,73,70,70,76,80,68,68,68,80,80,80,80,36,36,18,12,12,9,48,48,30,80,80,79,80,80,80,80,80,80,80,80,70,24,24,39,80,80],"gold":90,"neow_bonus":"TRANSFORM_CARD","is_daily":false,"chose_seed":false,"campfire_upgraded":4,"win_rate":0.0,"timestamp":1608803737,"path_taken":["M","?","?","?","?","E","R","M","T","R","E","M","M","M","R","BOSS","M","?","?","M","$","E","R","E","T","?","M","?","E","M","R","BOSS","M","M","?","?","M","R","E","R","T","$","?","E","?","M","R","BOSS"],"items_purchased_type":["Relic","Relic","Card","Card","Relic","Card","Card"],"build_version":"2020-12-22","purchased_purges":1,"victory":true,"max_hp_per_floor":[80,80,80,80,80,80,80,80,80,80,80,80,80,80,80,80,80,80,80,80,80,80,80,80,80,80,80,80,80,80,80,80,80,80,80,80,80,80,80,80,80,80,80,80,80,80,80,80,80,80],"card_choices":[{"not_picked":["Shrug It Off","Clash"],"picked":"Power Through","floor":1},{"not_picked":["Sever Soul","True Grit"],"picked":"Flex","floor":5},{"not_picked":["Body Slam","Evolve"],"picked":"Battle Trance","floor":6},{"not_picked":["Burning Pact","Battle Trance"],"picked":"Reaper","floor":8},{"not_picked":["Body Slam","Intimidate"],"picked":"Headbutt","floor":11},{"not_picked":["Body Slam","Wild Strike"],"picked":"Twin Strike","floor":12},{"not_picked":["Wild Strike","Whirlwind"],"picked":"Berserk","floor":13},{"not_picked":["Clash","Twin Strike"],"picked":"Uppercut","floor":14},{"not_picked":["Offering","Fiend Fire"],"picked":"Demon Form","floor":16},{"not_picked":["True Grit","Body Slam"],"picked":"Metallicize","floor":18},{"not_picked":["Feel No Pain","Sword Boomerang"],"picked":"Iron Wave","floor":21},{"not_picked":["Reckless Charge","Sever Soul"],"picked":"Pommel Strike","floor":23},{"not_picked":["Pommel Strike","Brutality"],"picked":"Rage","floor":25},{"not_picked":["True Grit+1","Sword Boomerang"],"picked":"Twin Strike+1","floor":27},{"not_picked":["Shrug It Off","Heavy Blade"],"picked":"Flex","floor":28},{"not_picked":["Body Slam","Dual Wield"],"picked":"Reaper","floor":30},{"not_picked":["Power Through","Thunderclap+1"],"picked":"Ghostly Armor","floor":31},{"not_picked":["Berserk","Fiend Fire"],"picked":"Limit Break","floor":33},{"not_picked":["Body Slam","Wild Strike"],"picked":"Carnage+1","floor":35},{"not_picked":["True Grit+1","Evolve"],"picked":"Searing Blow+1","floor":36},{"not_picked":["Shrug It Off","Pummel"],"picked":"Rage","floor":37},{"not_picked":["Shrug It Off","Burning Pact"],"picked":"Carnage","floor":39},{"not_picked":["Pommel Strike+1","Power Through+1"],"picked":"Heavy Blade+1","floor":41},{"not_picked":["Cleave","Clash"],"picked":"Flex+1","floor":46},{"not_picked":["True Grit","Pommel Strike","Thunderclap"],"picked":"SKIP","floor":48}],"player_experience":51936,"relics_obtained":[{"floor":4,"key":"Girya"},{"floor":6,"key":"Self Forming Clay"},{"floor":9,"key":"Bronze Scales"},{"floor":11,"key":"Vajra"},{"floor":23,"key":"Pen Nib"},{"floor":25,"key":"Ice Cream"},{"floor":26,"key":"Matryoshka"},{"floor":30,"key":"White Beast Statue"},{"floor":37,"key":"Pocketwatch"},{"floor":41,"key":"Mercury Hourglass"},{"floor":43,"key":"Anchor"},{"floor":43,"key":"Eternal Feather"},{"floor":46,"key":"Bottled Lightning"}],"event_choices":[{"damage_healed":0,"gold_gain":0,"player_choice":"Leave","damage_taken":0,"max_hp_gain":0,"max_hp_loss":0,"event_name":"The Cleric","floor":2,"gold_loss":0},{"damage_healed":0,"gold_gain":0,"player_choice":"Take Wound","damage_taken":0,"relics_obtained":["Golden Idol"],"max_hp_gain":0,"max_hp_loss":0,"event_name":"Golden Idol","floor":3,"gold_loss":0,"cards_obtained":["Injury"]},{"damage_healed":0,"gold_gain":0,"player_choice":"Obtain J.A.X.","damage_taken":0,"max_hp_gain":0,"max_hp_loss":0,"event_name":"Drug Dealer","floor":19,"gold_loss":0,"cards_obtained":["J.A.X."]},{"damage_healed":0,"gold_gain":0,"player_choice":"3 cards matched","damage_taken":0,"max_hp_gain":0,"max_hp_loss":0,"event_name":"Match and Keep!","floor":20,"gold_loss":0,"cards_obtained":["Bash","Entrench","Sword Boomerang"]},{"damage_healed":0,"gold_gain":0,"player_choice":"Obtained Relic","damage_taken":0,"relics_obtained":["War Paint"],"max_hp_gain":0,"max_hp_loss":0,"event_name":"Addict","floor":29,"gold_loss":85},{"damage_healed":0,"gold_gain":0,"player_choice":"Fight","damage_taken":0,"max_hp_gain":0,"max_hp_loss":0,"event_name":"MindBloom","floor":37,"gold_loss":0},{"damage_healed":0,"gold_gain":333,"player_choice":"Gave Idol","damage_taken":0,"max_hp_gain":0,"max_hp_loss":0,"event_name":"The Moai Head","floor":38,"relics_lost":["Golden Idol"],"gold_loss":0},{"damage_healed":0,"gold_gain":0,"player_choice":"Embrace Madness","damage_taken":10,"max_hp_gain":0,"max_hp_loss":0,"event_name":"Winding Halls","floor":45,"gold_loss":0,"cards_obtained":["Madness","Madness"]}],"is_beta":false,"boss_relics":[{"not_picked":["Black Blood","Fusion Hammer"],"picked":"SlaversCollar"},{"not_picked":["Calling Bell","Coffee Dripper"],"picked":"Runic Pyramid"}],"items_purged_floors":[44],"is_endless":false,"potions_floor_spawned":[1,8,12,16,18,30,31,33,35,36,37,39,41,46,48],"ascension_level":0}}