{"host":"wi1dz5t8299iil0b","time":1608773764,"event":{"mods":["2.2 Compatiblity","Act Like it!","Aspiration","Astrologer","BaseMod","Beaked The Cultist","Better Match","Better Note","Better Sensory Stone","Better Synergies","Better Third Choice","BetterRewards","Colored Map","Colored Powertips","Communication Mod","Conjunction","Conspire","Downfall","Fiend Mod","Friendly Minions","GifTheSpireLib","GungeonMod","Halation","Hallownest","Highlight Path","Hubris","Infinite Spire","Jedi Mod","Lobotomy","Mad Scientist","Minty Spire (QoL Compilation)","Pale of the Ancients","Permanent Neow","Potionbrewer","RNG Fix","Replay The Spire","Shade Mod","Shop Mod","Spikes Relics","StSLib","Stuff the Spire","The Blackbeard","The Bladedancer","The Blue Laboratory","The Bug Knight","The Construct","The Cursed","The Death Knight","The Druid","The Necromancer","The Problem Sleuth","The Sage","TheHeartMod","TheVacant","Trackpad","Wandering Minibosses"],"gold_per_floor":[118,118,118,138,157,183,183,218,292,292,145,115,115,115,115,218,218,236,286,286,286],"floor_reached":20,"playtime":1687,"items_purged":[],"score":187,"play_id":"1447d7aa-e899-4381-b296-bc6585bbb3e3","local_time":"20201223203604","is_ascension_mode":true,"campfire_choices":[{"floor":7,"key":"REST"},{"floor":15,"key":"REST"}],"circlet_count":0,"master_deck":["MadScienceMod:Strike_MadScience","MadScienceMod:Strike_MadScience","MadScienceMod:Strike_MadScience","MadScienceMod:Strike_MadScience","MadScienceMod:Defend_MadScience","MadScienceMod:Defend_MadScience","MadScienceMod:Defend_MadScience","MadScienceMod:PoweredStrike","MadScienceMod:HideBehindJunk+1","MadScienceMod:Refine","MadScienceMod:OilDrum","ReplayTheSpireMod:Chaos Vortex","MadScienceMod:RecyclingStation","MadScienceMod:EnergyBarrier","MadScienceMod:Booster","MadScienceMod:Reconstitute","MadScienceMod:Sprocket+1","MadScienceMod:RecyclingStation+1"],"relics":["MadScienceMod:FuelTank","Gremlin Horn","Lantern","Pear","infinitespire:Bottled Soul","Juzu Bracelet","conspire:SpecialSausage","infinitespire:EmpoweringShard"],"acts_visited":["Exordium","TheCity"],"potions_floor_usage":[6,8,18,18],"damage_taken":[{"damage":5,"enemies":"Jaw Worm","floor":1,"turns":5},{"damage":0,"enemies":"2 Louse","floor":4,"turns":4},{"damage":0,"enemies":"Cultist","floor":5,"turns":5},{"damage":6,"enemies":"HollowMod:MossKnight","floor":6,"turns":9},{"damage":41,"enemies":"3 Sentries","floor":8,"turns":19},{"damage":0,"enemies":"Looter","floor":12,"turns":4},{"damage":60,"enemies":"Fading Forest","floor":16,"turns":11},{"damage":19,"enemies":"conspire:FuzzyDice","floor":18,"turns":12},{"damage":31,"enemies":"conspire:MimicChest","floor":19,"turns":12},{"damage":42,"enemies":"3 Byrds","floor":20,"turns":6}],"seed_played":"-7817564987158429822","potions_obtained":[{"floor":4,"key":"blueLaboratory:FruitPunch"},{"floor":6,"key":"potionbrewer:DiscountPotion"},{"floor":8,"key":"DeathKnight:RimePotion"},{"floor":16,"key":"Explosive Potion"}],"is_trial":false,"path_per_floor":["M","?","T","M","M","E","R","E","T","?","$","M","$","?","R","B",null,"M","?","M"],"character_chosen":"MAD_SCIENTIST","items_purchased":["Juzu Bracelet"],"campfire_rested":2,"item_purchase_floors":[11],"current_hp_per_floor":[70,52,52,52,52,49,72,41,41,41,41,41,41,34,60,21,88,69,38,0,0],"gold":286,"neow_bonus":"ONE_RANDOM_RARE_CARD","is_daily":false,"chose_seed":false,"campfire_upgraded":0,"win_rate":0.0,"timestamp":1608773764,"path_taken":["M","?","?","?","M","E","R","E","T","?","$","M","?","?","R","BOSS","M","?","M"],"items_purchased_type":["Relic"],"build_version":"2020-12-22","purchased_purges":0,"victory":false,"max_hp_per_floor":[75,75,75,75,75,78,78,88,88,88,88,88,88,88,88,88,88,88,88,88,88],"card_choices":[{"not_picked":["MadScienceMod:Strafe","MadScienceMod:LightOnFire"],"picked":"MadScienceMod:OilDrum","floor":1},{"not_picked":["hubris:Fate","infinitespire:FutureSight"],"picked":"ReplayTheSpireMod:Chaos Vortex","floor":2},{"not_picked":["MadScienceMod:Lightbulb","MadScienceMod:Detonate"],"picked":"MadScienceMod:RecyclingStation","floor":4},{"not_picked":["MadScienceMod:Weaponize","MadScienceMod:Strafe"],"picked":"MadScienceMod:EnergyBarrier","floor":5},{"not_picked":["MadScienceMod:NowOrNever","MadScienceMod:Strafe","MadScienceMod:Virus"],"picked":"SKIP","floor":6},{"not_picked":["MadScienceMod:RecyclingStation","MadScienceMod:CaptureMomentum"],"picked":"MadScienceMod:Booster","floor":8},{"not_picked":["MadScienceMod:FragmentationGrenade","MadScienceMod:ImposingConstruct","MadScienceMod:ShrinkRay"],"picked":"SKIP","floor":12},{"not_picked":["MadScienceMod:GatherParts","MadScienceMod:Automate"],"picked":"MadScienceMod:Reconstitute","floor":16},{"not_picked":["MadScienceMod:Probe","MadScienceMod:OilDrum+1"],"picked":"MadScienceMod:Sprocket+1","floor":18},{"not_picked":["MadScienceMod:ExploreOptions+1","MadScienceMod:Redesign"],"picked":"MadScienceMod:RecyclingStation+1","floor":19}],"player_experience":150541,"relics_obtained":[{"floor":3,"key":"Gremlin Horn"},{"floor":6,"key":"Lantern"},{"floor":8,"key":"Pear"},{"floor":9,"key":"infinitespire:Bottled Soul"},{"floor":19,"key":"infinitespire:EmpoweringShard"}],"event_choices":[{"cards_removed":["MadScienceMod:Defend_MadScience"],"damage_healed":0,"gold_gain":0,"player_choice":"Card Removal","damage_taken":7,"max_hp_gain":0,"max_hp_loss":0,"event_name":"Golden Wing","floor":14,"gold_loss":0}],"is_beta":false,"boss_relics":[{"not_picked":["trackpad:Coffee","aspiration:PoetsPen_weak"],"picked":"conspire:SpecialSausage"}],"items_purged_floors":[],"is_endless":false,"potions_floor_spawned":[4,6,8,16],"killed_by":"3 Byrds","ascension_level":1}}