{"host":"xko5sdb82mf02c09","time":1608799344,"event":{"mods":["AchievementEnabler","BaseMod","Colored Map","Minty Spire (QoL Compilation)","Quick Restart","StSLib","everything is the same but u backflip on backflip"],"gold_per_floor":[110,48,67,78,88,114,128,157,157,177,177,177,194,207,207,286,286,300,350,350,350,361,361,371,396,396,409,423,423,433,453,453,453,453],"floor_reached":33,"playtime":1278,"items_purged":[],"score":595,"play_id":"210400bc-90d8-4605-aceb-3d8ccd8b0ea0","local_time":"20201224174224","is_ascension_mode":true,"campfire_choices":[{"data":"Reprogram","floor":12,"key":"SMITH"},{"data":"FTL","floor":15,"key":"SMITH"},{"data":"FTL","floor":23,"key":"SMITH"},{"data":"Hologram","floor":29,"key":"SMITH"},{"data":"FTL","floor":32,"key":"SMITH"}],"circlet_count":0,"master_deck":["AscendersBane","Strike_B","Strike_B","Strike_B","Strike_B","Defend_B","Defend_B","Defend_B","Defend_B","Zap","Dualcast","FTL+1","Self Repair","Gash","FTL+1","BootSequence","Reprogram+1","Reprogram+1","All For One","Streamline","Machine Learning","FTL+1","FTL","Steam","Hologram+1","Double Energy+1","Turbo"],"relics":["Cracked Core","NeowsBlessing","Nunchaku","Toy Ornithopter","Oddly Smooth Stone","Bronze Scales","Runic Pyramid","Eternal Feather","Ornamental Fan"],"acts_visited":["Exordium","TheCity"],"potions_floor_usage":[6,8,16,21,25,25,28,30,33],"damage_taken":[{"damage":0,"enemies":"Cultist","floor":1,"turns":1},{"damage":0,"enemies":"Small Slimes","floor":3,"turns":1},{"damage":0,"enemies":"2 Louse","floor":4,"turns":1},{"damage":6,"enemies":"Blue Slaver","floor":5,"turns":3},{"damage":39,"enemies":"Gremlin Nob","floor":6,"turns":4},{"damage":2,"enemies":"Looter","floor":7,"turns":3},{"damage":34,"enemies":"Lagavulin","floor":8,"turns":8},{"damage":4,"enemies":"Lots of Slimes","floor":10,"turns":4},{"damage":6,"enemies":"Exordium Thugs","floor":13,"turns":5},{"damage":0,"enemies":"Large Slime","floor":14,"turns":5},{"damage":16,"enemies":"Hexaghost","floor":16,"turns":9},{"damage":16,"enemies":"Spheric Guardian","floor":18,"turns":6},{"damage":15,"enemies":"3 Byrds","floor":22,"turns":3},{"damage":21,"enemies":"Snake Plant","floor":24,"turns":4},{"damage":35,"enemies":"Book of Stabbing","floor":25,"turns":5},{"damage":14,"enemies":"Centurion and Healer","floor":27,"turns":5},{"damage":9,"enemies":"3 Cultists","floor":28,"turns":5},{"damage":0,"enemies":"Chosen and Byrds","floor":30,"turns":5},{"damage":0,"enemies":"Snake Plant","floor":31,"turns":5},{"damage":87,"enemies":"Collector","floor":33,"turns":9}],"seed_played":"1430098884163158175","potions_obtained":[{"floor":3,"key":"EssenceOfSteel"},{"floor":4,"key":"SpeedPotion"},{"floor":5,"key":"PotionOfCapacity"},{"floor":14,"key":"Weak Potion"},{"floor":16,"key":"ColorlessPotion"},{"floor":21,"key":"Fruit Juice"},{"floor":21,"key":"BlessingOfTheForge"},{"floor":27,"key":"BlessingOfTheForge"},{"floor":28,"key":"Fire Potion"},{"floor":30,"key":"LiquidBronze"}],"is_trial":false,"path_per_floor":["M","?","M","M","M","E","M","E","T","M","?","R","M","M","R","B",null,"M","?","?","?","M","R","M","E","T","M","M","R","M","M","R","B"],"character_chosen":"DEFECT","items_purchased":[],"campfire_rested":0,"item_purchase_floors":[],"current_hp_per_floor":[64,64,64,64,65,33,38,16,16,19,19,19,20,27,27,23,59,50,50,50,60,52,52,38,20,20,13,16,31,43,50,65,0,0],"gold":453,"neow_bonus":"THREE_ENEMY_KILL","is_daily":false,"chose_seed":false,"campfire_upgraded":5,"win_rate":0.0,"timestamp":1608799344,"path_taken":["M","?","M","?","?","E","M","E","T","M","?","R","?","M","R","BOSS","M","?","?","?","?","R","M","E","T","M","M","R","M","M","R","BOSS"],"items_purchased_type":[],"build_version":"2020-12-22","purchased_purges":0,"victory":false,"max_hp_per_floor":[71,71,71,71,71,71,71,71,71,71,71,71,71,71,71,71,71,71,71,71,76,76,76,76,76,76,76,76,76,76,76,76,76,76],"card_choices":[{"not_picked":["Compile Driver","Coolheaded"],"picked":"FTL","floor":1},{"not_picked":["Genetic Algorithm","Hologram"],"picked":"Self Repair","floor":3},{"not_picked":["Turbo","Genetic Algorithm"],"picked":"Gash","floor":4},{"not_picked":["Chill","Recycle","Barrage"],"picked":"SKIP","floor":5},{"not_picked":["Undo","Melter"],"picked":"FTL","floor":6},{"not_picked":["Cold Snap","Steam"],"picked":"BootSequence","floor":7},{"not_picked":["Coolheaded","Storm"],"picked":"Reprogram","floor":8},{"not_picked":["Turbo","Compile Driver"],"picked":"Reprogram","floor":10},{"not_picked":["Leap","Cold Snap"],"picked":"All For One","floor":13},{"not_picked":["Compile Driver","Loop"],"picked":"Streamline","floor":14},{"not_picked":["Rainbow","Biased Cognition"],"picked":"Machine Learning","floor":16},{"not_picked":["Sweeping Beam","Storm+1"],"picked":"FTL","floor":18},{"not_picked":["Loop","Hologram"],"picked":"FTL","floor":22},{"not_picked":["Scrape","Gash"],"picked":"Steam","floor":24},{"not_picked":["Sweeping Beam","Rainbow"],"picked":"Hologram","floor":25},{"not_picked":["Redo","Compile Driver","Sunder+1"],"picked":"SKIP","floor":27},{"not_picked":["Redo","Turbo"],"picked":"Double Energy+1","floor":28},{"not_picked":["Rip and Tear","Rebound"],"picked":"Turbo","floor":30},{"not_picked":["Rebound","Glacier","Genetic Algorithm"],"picked":"SKIP","floor":31}],"player_experience":457183,"relics_obtained":[{"floor":6,"key":"Toy Ornithopter"},{"floor":8,"key":"Oddly Smooth Stone"},{"floor":9,"key":"Bronze Scales"},{"floor":25,"key":"Eternal Feather"},{"floor":26,"key":"Ornamental Fan"}],"event_choices":[{"damage_healed":0,"gold_gain":0,"player_choice":"Paid Gold","damage_taken":0,"relics_obtained":["Nunchaku"],"max_hp_gain":0,"max_hp_loss":0,"event_name":"WeMeetAgain","floor":2,"gold_loss":62},{"damage_healed":0,"gold_gain":0,"player_choice":"Upgraded","damage_taken":0,"max_hp_gain":0,"max_hp_loss":0,"event_name":"Upgrade Shrine","floor":11,"gold_loss":0,"cards_upgraded":["Reprogram"]},{"damage_healed":0,"gold_gain":50,"player_choice":"Stole From Cult","damage_taken":0,"max_hp_gain":0,"max_hp_loss":0,"event_name":"Nest","floor":19,"gold_loss":0},{"damage_healed":0,"gold_gain":0,"player_choice":"Ignored","damage_taken":0,"max_hp_gain":0,"max_hp_loss":0,"event_name":"Ghosts","floor":20,"gold_loss":0},{"damage_healed":0,"gold_gain":0,"player_choice":"Got Potions","damage_taken":0,"max_hp_gain":0,"max_hp_loss":0,"event_name":"Lab","floor":21,"gold_loss":0}],"is_beta":false,"boss_relics":[{"not_picked":["SlaversCollar","FrozenCore"],"picked":"Runic Pyramid"}],"items_purged_floors":[],"is_endless":false,"potions_floor_spawned":[3,4,5,14,16,24,27,28,30],"killed_by":"Collector","ascension_level":20}}