{"host":"mt3nndg5ku536gxi","time":1608782485,"event":{"mods":["BaseMod","Colored Powertips","Minty Spire (QoL Compilation)","Permanent Neow","Quick Restart","StSLib","UnlockEverythingMod"],"gold_per_floor":[110,35,35,45,45,45,64,91,116,131,160,177,206,224,224,295,295,308,6,6,20,39,70,80,80,80],"floor_reached":25,"playtime":1483,"items_purged":["Strike_P","Strike_P"],"score":490,"play_id":"31a45604-ff7e-4696-ac27-e975adf605fe","local_time":"20201224120125","is_ascension_mode":true,"campfire_choices":[{"data":"Eruption","floor":6.0,"key":"SMITH"},{"floor":15.0,"key":"REST"}],"circlet_count":0,"master_deck":["AscendersBane","Strike_P","Strike_P","Defend_P","Defend_P","Defend_P","Eruption+1","Vigilance","Adaptation","Conclude","CarveReality","ClearTheMind","CutThroughFate+1","BowlingBash+1","LikeWater","Meditate","DevaForm","EmptyMind","Wireheading","Fasting2"],"relics":["Black Star","Strawberry","Molten Egg 2","Shuriken","Tiny Chest","HornCleat","Bronze Scales","TeardropLocket","Bag of Preparation","Runic Dome","Medical Kit","Meat on the Bone","Boot"],"acts_visited":["Exordium","TheCity"],"potions_floor_usage":[],"damage_taken":[{"damage":0.0,"enemies":"2 Louse","floor":1.0,"turns":4.0},{"damage":2.0,"enemies":"Jaw Worm","floor":4.0,"turns":4.0},{"damage":0.0,"enemies":"Small Slimes","floor":7.0,"turns":1.0},{"damage":16.0,"enemies":"Gremlin Nob","floor":8.0,"turns":3.0},{"damage":0.0,"enemies":"Gremlin Gang","floor":10.0,"turns":2.0},{"damage":7.0,"enemies":"3 Sentries","floor":11.0,"turns":3.0},{"damage":5.0,"enemies":"Blue Slaver","floor":12.0,"turns":4.0},{"damage":6.0,"enemies":"Lagavulin","floor":13.0,"turns":3.0},{"damage":11.0,"enemies":"Exordium Thugs","floor":14.0,"turns":2.0},{"damage":19.0,"enemies":"The Guardian","floor":16.0,"turns":8.0},{"damage":0.0,"enemies":"Spheric Guardian","floor":18.0,"turns":3.0},{"damage":6.0,"enemies":"2 Thieves","floor":21.0,"turns":2.0},{"damage":11.0,"enemies":"Sentry and Sphere","floor":22.0,"turns":5.0},{"damage":26.0,"enemies":"Slavers","floor":23.0,"turns":6.0},{"damage":1.0,"enemies":"Cultist and Chosen","floor":24.0,"turns":3.0},{"damage":33,"enemies":"Book of Stabbing","floor":25,"turns":4}],"seed_played":"838186315276990844","potions_obtained":[{"floor":4.0,"key":"SpeedPotion"},{"floor":8.0,"key":"EssenceOfSteel"},{"floor":10.0,"key":"Swift Potion"},{"floor":12.0,"key":"Fruit Juice"},{"floor":14.0,"key":"ColorlessPotion"},{"floor":18.0,"key":"Block Potion"},{"floor":21.0,"key":"Fire Potion"}],"is_trial":false,"path_per_floor":["M","$","?","M","?","R","M","E","T","M","E","M","E","M","R","B",null,"M","$","?","M","M","E","M","E"],"character_chosen":"WATCHER","items_purchased":["EmptyMind","Medical Kit"],"campfire_rested":1,"item_purchase_floors":[19,19],"current_hp_per_floor":[61,61,50,48,41,41,41,25,25,25,18,18,12,1,25,6,62,62,62,62,56,45,19,30,0,0],"gold":80,"neow_bonus":"BOSS_RELIC","is_daily":false,"chose_seed":false,"campfire_upgraded":1,"win_rate":0.0,"timestamp":1608782485,"path_taken":["M","$","?","M","?","R","M","E","T","M","E","M","E","M","R","BOSS","M","$","?","M","M","E","M","E"],"items_purchased_type":["Card","Relic"],"build_version":"2020-12-22","purchased_purges":2,"victory":false,"max_hp_per_floor":[68,68,75,75,75,75,75,75,75,75,75,80,80,80,80,80,80,80,80,80,80,80,80,80,80,80],"card_choices":[{"not_picked":["Consecrate","SandsOfTime"],"picked":"Adaptation","floor":1.0},{"not_picked":["FlyingSleeves","Vengeance"],"picked":"Conclude","floor":4.0},{"not_picked":["SashWhip","Indignation"],"picked":"CarveReality","floor":7.0},{"not_picked":["Protect","Worship"],"picked":"ClearTheMind","floor":8.0},{"not_picked":["FollowUp+1","Conclude+1","PathToVictory"],"picked":"SKIP","floor":10.0},{"not_picked":["Protect","Adaptation"],"picked":"CutThroughFate+1","floor":11.0},{"not_picked":["Consecrate+1","WheelKick+1"],"picked":"BowlingBash+1","floor":12.0},{"not_picked":["Alpha","Consecrate+1"],"picked":"LikeWater","floor":13.0},{"not_picked":["ThirdEye","CutThroughFate+1"],"picked":"Meditate","floor":14.0},{"not_picked":["Establishment","SpiritShield"],"picked":"DevaForm","floor":16.0},{"not_picked":["ThirdEye","BowlingBash+1","Consecrate+1"],"picked":"SKIP","floor":18.0},{"not_picked":["Protect","PathToVictory","SashWhip+1"],"picked":"SKIP","floor":21.0},{"not_picked":["Protect","Study","EmptyFist+1"],"picked":"SKIP","floor":22.0},{"not_picked":["ThirdEye","BowlingBash+1"],"picked":"Wireheading","floor":23.0},{"not_picked":["WindmillStrike+1","BowlingBash+1"],"picked":"Fasting2","floor":24.0}],"player_experience":161480,"relics_obtained":[{"floor":8.0,"key":"Molten Egg 2"},{"floor":8.0,"key":"Shuriken"},{"floor":9.0,"key":"Tiny Chest"},{"floor":11.0,"key":"HornCleat"},{"floor":11.0,"key":"Bronze Scales"},{"floor":13.0,"key":"TeardropLocket"},{"floor":13.0,"key":"Bag of Preparation"},{"floor":23.0,"key":"Meat on the Bone"},{"floor":23.0,"key":"Boot"}],"event_choices":[{"damage_healed":0.0,"max_hp_gain":0.0,"max_hp_loss":0.0,"gold_gain":0.0,"event_name":"Scrap Ooze","player_choice":"Success","floor":3.0,"gold_loss":0.0,"damage_taken":18.0,"relics_obtained":["Strawberry"]},{"cards_removed":["Defend_P"],"damage_healed":0.0,"max_hp_gain":0.0,"max_hp_loss":0.0,"gold_gain":0.0,"event_name":"Golden Wing","player_choice":"Card Removal","floor":5.0,"gold_loss":0.0,"damage_taken":7.0},{"damage_healed":0.0,"max_hp_gain":0.0,"max_hp_loss":0.0,"gold_gain":0.0,"event_name":"Vampires","player_choice":"Ignored","floor":20.0,"gold_loss":0.0,"damage_taken":0.0}],"is_beta":false,"boss_relics":[{"not_picked":["VioletLotus","Empty Cage"],"picked":"Runic Dome"}],"items_purged_floors":[2,19],"is_endless":false,"potions_floor_spawned":[4,8,10,12,14,18,21],"killed_by":"Book of Stabbing","ascension_level":20}}