{"host":"uyp13icwa33nzjib","time":1608833397,"event":{"mods":["AchievementEnabler","BaseMod","BetterRewards","Colored Map","Colored Powertips","Defuse TimeMaze Blight","Infinite Spire","Mimic Mod","Minty Spire (QoL Compilation)","Quick Restart","Relic Stats","Replay The Spire","StSLib","UnlockEverythingMod"],"gold_per_floor":[110,121,141,316,331,331,366,366],"floor_reached":7,"playtime":136,"items_purged":[],"score":53,"play_id":"8b1622b0-b9cb-419c-85bd-6aa434c29807","local_time":"20201224130957","daily_mods":["Red Cards","Green Cards","Blue Cards","Purple Cards","Heirloom","DeadlyEvents","Lethality","Uncertain Future"],"is_ascension_mode":false,"campfire_choices":[{"data":"Pummel","floor":6,"key":"SMITH"}],"circlet_count":0,"master_deck":["Strike_R","Strike_R","Strike_R","Strike_R","Strike_R","Defend_R","Defend_R","Defend_R","Defend_R","Bash","Sweeping Beam","Pummel+1","Doubt","Thunderclap"],"relics":["Burning Blood","Ice Cream","infinitespire:FocusingShard"],"acts_visited":["Exordium"],"potions_floor_usage":[],"damage_taken":[{"damage":0,"enemies":"Small Slimes","floor":1,"turns":2},{"damage":9,"enemies":"Jaw Worm","floor":2,"turns":2},{"damage":0,"enemies":"Cultist","floor":3,"turns":2},{"damage":24,"enemies":"Gremlin Gang","floor":5,"turns":3},{"damage":17,"enemies":"Gremlin Nob","floor":7,"turns":3}],"seed_played":"1519230282732178732","potions_obtained":[{"floor":5,"key":"SkillPotion"}],"is_trial":true,"path_per_floor":["M","M","M","?","M","R","E"],"character_chosen":"IRONCLAD","items_purchased":[],"campfire_rested":0,"item_purchase_floors":[],"current_hp_per_floor":[80,77,80,80,62,62,51,51],"gold":366,"neow_bonus":"","is_daily":false,"chose_seed":false,"campfire_upgraded":1,"win_rate":0.0,"timestamp":1608833397,"path_taken":["M","M","M","?","M","R","E"],"items_purchased_type":[],"build_version":"2020-12-22","purchased_purges":0,"victory":false,"max_hp_per_floor":[80,80,80,80,80,80,80,80],"relic_stats":{"counters":[5,12],"obtain_stats":[{"Ice Cream":0,"infinitespire:FocusingShard":7,"Burning Blood":0},{"Ice Cream":0,"infinitespire:FocusingShard":5,"Burning Blood":0},{"Ice Cream":0,"infinitespire:FocusingShard":12,"Burning Blood":0}],"Burning Blood":21},"card_choices":[{"not_picked":["Turbo","Gash","Hidden Blade"],"picked":"SKIP","floor":1},{"not_picked":["Blade Dance","Warcry"],"picked":"Sweeping Beam","floor":2},{"not_picked":["Auto Shields","Consecrate"],"picked":"Pummel","floor":3},{"not_picked":["Blade Dance","Barrage"],"picked":"Thunderclap","floor":5}],"player_experience":313506,"relics_obtained":[{"floor":7,"key":"infinitespire:FocusingShard"}],"event_choices":[{"damage_healed":0,"gold_gain":175,"player_choice":"AGREE","damage_taken":0,"max_hp_gain":0,"max_hp_loss":0,"event_name":"Liars Game","floor":4,"gold_loss":0,"cards_obtained":["Doubt"]}],"is_beta":false,"boss_relics":[],"items_purged_floors":[],"is_endless":false,"potions_floor_spawned":[5],"killed_by":"Gremlin Nob","ascension_level":0}}