{"host":"1637j8siz7lzgd5k","time":1608818388,"event":{"mods":["BaseMod","Colored Map","Minty Spire (QoL Compilation)","StSLib","SuperFastMode"],"gold_per_floor":[110,110,110,110,35,35,56,56,56,56,56,72,72,92,92,92,92],"floor_reached":16,"playtime":163,"items_purged":["Strike_P"],"score":150,"play_id":"d59472d2-a249-483e-9e6b-dc059e8c3e60","local_time":"20201224225948","is_ascension_mode":true,"campfire_choices":[{"data":"LessonLearned","floor":6,"key":"SMITH"},{"data":"SandsOfTime","floor":8,"key":"SMITH"},{"data":"Eruption","floor":13,"key":"SMITH"},{"floor":15,"key":"REST"}],"circlet_count":0,"master_deck":["AscendersBane","Strike_P","Strike_P+1","Defend_P","Defend_P","Defend_P","Defend_P","Eruption+1","Vigilance","SandsOfTime+1","LessonLearned+1","ClearTheMind+1"],"relics":["VioletLotus","Pear","Golden Idol","Frozen Egg 2","White Beast Statue"],"acts_visited":["Exordium"],"potions_floor_usage":[16],"damage_taken":[{"damage":4,"enemies":"2 Louse","floor":1,"turns":3},{"damage":0,"enemies":"Jaw Worm","floor":7,"turns":3},{"damage":7,"enemies":"Small Slimes","floor":12,"turns":3},{"damage":17,"enemies":"Exordium Wildlife","floor":14,"turns":6},{"damage":0,"enemies":"Slime Boss","floor":16,"turns":4}],"seed_played":"-312761972474911968","potions_obtained":[{"floor":12,"key":"Explosive Potion"},{"floor":14,"key":"Regen Potion"}],"is_trial":false,"path_per_floor":["M","?","?","?","$","R","M","R","T","$","T","M","R","M","R","B"],"character_chosen":"WATCHER","items_purchased":[],"campfire_rested":1,"item_purchase_floors":[],"current_hp_per_floor":[57,49,49,30,30,30,30,30,30,30,30,23,23,6,29,41,41],"gold":92,"neow_bonus":"BOSS_RELIC","is_daily":false,"chose_seed":false,"campfire_upgraded":3,"win_rate":0.0,"timestamp":1608818388,"path_taken":["M","?","?","?","$","R","?","R","T","$","?","M","R","M","R","BOSS"],"items_purchased_type":[],"build_version":"2020-12-22","purchased_purges":1,"victory":false,"max_hp_per_floor":[68,78,78,78,78,78,78,78,78,78,78,78,78,78,78,78,78],"card_choices":[{"not_picked":["Prostrate","CrushJoints"],"picked":"SandsOfTime","floor":1},{"not_picked":["Consecrate","Halt"],"picked":"ClearTheMind","floor":7},{"not_picked":["SashWhip","BowlingBash","Weave"],"picked":"SKIP","floor":12},{"not_picked":["Pray","ForeignInfluence","Evaluate"],"picked":"SKIP","floor":14}],"player_experience":815972,"relics_obtained":[{"floor":9,"key":"Frozen Egg 2"},{"floor":11,"key":"White Beast Statue"}],"event_choices":[{"damage_healed":0,"gold_gain":0,"player_choice":"Success","damage_taken":18,"relics_obtained":["Pear"],"max_hp_gain":0,"max_hp_loss":0,"event_name":"Scrap Ooze","floor":2,"gold_loss":0},{"damage_healed":0,"gold_gain":0,"cards_transformed":["Strike_P"],"player_choice":"Change","damage_taken":0,"max_hp_gain":0,"max_hp_loss":0,"event_name":"Living Wall","floor":3,"gold_loss":0,"cards_obtained":["LessonLearned"]},{"damage_healed":0,"gold_gain":0,"player_choice":"Take Damage","damage_taken":19,"relics_obtained":["Golden Idol"],"max_hp_gain":0,"max_hp_loss":0,"event_name":"Golden Idol","floor":4,"gold_loss":0}],"is_beta":false,"boss_relics":[],"items_purged_floors":[5],"is_endless":false,"potions_floor_spawned":[12,14],"killed_by":"Slime Boss","ascension_level":14}}