{"host":"e7sl0pd4xxdbbdh2","time":1608815757,"event":{"mods":["BaseMod","Better Third Choice","Colored Map","Colored Powertips","Hubris","Minty Spire (QoL Compilation)","Replay The Spire","StSLib","SuperFastMode"],"gold_per_floor":[118,43,60,60,71,71,89,123,149,179,192,211,211,228,228,299,299,315,328,243,258,258,258,293,311,311,330,87,116,132,147,147,226,226,238,238,290,301,121,152,171,202,202,202,230,230,255,265,265,265,265,265,265,62,62,62],"floor_reached":55,"playtime":5515,"items_purged":["Defend_B","Strike_B","Strike_B","Defend_B"],"score":2107,"play_id":"91447d88-9d50-4c88-816d-baf2c0c42b34","local_time":"20201224101557","is_ascension_mode":true,"campfire_choices":[{"data":"Streamline","floor":6.0,"key":"SMITH"},{"floor":13.0,"key":"REST"},{"floor":15,"key":"REST"},{"data":"Hyperbeam","floor":23,"key":"SMITH"},{"floor":32,"key":"RECALL"},{"data":"Electrodynamics","floor":44,"key":"SMITH"},{"data":"Hologram","floor":46,"key":"SMITH"},{"data":"Darkness","floor":49,"key":"SMITH"},{"data":"hubris:PowerSurge","floor":53,"key":"SMITH"}],"circlet_count":0,"master_deck":["AscendersBane","Strike_B","Strike_B+1","Defend_B","Defend_B+1","Zap","Dualcast","Coolheaded","Sweeping Beam+1","Streamline+1","Hyperbeam+1","Capacitor","Ball Lightning","Go for the Eyes","Self Repair","Creative AI","Creative AI","Darkness+1","Electrodynamics+1","Sunder","BasicCrystalCard+1","hubris:PowerSurge+1","Meteor Strike","Hologram+1","White Noise"],"relics":["Nuclear Battery","Bird Faced Urn","Blood Vial","Singing Bowl","Snecko Eye","Shuriken","Simple Rune","Orichalcum","SacredBark","Incense Burner","Pear","Replay:Antivirus Software","Gremlin Food","PreservedInsect"],"acts_visited":["Exordium","TheCity","TheBeyond","TheEnding"],"potions_floor_usage":[16,16,25,29,33,33,38,42,50],"damage_taken":[{"damage":2.0,"enemies":"Cultist","floor":1.0,"turns":4.0},{"damage":9.0,"enemies":"2 Louse","floor":3.0,"turns":3.0},{"damage":7.0,"enemies":"Small Slimes","floor":5.0,"turns":3.0},{"damage":5.0,"enemies":"3 Louse","floor":7.0,"turns":2.0},{"damage":0.0,"enemies":"3 Sentries","floor":8.0,"turns":3.0},{"damage":19.0,"enemies":"Lagavulin","floor":10.0,"turns":6.0},{"damage":18.0,"enemies":"Red Slaver","floor":11.0,"turns":4.0},{"damage":1.0,"enemies":"Looter","floor":12.0,"turns":2.0},{"damage":13,"enemies":"Large Slime","floor":14,"turns":4},{"damage":46,"enemies":"The Guardian","floor":16,"turns":8},{"damage":28,"enemies":"Chosen","floor":18,"turns":6},{"damage":17,"enemies":"2 Thieves","floor":19,"turns":3},{"damage":24,"enemies":"Snecko","floor":21,"turns":6},{"damage":36,"enemies":"Replay:Snechameleon","floor":24,"turns":8},{"damage":35,"enemies":"Shelled Parasite and Fungi","floor":25,"turns":15},{"damage":38,"enemies":"Snake Plant","floor":27,"turns":5},{"damage":50,"enemies":"Gremlin Leader","floor":29,"turns":7},{"damage":10,"enemies":"Snecko","floor":30,"turns":5},{"damage":41,"enemies":"Shelled Parasite and Fungi","floor":31,"turns":6},{"damage":57,"enemies":"hubris:MusketHawk","floor":33,"turns":18},{"damage":12,"enemies":"Orb Walker","floor":35,"turns":3},{"damage":64,"enemies":"3 Darklings","floor":38,"turns":12},{"damage":42,"enemies":"Reptomancer","floor":40,"turns":7},{"damage":30,"enemies":"Writhing Mass","floor":41,"turns":6},{"damage":44,"enemies":"Giant Head","floor":42,"turns":7},{"damage":48,"enemies":"Nemesis","floor":45,"turns":17},{"damage":93,"enemies":"Giant Head","floor":47,"turns":9},{"damage":14,"enemies":"4 Shapes","floor":48,"turns":17},{"damage":15,"enemies":"hubris:GrandSnecko","floor":50,"turns":8},{"damage":47,"enemies":"Time Eater","floor":51,"turns":26},{"damage":118,"enemies":"Shield and Spear","floor":55,"turns":5}],"seed_played":"-4895061075063965751","potions_obtained":[{"floor":3.0,"key":"Milkshake"},{"floor":5.0,"key":"Fire Potion"},{"floor":11.0,"key":"Languid Potion"},{"floor":12.0,"key":"PowerPotion"},{"floor":24,"key":"LifebloodPotion"},{"floor":30,"key":"EssenceOfSteel"},{"floor":31,"key":"PowerPotion"},{"floor":33,"key":"CultistPotion"},{"floor":35,"key":"Toxic Potion"},{"floor":37,"key":"Dexterity Potion"},{"floor":37,"key":"Energy Potion"},{"floor":45,"key":"EssenceOfDarkness"},{"floor":48,"key":"Energy Potion"}],"is_trial":false,"path_per_floor":["M","$","M","?","M","R","M","E","T","E","M","M","R","M","R","B",null,"M","M","?","M","?","R","E","M","T","M","$","E","M","M","R","B",null,"M","?","?","M","$","E","M","E","T","R","E","R","E","M","R","B","B",null,"R","$","E"],"character_chosen":"DEFECT","items_purchased":["PowerPotion","Sunder","Energy Potion","SpeedPotion"],"campfire_rested":2,"item_purchase_floors":[28,28,39,54],"current_hp_per_floor":[62,62,53,53,46,46,41,41,41,26,12,13,34,36,57,26,61,56,52,52,49,49,49,52,80,80,56,56,63,83,73,73,83,83,81,79,53,80,80,71,80,74,74,74,93,93,42,103,103,103,103,103,103,103,0,0],"gold":62,"neow_bonus":"BOSS_RELIC","is_daily":false,"chose_seed":false,"campfire_upgraded":6,"win_rate":0.0,"timestamp":1608815757,"path_taken":["M","$","?","?","M","R","?","E","T","E","M","M","R","M","R","BOSS","M","M","?","M","?","R","E","M","T","M","$","E","M","?","R","BOSS","M","?","?","M","?","E","M","E","T","R","E","R","E","M","R","BOSS","BOSS","R","$","E"],"items_purchased_type":["Potion","Card","Potion","Potion"],"build_version":"2020-12-22","purchased_purges":4,"victory":false,"max_hp_per_floor":[71,71,71,71,71,71,71,71,71,71,71,71,71,73,73,73,73,75,77,77,79,79,79,79,81,81,81,81,83,83,83,83,83,83,83,79,79,81,81,83,85,97,97,97,99,99,101,103,103,103,103,103,103,103,103,103],"card_choices":[{"not_picked":["Turbo","Rebound"],"picked":"Coolheaded","floor":1.0},{"not_picked":["Tempest","BasicCrystalCard"],"picked":"Sweeping Beam","floor":3.0},{"not_picked":["Leap","Panic Button"],"picked":"Streamline","floor":5.0},{"not_picked":["Barrage","Double Energy"],"picked":"Hyperbeam","floor":7.0},{"not_picked":["Crystallizer","Reprogram"],"picked":"Capacitor","floor":8.0},{"not_picked":["Compile Driver","ReplaySolidLightProjector"],"picked":"Ball Lightning","floor":10.0},{"not_picked":["Conserve Battery","Beam Cell"],"picked":"Go for the Eyes","floor":11.0},{"not_picked":["Turbo","Gash"],"picked":"Self Repair","floor":12.0},{"not_picked":["Blizzard","Hologram","Compile Driver"],"picked":"Singing Bowl","floor":14},{"not_picked":["Seek","Amplify"],"picked":"Creative AI","floor":16},{"not_picked":["Go for the Eyes+1","Steam","Compile Driver"],"picked":"Singing Bowl","floor":18},{"not_picked":["Steam+1","BootSequence","Hello World"],"picked":"Singing Bowl","floor":19},{"not_picked":["Fusion","ReplayTheSpireMod:Repulse+1","ReplaySolidLightProjector"],"picked":"Singing Bowl","floor":21},{"not_picked":["BasicCrystalCard","Compile Driver"],"picked":"Darkness","floor":24},{"not_picked":["Streamline","Leap","hubris:Ukulele"],"picked":"Singing Bowl","floor":25},{"not_picked":["Storm","Go for the Eyes"],"picked":"Electrodynamics","floor":27},{"not_picked":["Barrage+1","Steam","ReplayTheSpireMod:Repulse"],"picked":"Singing Bowl","floor":29},{"not_picked":["Beam Cell","Steam"],"picked":"BasicCrystalCard+1","floor":30},{"not_picked":["Steam","Gash"],"picked":"hubris:PowerSurge","floor":31},{"not_picked":["All For One","Multi-Cast"],"picked":"Meteor Strike","floor":33},{"not_picked":["Panic Button","Go for the Eyes+1"],"picked":"Hologram","floor":35},{"not_picked":["Conserve Battery","Lockon"],"picked":"White Noise","floor":37},{"not_picked":["ReplaySort+1","FTL","Redo+1"],"picked":"Singing Bowl","floor":38},{"not_picked":["All For One","Rebound+1","Leap+1"],"picked":"Singing Bowl","floor":40},{"not_picked":["Gash","Time Bomb","Beam Cell"],"picked":"Singing Bowl","floor":41},{"not_picked":["Recycle","Tempest","Stack"],"picked":"Singing Bowl","floor":42},{"not_picked":["Coolheaded","Static Discharge","Reboot"],"picked":"Singing Bowl","floor":45},{"not_picked":["Reboot","Conserve Battery","Cold Snap+1"],"picked":"Singing Bowl","floor":47},{"not_picked":["BootSequence","Go for the Eyes","Beam Cell"],"picked":"Singing Bowl","floor":48}],"player_experience":1600660,"relics_obtained":[{"floor":8.0,"key":"Bird Faced Urn"},{"floor":9.0,"key":"Blood Vial"},{"floor":10.0,"key":"Singing Bowl"},{"floor":24,"key":"Simple Rune"},{"floor":29,"key":"Orichalcum"},{"floor":40,"key":"Incense Burner"},{"floor":42,"key":"Pear"},{"floor":43,"key":"Replay:Antivirus Software"},{"floor":45,"key":"Gremlin Food"},{"floor":47,"key":"PreservedInsect"}],"event_choices":[{"damage_healed":0.0,"max_hp_gain":0.0,"max_hp_loss":0.0,"gold_gain":0.0,"event_name":"Accursed Blacksmith","player_choice":"Forge","floor":4.0,"gold_loss":0.0,"damage_taken":0.0,"cards_upgraded":["Sweeping Beam"]},{"damage_healed":0,"gold_gain":0,"player_choice":"Obtained Relic","damage_taken":0,"relics_obtained":["Shuriken"],"max_hp_gain":0,"max_hp_loss":0,"event_name":"Addict","floor":20,"gold_loss":85},{"damage_healed":0,"gold_gain":0,"player_choice":"Copied","damage_taken":0,"max_hp_gain":0,"max_hp_loss":0,"event_name":"Duplicator","floor":22,"gold_loss":0,"cards_obtained":["Creative AI"]},{"damage_healed":0,"gold_gain":0,"player_choice":"Max HP","damage_taken":0,"max_hp_gain":0,"max_hp_loss":4,"event_name":"Winding Halls","floor":36,"gold_loss":0}],"is_beta":false,"boss_relics":[{"not_picked":["Fusion Hammer","Astrolabe"],"picked":"Snecko Eye"},{"not_picked":["hubris:GrandSneckoEye","hubris:Backtick"],"picked":"SacredBark"}],"items_purged_floors":[2,28,39,54],"is_endless":false,"potions_floor_spawned":[3,5,11,12,24,30,31,33,35,45,48],"killed_by":"Shield and Spear","ascension_level":20}}