{"host":"1tkoe3l8wf0xx8if","time":1608802735,"event":{"mods":["AchievementEnabler","BaseMod","Colored Map","Minty Spire (QoL Compilation)","Quick Restart","StSLib","SuperFastMode"],"gold_per_floor":[110,121,138,138,63,63,91,117,144,169,169,196,49,60,60,155,155,167,167,347,363,382,382,292,306,354,354,354],"floor_reached":27,"playtime":874,"items_purged":["Strike_B","Defend_B"],"score":397,"play_id":"fd293de9-13b7-46f3-9c79-dab913978a41","local_time":"20201224183855","is_ascension_mode":true,"campfire_choices":[{"data":"Zap","floor":6.0,"key":"SMITH"},{"data":"Dualcast","floor":11.0,"key":"SMITH"},{"floor":15.0,"key":"REST"},{"data":"Defragment","floor":23,"key":"SMITH"}],"circlet_count":0,"master_deck":["Strike_B","Defend_B","Defend_B","Defend_B","Zap+1","Dualcast+1","Thunder Strike+1","Conserve Battery+1","Sweeping Beam+1","Go for the Eyes","Conserve Battery","Core Surge","Ball Lightning","Hologram","Consume","Reboot","CurseOfTheBell","Self Repair","Defragment+1","Jack Of All Trades","Rebound","Leap"],"relics":["Cracked Core","PreservedInsect","Potion Belt","Whetstone","Centennial Puzzle","Happy Flower","Calling Bell","Omamori","Mummified Hand","Peace Pipe","Anchor"],"acts_visited":["TheCity"],"potions_floor_usage":[16],"damage_taken":[{"damage":9.0,"enemies":"Jaw Worm","floor":1.0,"turns":3.0},{"damage":1.0,"enemies":"Cultist","floor":2.0,"turns":3.0},{"damage":0.0,"enemies":"2 Louse","floor":3.0,"turns":2.0},{"damage":14.0,"enemies":"Gremlin Nob","floor":7.0,"turns":4.0},{"damage":8.0,"enemies":"Lagavulin","floor":10.0,"turns":4.0},{"damage":10.0,"enemies":"3 Sentries","floor":12.0,"turns":4.0},{"damage":13.0,"enemies":"Gremlin Gang","floor":14.0,"turns":2.0},{"damage":15,"enemies":"The Guardian","floor":16,"turns":8},{"damage":10,"enemies":"3 Byrds","floor":18,"turns":3},{"damage":12,"enemies":"Chosen","floor":21,"turns":3},{"damage":11,"enemies":"3 Cultists","floor":22,"turns":5},{"damage":16,"enemies":"Snake Plant","floor":25,"turns":5},{"damage":26,"enemies":"Book of Stabbing","floor":27,"turns":4}],"seed_played":"3806127237699935816","potions_obtained":[{"floor":1.0,"key":"DistilledChaos"},{"floor":2.0,"key":"Dexterity Potion"},{"floor":3.0,"key":"Block Potion"},{"floor":21,"key":"Strength Potion"},{"floor":22,"key":"Ancient Potion"}],"is_trial":false,"path_per_floor":["M","M","M","?","$","R","E","T","T","E","R","E","$","M","R","B",null,"M","?","?","M","M","R","?","M","T","E"],"character_chosen":"DEFECT","items_purchased":["Hologram"],"campfire_rested":1,"item_purchase_floors":[13],"current_hp_per_floor":[66,65,65,58,58,58,44,44,44,36,36,26,26,13,35,20,75,65,65,40,35,31,31,31,22,22,0,0],"gold":354,"neow_bonus":"ONE_RANDOM_RARE_CARD","is_daily":false,"chose_seed":false,"campfire_upgraded":3,"win_rate":0.0,"timestamp":1608802735,"path_taken":["M","M","M","?","$","R","E","?","T","E","R","E","?","M","R","BOSS","M","?","?","?","M","R","?","?","T","E"],"items_purchased_type":["Card"],"build_version":"2020-12-22","purchased_purges":2,"victory":false,"max_hp_per_floor":[75,75,75,75,75,75,75,75,75,75,75,75,75,75,75,75,75,75,75,75,75,75,75,75,75,75,75,75],"card_choices":[{"not_picked":["Turbo","Capacitor"],"picked":"Conserve Battery","floor":1.0},{"not_picked":["White Noise","Coolheaded"],"picked":"Sweeping Beam","floor":2.0},{"not_picked":["Steam Power","Conserve Battery"],"picked":"Go for the Eyes","floor":3.0},{"not_picked":["Chaos","Streamline"],"picked":"Conserve Battery","floor":7.0},{"not_picked":["Lockon","Barrage"],"picked":"Core Surge","floor":10.0},{"not_picked":["Skim","Rip and Tear"],"picked":"Ball Lightning","floor":12.0},{"not_picked":["Reinforced Body","Beam Cell"],"picked":"Consume","floor":14.0},{"not_picked":["Machine Learning","Meteor Strike"],"picked":"Reboot","floor":16},{"not_picked":["BootSequence","Reinforced Body"],"picked":"Self Repair","floor":18},{"not_picked":["Turbo","Conserve Battery"],"picked":"Rebound","floor":21},{"not_picked":["Compile Driver","Fusion+1"],"picked":"Leap","floor":22},{"not_picked":["Streamline+1","Gash","Sweeping Beam"],"picked":"SKIP","floor":25}],"player_experience":313788,"relics_obtained":[{"floor":7.0,"key":"PreservedInsect"},{"floor":8.0,"key":"Potion Belt"},{"floor":9.0,"key":"Whetstone"},{"floor":10.0,"key":"Centennial Puzzle"},{"floor":12.0,"key":"Happy Flower"},{"floor":17,"key":"Omamori"},{"floor":17,"key":"Mummified Hand"},{"floor":17,"key":"Peace Pipe"},{"floor":26,"key":"Anchor"}],"event_choices":[{"cards_removed":["Strike_B"],"damage_healed":0.0,"max_hp_gain":0.0,"max_hp_loss":0.0,"gold_gain":0.0,"event_name":"Golden Wing","player_choice":"Card Removal","floor":4.0,"gold_loss":0.0,"damage_taken":7.0},{"damage_healed":0,"gold_gain":0,"player_choice":"Read","damage_taken":0,"max_hp_gain":0,"max_hp_loss":0,"event_name":"The Library","floor":19,"gold_loss":0,"cards_obtained":["Defragment"]},{"damage_healed":0,"gold_gain":180,"player_choice":"GOLD GOLD CARD ","damage_taken":25,"max_hp_gain":0,"max_hp_loss":0,"event_name":"Knowing Skull","floor":20,"potions_obtained":[],"gold_loss":0,"cards_obtained":["Jack Of All Trades"]},{"damage_healed":0,"gold_gain":180,"player_choice":"GOLD GOLD CARD ","damage_taken":25,"max_hp_gain":0,"max_hp_loss":0,"event_name":"Knowing Skull","floor":20,"potions_obtained":[],"gold_loss":0,"cards_obtained":["Jack Of All Trades"]},{"cards_removed":["Strike_B"],"damage_healed":0,"gold_gain":0,"player_choice":"Upgrade and Remove","damage_taken":0,"max_hp_gain":0,"max_hp_loss":0,"event_name":"Designer","floor":24,"gold_loss":90,"cards_upgraded":["Conserve Battery"]}],"is_beta":false,"boss_relics":[{"not_picked":["SlaversCollar","Fusion Hammer"],"picked":"Calling Bell"}],"items_purged_floors":[5,13],"is_endless":false,"potions_floor_spawned":[1,2,3,21,22],"killed_by":"Book of Stabbing","ascension_level":4}}