{"host":"ci7ivtocgfxh0ueo","time":1608824058,"event":{"mods":["BaseMod","GifTheSpireLib","Minty Spire (QoL Compilation)","StSLib"],"gold_per_floor":[112,6,6,26,26,26,58,71,71,105,255,220,42,53,53,131,131,142,88,88,107,107,133,133,40,67,67,67,99,123,123,123,123,123],"floor_reached":33,"playtime":860,"items_purged":["Doubt"],"score":531,"play_id":"9f689834-50a3-4035-9ece-8b700176fda7","local_time":"20201224233418","is_ascension_mode":true,"campfire_choices":[{"data":"Dagger Throw","floor":6,"key":"SMITH"},{"data":"Prepared","floor":15,"key":"SMITH"},{"data":"Venomology","floor":24,"key":"SMITH"},{"data":"Footwork","floor":28,"key":"SMITH"},{"data":"Noxious Fumes","floor":32,"key":"SMITH"}],"circlet_count":0,"master_deck":["AscendersBane","Strike_G+1","Strike_G+1","Strike_G+1","Strike_G+1","Strike_G+1","Defend_G+1","Defend_G+1","Defend_G+1","Defend_G+1","Survivor","Neutralize","Dagger Throw+1","Eviscerate+1","Caltrops","Footwork+1","Deflect+1","Backstab","Poisoned Stab","Prepared+1","Venomology+1","CurseOfTheBell","Prepared","Poisoned Stab","PiercingWail","All Out Attack","Noxious Fumes+1"],"relics":["Ring of the Snake","Strawberry","Incense Burner","TungstenRod","Bronze Scales","Calling Bell","War Paint","Blue Candle","Calipers","Eternal Feather","Potion Belt","Dream Catcher","PreservedInsect"],"acts_visited":["Exordium","TheCity"],"potions_floor_usage":[7,7,16,18,21,21,23,23,23,29,29,29,33],"damage_taken":[{"damage":1,"enemies":"2 Louse","floor":1,"turns":4},{"damage":0,"enemies":"Cultist","floor":4,"turns":4},{"damage":22,"enemies":"Lagavulin","floor":7,"turns":7},{"damage":0,"enemies":"Small Slimes","floor":8,"turns":2},{"damage":22,"enemies":"Gremlin Nob","floor":10,"turns":5},{"damage":0,"enemies":"Looter","floor":14,"turns":1},{"damage":8,"enemies":"Hexaghost","floor":16,"turns":9},{"damage":10,"enemies":"Spheric Guardian","floor":18,"turns":3},{"damage":0,"enemies":"3 Byrds","floor":21,"turns":4},{"damage":20,"enemies":"Slavers","floor":23,"turns":7},{"damage":17,"enemies":"Book of Stabbing","floor":29,"turns":5},{"damage":77,"enemies":"Champ","floor":33,"turns":13}],"seed_played":"-275716553354942251","potions_obtained":[{"floor":7,"key":"SkillPotion"},{"floor":8,"key":"Fire Potion"},{"floor":18,"key":"SkillPotion"},{"floor":21,"key":"Block Potion"},{"floor":23,"key":"SkillPotion"}],"is_trial":false,"path_per_floor":["M","$","?","M","?","R","E","M","T","E","?","?","$","M","R","B",null,"M","$","?","M","$","E","R","$","T","?","R","E","T","?","R","B"],"character_chosen":"THE_SILENT","items_purchased":["Explosive Potion","AttackPotion","Backstab","Poisoned Stab","Dexterity Potion","All Out Attack","Block Potion"],"campfire_rested":0,"item_purchase_floors":[2,2,13,13,19,25,25],"current_hp_per_floor":[65,65,65,65,65,65,43,43,43,21,21,39,39,39,39,31,63,53,53,68,68,68,48,63,63,63,63,73,56,56,56,71,0,0],"gold":123,"neow_bonus":"RANDOM_COMMON_RELIC","is_daily":false,"chose_seed":false,"campfire_upgraded":5,"win_rate":0.0,"timestamp":1608824058,"path_taken":["M","$","?","?","?","R","E","M","T","E","?","?","$","M","R","BOSS","M","$","?","M","$","E","R","$","T","?","R","E","?","?","R","BOSS"],"items_purchased_type":["Potion","Potion","Card","Card","Potion","Card","Potion"],"build_version":"2020-12-22","purchased_purges":1,"victory":false,"max_hp_per_floor":[73,73,73,73,73,73,73,73,73,73,73,73,73,73,73,73,73,73,73,73,73,73,73,73,73,73,73,73,73,73,73,73,73,73],"card_choices":[{"not_picked":["Deflect","Tactician"],"picked":"Dagger Throw","floor":1},{"not_picked":["Deadly Poison","Cloak And Dagger"],"picked":"Eviscerate","floor":4},{"not_picked":["Predator","Dagger Throw"],"picked":"Caltrops","floor":7},{"not_picked":["Bouncing Flask","Sucker Punch"],"picked":"Footwork","floor":8},{"not_picked":["Prepared","Flying Knee"],"picked":"Deflect","floor":10},{"not_picked":["Masterful Stab","Expertise"],"picked":"Prepared","floor":14},{"not_picked":["Burst","Malaise"],"picked":"Venomology","floor":16},{"not_picked":["Infinite Blades","Bane"],"picked":"Prepared","floor":18},{"not_picked":["Concentrate","Flying Knee"],"picked":"Poisoned Stab","floor":21},{"not_picked":["Dagger Spray","Prepared"],"picked":"PiercingWail","floor":23},{"not_picked":["Catalyst+1","Slice"],"picked":"Noxious Fumes","floor":29}],"player_experience":1294173,"relics_obtained":[{"floor":7,"key":"Incense Burner"},{"floor":9,"key":"TungstenRod"},{"floor":10,"key":"Bronze Scales"},{"floor":17,"key":"War Paint"},{"floor":17,"key":"Blue Candle"},{"floor":17,"key":"Calipers"},{"floor":23,"key":"Eternal Feather"},{"floor":26,"key":"Potion Belt"},{"floor":29,"key":"Dream Catcher"},{"floor":30,"key":"PreservedInsect"}],"event_choices":[{"cards_removed":["Defend_G"],"damage_healed":0,"gold_gain":0,"player_choice":"Offered Basic","damage_taken":0,"max_hp_gain":0,"max_hp_loss":0,"event_name":"Bonfire Elementals","floor":3,"gold_loss":0},{"damage_healed":0,"gold_gain":0,"player_choice":"Grow","damage_taken":0,"max_hp_gain":0,"max_hp_loss":0,"event_name":"Living Wall","floor":5,"gold_loss":0,"cards_upgraded":["Eviscerate"]},{"damage_healed":0,"gold_gain":150,"player_choice":"AGREE","damage_taken":0,"max_hp_gain":0,"max_hp_loss":0,"event_name":"Liars Game","floor":11,"gold_loss":0,"cards_obtained":["Doubt"]},{"damage_healed":18,"gold_gain":0,"player_choice":"Healed","damage_taken":0,"max_hp_gain":0,"max_hp_loss":0,"event_name":"The Cleric","floor":12,"gold_loss":35},{"damage_healed":15,"gold_gain":0,"player_choice":"Heal","damage_taken":0,"max_hp_gain":0,"max_hp_loss":0,"event_name":"The Library","floor":20,"gold_loss":0},{"damage_healed":0,"gold_gain":0,"player_choice":"Simplicity","damage_taken":0,"max_hp_gain":0,"max_hp_loss":0,"event_name":"Back to Basics","floor":27,"gold_loss":0,"cards_upgraded":["Strike_G","Strike_G","Strike_G","Strike_G","Strike_G","Defend_G","Defend_G","Defend_G"]},{"damage_healed":0,"gold_gain":0,"player_choice":"Ignored","damage_taken":0,"max_hp_gain":0,"max_hp_loss":0,"event_name":"Beggar","floor":31,"gold_loss":0}],"is_beta":false,"boss_relics":[{"not_picked":["Runic Pyramid","Velvet Choker"],"picked":"Calling Bell"}],"items_purged_floors":[13],"is_endless":false,"potions_floor_spawned":[4,7,8,10,18,21,23],"killed_by":"Champ","ascension_level":17}}