{"host":"6kpik4p6m02tzjjt","time":1608827643,"event":{"mods":["BaseMod","Colored Map","Minty Spire (QoL Compilation)","Quick Restart","Relic Stats"],"gold_per_floor":[117,130,149,149,114,114,131,161,213,213,246,260,260,291,291,291,291],"floor_reached":16,"playtime":547,"items_purged":[],"score":126,"play_id":"3624c58c-a100-44ce-8c6a-870567033856","local_time":"20201224113403","is_ascension_mode":true,"campfire_choices":[{"data":"Zap","floor":6,"key":"SMITH"},{"floor":13,"key":"REST"},{"floor":15,"key":"REST"}],"circlet_count":0,"master_deck":["Strike_B","Strike_B","Strike_B","Strike_B","Defend_B","Defend_B","Defend_B","Defend_B","Zap+1","Dualcast","Barrage","Ball Lightning","Redo","Static Discharge","Lockon","Decay","Tempest","Multi-Cast","FTL","Self Repair","Echo Form"],"relics":["Cracked Core","White Beast Statue","Bronze Scales","Dream Catcher","Potion Belt","WingedGreaves"],"acts_visited":["Exordium"],"potions_floor_usage":[11,12,14],"damage_taken":[{"damage":0,"enemies":"Small Slimes","floor":1,"turns":3},{"damage":6,"enemies":"Jaw Worm","floor":2,"turns":3},{"damage":1,"enemies":"Cultist","floor":3,"turns":3},{"damage":18,"enemies":"Lots of Slimes","floor":7,"turns":3},{"damage":26,"enemies":"3 Sentries","floor":8,"turns":4},{"damage":20,"enemies":"Lagavulin","floor":11,"turns":4},{"damage":9,"enemies":"Blue Slaver","floor":12,"turns":2},{"damage":29,"enemies":"3 Sentries","floor":14,"turns":5},{"damage":35,"enemies":"Slime Boss","floor":16,"turns":3}],"seed_played":"-1672273745288819082","potions_obtained":[{"floor":3,"key":"Energy Potion"},{"floor":7,"key":"ColorlessPotion"},{"floor":8,"key":"EssenceOfDarkness"},{"floor":11,"key":"Regen Potion"},{"floor":12,"key":"LiquidBronze"},{"floor":14,"key":"SpeedPotion"}],"is_trial":false,"path_per_floor":["M","M","M","?","?","R","M","E","T","?","E","M","R","E","R","B"],"character_chosen":"DEFECT","items_purchased":[],"campfire_rested":2,"item_purchase_floors":[],"current_hp_per_floor":[82,76,75,63,82,82,64,38,38,38,18,14,38,9,33,0,0],"gold":291,"neow_bonus":"TEN_PERCENT_HP_BONUS","is_daily":false,"chose_seed":false,"campfire_upgraded":1,"win_rate":0.0,"timestamp":1608827643,"path_taken":["M","M","M","?","?","R","M","E","T","?","E","?","R","E","R","BOSS"],"items_purchased_type":[],"build_version":"2020-12-22","purchased_purges":0,"victory":false,"max_hp_per_floor":[82,82,82,82,82,82,82,82,82,82,82,82,82,82,82,82,82],"relic_stats":{"Dream Catcher":2,"counters":[9,30],"Bronze Scales":[12],"obtain_stats":[{"Potion Belt":11,"Dream Catcher":9,"Bronze Scales":8,"WingedGreaves":14,"Cracked Core":0,"White Beast Statue":4},{"Potion Belt":6,"Dream Catcher":5,"Bronze Scales":5,"WingedGreaves":8,"Cracked Core":0,"White Beast Statue":3},{"Potion Belt":20,"Dream Catcher":16,"Bronze Scales":16,"WingedGreaves":27,"Cracked Core":0,"White Beast Statue":9}]},"card_choices":[{"not_picked":["Aggregate","Rip and Tear"],"picked":"Barrage","floor":1},{"not_picked":["Hologram","Cold Snap"],"picked":"Ball Lightning","floor":2},{"not_picked":["Coolheaded","Barrage"],"picked":"Redo","floor":3},{"not_picked":["Cold Snap","Stack"],"picked":"Static Discharge","floor":7},{"not_picked":["Reprogram","Steam"],"picked":"Lockon","floor":8},{"not_picked":["Steam","Redo"],"picked":"Tempest","floor":11},{"not_picked":["Self Repair","Darkness"],"picked":"Multi-Cast","floor":12},{"not_picked":["Chill","Aggregate"],"picked":"FTL","floor":13},{"not_picked":["Rebound","Auto Shields"],"picked":"Self Repair","floor":14},{"not_picked":["Cold Snap","Compile Driver"],"picked":"Echo Form","floor":15}],"player_experience":18359,"relics_obtained":[{"floor":8,"key":"Bronze Scales"},{"floor":9,"key":"Dream Catcher"},{"floor":11,"key":"Potion Belt"},{"floor":14,"key":"WingedGreaves"}],"event_choices":[{"damage_healed":0,"gold_gain":0,"player_choice":"Success","damage_taken":12,"relics_obtained":["White Beast Statue"],"max_hp_gain":0,"max_hp_loss":0,"event_name":"Scrap Ooze","floor":4,"gold_loss":0},{"damage_healed":20,"gold_gain":0,"player_choice":"Healed","damage_taken":0,"max_hp_gain":0,"max_hp_loss":0,"event_name":"The Cleric","floor":5,"gold_loss":35},{"damage_healed":0,"gold_gain":0,"player_choice":"Cursed","damage_taken":0,"max_hp_gain":0,"max_hp_loss":0,"event_name":"Wheel of Change","floor":10,"gold_loss":0,"cards_obtained":["Decay"]}],"is_beta":false,"boss_relics":[],"items_purged_floors":[],"is_endless":false,"potions_floor_spawned":[3,7,8,11,12,14],"killed_by":"Slime Boss","ascension_level":1}}