{"host":"3xls0xm49ftugio7","time":1608812126,"event":{"mods":["2.2 Compatiblity","AchievementEnabler","Act Like it!","BaseMod","Colored Powertips","GifTheSpireLib","Mimic Mod","Minty Spire (QoL Compilation)","Quick Restart","Relic Stats","StSLib","The Runesmith"],"gold_per_floor":[116,116,132,57,7,35,35,68,101,101,120,20,36,47,47,47,47],"floor_reached":16,"playtime":1756,"items_purged":["Regret"],"score":160,"play_id":"1425da28-8950-4946-a9d3-b69e032013df","local_time":"20201224141526","is_ascension_mode":false,"campfire_choices":[{"data":"Runesmith:HammerThrow","floor":7,"key":"SMITH"},{"data":"Runesmith:ReplicatingBarrier","floor":10,"key":"SMITH"},{"data":"Runesmith:BackupBattery","floor":15,"key":"SMITH"}],"circlet_count":0,"master_deck":["Runesmith:Strike_RS","Runesmith:Strike_RS","Runesmith:Strike_RS","Runesmith:Defend_RS","Runesmith:Defend_RS","Runesmith:Defend_RS","Runesmith:Defend_RS","Runesmith:CraftFirestone","Runesmith:Fortify","Runesmith:HammerThrow+1","Runesmith:EarthShield","Runesmith:CraftVitae","Runesmith:ReplicatingBarrier+1","Runesmith:CraftReservo","Runesmith:Accelerate","Runesmith:CraftMagma","Runesmith:BackupBattery+1","Runesmith:Prism","Runesmith:EnergizedChisel"],"relics":["Runesmith:BrokenRuby","NeowsBlessing","Art of War","Meat on the Bone","Akabeko","Anchor"],"acts_visited":["Exordium"],"potions_floor_usage":[16,16],"damage_taken":[{"damage":0,"enemies":"2 Louse","floor":1,"turns":1},{"damage":0,"enemies":"Small Slimes","floor":3,"turns":1},{"damage":0,"enemies":"3 Sentries","floor":6,"turns":1},{"damage":0,"enemies":"Lagavulin","floor":8,"turns":9},{"damage":0,"enemies":"Jaw Worm","floor":9,"turns":8},{"damage":2,"enemies":"Jaw Worm","floor":11,"turns":6},{"damage":0,"enemies":"Lots of Slimes","floor":13,"turns":5},{"damage":0,"enemies":"Looter","floor":14,"turns":3},{"damage":85,"enemies":"The Guardian","floor":16,"turns":15}],"seed_played":"-3698269891398640070","potions_obtained":[{"floor":6,"key":"DuplicationPotion"},{"floor":13,"key":"Block Potion"},{"floor":14,"key":"SkillPotion"}],"is_trial":false,"path_per_floor":["M","?","M","$","?","E","R","E","MIM","R","M","$","M","M","R","B"],"character_chosen":"RUNESMITH_CLASS","items_purchased":["Runesmith:CraftMagma","Runesmith:BackupBattery"],"campfire_rested":0,"item_purchase_floors":[12,12],"current_hp_per_floor":[70,70,70,70,70,70,70,70,70,70,68,68,68,68,68,0,0],"gold":47,"neow_bonus":"THREE_ENEMY_KILL","is_daily":false,"chose_seed":false,"campfire_upgraded":3,"win_rate":0.0,"timestamp":1608812126,"path_taken":["M","?","M","$","?","E","R","E","MIM","R","M","?","M","?","R","BOSS"],"items_purchased_type":["Card","Card"],"build_version":"2020-12-22","purchased_purges":1,"victory":false,"max_hp_per_floor":[70,70,70,70,70,70,70,70,70,70,70,70,70,70,70,70,70],"relic_stats":{"counters":[9,49],"Art of War":[14],"obtain_stats":[{"Runesmith:BrokenRuby":0,"Anchor":9,"NeowsBlessing":0,"Art of War":2,"Akabeko":8,"Meat on the Bone":6},{"Runesmith:BrokenRuby":0,"Anchor":5,"NeowsBlessing":0,"Art of War":1,"Akabeko":4,"Meat on the Bone":3},{"Runesmith:BrokenRuby":0,"Anchor":20,"NeowsBlessing":0,"Art of War":1,"Akabeko":12,"Meat on the Bone":3}],"Meat on the Bone":0},"card_choices":[{"not_picked":["Runesmith:HeatExchange","Runesmith:Superposition"],"picked":"Runesmith:HammerThrow","floor":1},{"not_picked":["Runesmith:Repurpose","Runesmith:BackupBattery"],"picked":"Runesmith:EarthShield","floor":3},{"not_picked":["Runesmith:CraftReservo","Runesmith:UnstableHammer"],"picked":"Runesmith:CraftVitae","floor":6},{"not_picked":["Runesmith:EnergizedChisel","Runesmith:MakeshiftArmor"],"picked":"Runesmith:ReplicatingBarrier","floor":8},{"not_picked":["Runesmith:EarthShield","Runesmith:RuneHurl"],"picked":"Runesmith:CraftReservo","floor":9},{"not_picked":["Runesmith:HeatedChisel","Runesmith:StaticCage"],"picked":"Runesmith:Accelerate","floor":11},{"not_picked":["Runesmith:UnstableHammer","Runesmith:EnergizedChisel"],"picked":"Runesmith:Prism","floor":13},{"not_picked":["Runesmith:RuneHurl","Runesmith:ShiftingStrike"],"picked":"Runesmith:EnergizedChisel","floor":14}],"player_experience":683673,"relics_obtained":[{"floor":6,"key":"Meat on the Bone"},{"floor":8,"key":"Akabeko"},{"floor":9,"key":"Anchor"}],"event_choices":[{"damage_healed":0,"gold_gain":0,"player_choice":"Box","damage_taken":0,"relics_obtained":["Art of War"],"max_hp_gain":0,"max_hp_loss":0,"event_name":"Big Fish","floor":2,"gold_loss":0,"cards_obtained":["Regret"]},{"cards_removed":["Runesmith:Strike_RS"],"damage_healed":0,"gold_gain":0,"player_choice":"Card Removal","damage_taken":0,"max_hp_gain":0,"max_hp_loss":0,"event_name":"The Cleric","floor":5,"gold_loss":50}],"is_beta":false,"boss_relics":[],"items_purged_floors":[4],"is_endless":false,"potions_floor_spawned":[6,13,14],"killed_by":"The Guardian","ascension_level":0}}