{"host":"cyh4fejqtcjbfr7k","time":1608850140,"event":{"mods":["2.2 Compatiblity","AchievementEnabler","BaseMod","Colored Map","Colored Powertips","DeckTracker","Downfall","Googly Eyes","Hubris","Infinite Spire","Minty Spire (QoL Compilation)","Replay The Spire","Shop Mod","StSLib","SuperFastMode","Unceasing Turn Reminder"],"gold_per_floor":[212,212,212,231,241,275,275,285,285,296,296,364,70,98,98,201,201,214,214,229,229,229,229,246,246,272,307,322,347,347,347,347,468,468,506,506,506,544,438,438,438],"floor_reached":40,"playtime":1041,"items_purged":[],"score":475,"play_id":"650ed37e-8840-4915-9419-b47c0e0a8afe","local_time":"20201224154900","is_ascension_mode":true,"campfire_choices":[{"floor":7,"key":"REST"},{"floor":15,"key":"REST"},{"data":"A Thousand Cuts","floor":23,"key":"SMITH"},{"data":"Adrenaline","floor":30,"key":"SMITH"},{"floor":32,"key":"REST"}],"circlet_count":0,"master_deck":["Strike_G+1","Strike_G+1","Defend_G+1","Defend_G+1","Defend_G+1","Defend_G+1","Defend_G+1","Survivor","Neutralize","Cloak And Dagger","Infinite Blades","infinitespire:Neurotoxin","Blade Dance","Finisher","Distraction","Underhanded Strike","Deflect","Bane+1","A Thousand Cuts+1","Adrenaline+1","Glass Knife","Slice","Sucker Punch","infinitespire:FutureSight","Infinite Blades+1","Distraction","Reflex","infinitespire:Neurotoxin","Poisoned Stab+1"],"relics":["Ring of the Snake","Mirror","Iron Hammer","Mercury Hourglass","TwistedFunnel","WristBlade","hubris:Towel","Black Star","MerchantsRug","hubris:SlimyHat"],"acts_visited":["Exordium","TheCity","TheBeyond"],"potions_floor_usage":[6,20,28,33,33,33,35,38],"damage_taken":[{"damage":1,"enemies":"2 Louse","floor":1,"turns":3},{"damage":0,"enemies":"Cultist","floor":4,"turns":4},{"damage":1,"enemies":"Jaw Worm","floor":5,"turns":5},{"damage":25,"enemies":"Lagavulin","floor":6,"turns":4},{"damage":1,"enemies":"Blue Slaver","floor":8,"turns":4},{"damage":0,"enemies":"Exordium Wildlife","floor":10,"turns":1},{"damage":16,"enemies":"Gremlin Nob","floor":14,"turns":3},{"damage":10,"enemies":"Hexaghost","floor":16,"turns":7},{"damage":0,"enemies":"3 Byrds","floor":18,"turns":2},{"damage":3,"enemies":"Spheric Guardian","floor":20,"turns":3},{"damage":0,"enemies":"Cultist and Chosen","floor":24,"turns":3},{"damage":2,"enemies":"Snecko","floor":27,"turns":3},{"damage":0,"enemies":"Centurion and Healer","floor":28,"turns":1},{"damage":0,"enemies":"3 Cultists","floor":29,"turns":3},{"damage":49,"enemies":"Champ","floor":33,"turns":6},{"damage":33,"enemies":"3 Darklings","floor":35,"turns":4},{"damage":9,"enemies":"3 Shapes","floor":38,"turns":4},{"damage":37,"enemies":"Reptomancer","floor":40,"turns":4}],"seed_played":"4412399056997959247","potions_obtained":[{"floor":4,"key":"Strength Potion"},{"floor":5,"key":"Weak Potion"},{"floor":6,"key":"Adrenaline Potion"},{"floor":8,"key":"sneckomod:MuddlingPotion"},{"floor":24,"key":"Block Potion"},{"floor":25,"key":"SmokeBomb"},{"floor":28,"key":"PowerPotion"},{"floor":33,"key":"Explosive Potion"},{"floor":35,"key":"sneckomod:MuddlingPotion"}],"is_trial":false,"path_per_floor":["M","?","?","M","M","E","R","M","T","M","?","T","$","E","R","B",null,"M","?","M","AVR","?","R","M","?","T","M","M","M","R","?","R","B",null,"M","$","?","M","$","E"],"character_chosen":"THE_SILENT","items_purchased":["A Thousand Cuts","TwistedFunnel","MerchantsRug","hubris:SlimyHat"],"campfire_rested":3,"item_purchase_floors":[13,13,39,39],"current_hp_per_floor":[69,69,69,69,68,43,64,63,63,63,63,63,63,47,68,58,70,70,70,67,67,67,67,67,67,67,65,65,65,65,59,70,21,70,37,37,37,28,28,0,0],"gold":438,"neow_bonus":"HUNDRED_GOLD","is_daily":false,"chose_seed":false,"campfire_upgraded":2,"win_rate":0.0,"timestamp":1608850140,"path_taken":["M","?","?","?","M","E","R","M","T","M","?","?","?","E","R","BOSS","M","?","M","AVR","?","R","M","?","T","M","M","?","R","?","R","BOSS","M","?","?","M","$","E"],"items_purchased_type":["Card","Relic","Relic","Relic"],"build_version":"2020-12-22","purchased_purges":0,"victory":false,"max_hp_per_floor":[70,70,70,70,70,70,70,70,70,70,70,70,70,70,70,70,70,70,70,70,70,70,70,70,70,70,70,70,70,70,70,70,70,70,70,70,70,70,70,70,70],"card_choices":[{"not_picked":["Flying Knee","Dash"],"picked":"Cloak And Dagger","floor":1},{"not_picked":["Quick Slash","Dodge and Roll"],"picked":"Blade Dance","floor":4},{"not_picked":["Deadly Poison","Dagger Throw"],"picked":"Finisher","floor":5},{"not_picked":["Dodge and Roll","Underhanded Strike"],"picked":"Distraction","floor":6},{"not_picked":["Catalyst","hubris:TrickCloak"],"picked":"Underhanded Strike","floor":8},{"not_picked":["Poisoned Stab","Dagger Throw"],"picked":"Deflect","floor":10},{"not_picked":["Skewer","ReplayTheSpireMod:Shiv Toss"],"picked":"Adrenaline","floor":14},{"not_picked":["Grand Finale","Wraith Form v2"],"picked":"Glass Knife","floor":16},{"not_picked":["Sucker Punch","Deadly Poison"],"picked":"Slice","floor":18},{"not_picked":["Flechettes","Acrobatics"],"picked":"Sucker Punch","floor":20},{"not_picked":["Dagger Spray","hubris:SlightOfHand"],"picked":"Infinite Blades+1","floor":24},{"not_picked":["Prepared","Bane"],"picked":"Distraction","floor":27},{"not_picked":["Acrobatics","Sucker Punch","ReplayTheSpireMod:Tripwire"],"picked":"SKIP","floor":28},{"not_picked":["Poisoned Stab","Acrobatics+1"],"picked":"Reflex","floor":29},{"not_picked":["Atom Bomb","ReplayTheSpireMod:Necrosis"],"picked":"infinitespire:Neurotoxin","floor":33},{"not_picked":["Deadly Poison","Dash"],"picked":"Poisoned Stab+1","floor":35},{"not_picked":["Deadly Poison+1","Dagger Throw","Underhanded Strike+1"],"picked":"SKIP","floor":38}],"player_experience":612057,"relics_obtained":[{"floor":6,"key":"Mirror"},{"floor":9,"key":"Iron Hammer"},{"floor":12,"key":"Mercury Hourglass"},{"floor":14,"key":"ReplayTheSpireMod:Lightbulb"},{"floor":26,"key":"Replay:Bandana"},{"floor":37,"key":"Replay:Baseball"}],"event_choices":[{"damage_healed":0,"gold_gain":0,"player_choice":"2 cards matched","damage_taken":0,"max_hp_gain":0,"max_hp_loss":0,"event_name":"Match and Keep!","floor":3,"gold_loss":0,"cards_obtained":["Infinite Blades","infinitespire:Neurotoxin"]},{"damage_healed":0,"gold_gain":0,"player_choice":"Simplicity","damage_taken":0,"max_hp_gain":0,"max_hp_loss":0,"event_name":"Back to Basics","floor":22,"gold_loss":0,"cards_upgraded":["Strike_G","Strike_G","Strike_G","Strike_G","Defend_G","Defend_G","Defend_G","Defend_G","Defend_G"]},{"damage_healed":0,"gold_gain":0,"player_choice":"Got Potions","damage_taken":0,"max_hp_gain":0,"max_hp_loss":0,"event_name":"Lab","floor":25,"gold_loss":0},{"damage_healed":0,"gold_gain":0,"player_choice":"","damage_taken":6,"max_hp_gain":0,"max_hp_loss":0,"event_name":"Knowing Skull","floor":31,"potions_obtained":[],"gold_loss":0,"cards_obtained":[]},{"damage_healed":0,"gold_gain":0,"player_choice":"Relic","damage_taken":0,"max_hp_gain":0,"max_hp_loss":0,"event_name":"Wheel of Change","floor":37,"gold_loss":0}],"is_beta":false,"boss_relics":[{"not_picked":["HoveringKite","hubris:Backtick"],"picked":"WristBlade"},{"not_picked":["hubris:TerracottaHorce","Painkiller Herb"],"picked":"Empty Cage"}],"items_purged_floors":[],"is_endless":false,"potions_floor_spawned":[4,5,6,8,16,24,28,29,33,35],"killed_by":"Reptomancer","ascension_level":4}}