{"host":"k5dhp0bkccqfauyu","time":1608768662,"event":{"mods":["BaseMod","Better Note","Better Skull","Better Vampires","Colored Map","Colored Powertips","DeckTracker","Minty Spire (QoL Compilation)","Permanent Neow","StSLib","SuperFastMode"],"gold_per_floor":[119,132,132,144,144,144,160,179,249,281,292,320,370,380,380,380,380],"floor_reached":16,"playtime":771,"items_purged":[],"score":228,"play_id":"b36d7dc1-71da-404a-ab92-c21faadb7e13","local_time":"20201224111102","is_ascension_mode":true,"campfire_choices":[{"floor":6,"key":"REST"},{"floor":15,"key":"REST"}],"circlet_count":0,"master_deck":["AscendersBane","Strike_G","Strike_G","Strike_G","Strike_G","Strike_G","Defend_G","Defend_G","Defend_G","Defend_G","Defend_G","Survivor","Neutralize","CurseOfTheBell","Dagger Spray","Footwork+1","Well Laid Plans","Backflip","Caltrops","After Image","Acrobatics","Caltrops","All Out Attack"],"relics":["Calling Bell","Dream Catcher","HornCleat","Bird Faced Urn","Tough Bandages","Mercury Hourglass","Snake Skull","Lantern"],"acts_visited":["Exordium"],"potions_floor_usage":[10,10,14],"damage_taken":[{"damage":0,"enemies":"Small Slimes","floor":1,"turns":5},{"damage":16,"enemies":"Jaw Worm","floor":2,"turns":6},{"damage":0,"enemies":"Cultist","floor":4,"turns":5},{"damage":11,"enemies":"3 Louse","floor":7,"turns":4},{"damage":4,"enemies":"Red Slaver","floor":8,"turns":6},{"damage":15,"enemies":"Lagavulin","floor":10,"turns":9},{"damage":7,"enemies":"2 Fungi Beasts","floor":11,"turns":4},{"damage":18,"enemies":"3 Sentries","floor":12,"turns":8},{"damage":0,"enemies":"3 Louse","floor":14,"turns":2},{"damage":37,"enemies":"Slime Boss","floor":16,"turns":12}],"seed_played":"2885067759365237609","potions_obtained":[{"floor":4,"key":"AttackPotion"},{"floor":7,"key":"BlessingOfTheForge"},{"floor":12,"key":"GhostInAJar"}],"is_trial":false,"path_per_floor":["M","M","?","M","?","R","M","M","T","E","M","E","?","M","R","B"],"character_chosen":"THE_SILENT","items_purchased":[],"campfire_rested":2,"item_purchase_floors":[],"current_hp_per_floor":[59,43,8,10,10,29,22,22,22,13,12,2,2,8,27,0,0],"gold":380,"neow_bonus":"BOSS_RELIC","is_daily":false,"chose_seed":false,"campfire_upgraded":0,"win_rate":0.0,"timestamp":1608768662,"path_taken":["M","M","?","M","?","R","M","?","T","E","M","E","?","M","R","BOSS"],"items_purchased_type":[],"build_version":"2020-12-22","purchased_purges":0,"victory":false,"max_hp_per_floor":[66,66,66,66,66,66,66,66,66,66,66,66,66,66,66,66,66],"card_choices":[{"not_picked":["Concentrate","Flying Knee"],"picked":"Dagger Spray","floor":1},{"not_picked":["Deflect","Dagger Throw"],"picked":"Footwork","floor":2},{"not_picked":["PiercingWail","Heel Hook"],"picked":"Well Laid Plans","floor":4},{"not_picked":["PiercingWail","Bane"],"picked":"Backflip","floor":6},{"not_picked":["Bane","Dodge and Roll","Poisoned Stab"],"picked":"SKIP","floor":7},{"not_picked":["Bane","Blur"],"picked":"Caltrops","floor":8},{"not_picked":["Reflex","Underhanded Strike","Eviscerate"],"picked":"SKIP","floor":10},{"not_picked":["Eviscerate","Accuracy"],"picked":"After Image","floor":11},{"not_picked":["Slice","Outmaneuver"],"picked":"Acrobatics","floor":12},{"not_picked":["Endless Agony","Poisoned Stab"],"picked":"Caltrops","floor":14},{"not_picked":["Eviscerate","Terror"],"picked":"All Out Attack","floor":15}],"player_experience":1819869,"relics_obtained":[{"floor":0,"key":"Dream Catcher"},{"floor":0,"key":"HornCleat"},{"floor":0,"key":"Bird Faced Urn"},{"floor":9,"key":"Mercury Hourglass"},{"floor":10,"key":"Snake Skull"},{"floor":12,"key":"Lantern"}],"event_choices":[{"damage_healed":0,"gold_gain":0,"player_choice":"Success","damage_taken":35,"relics_obtained":["Tough Bandages"],"max_hp_gain":0,"max_hp_loss":0,"event_name":"Scrap Ooze","floor":3,"gold_loss":0},{"damage_healed":0,"gold_gain":0,"player_choice":"Forge","damage_taken":0,"max_hp_gain":0,"max_hp_loss":0,"event_name":"Accursed Blacksmith","floor":5,"gold_loss":0,"cards_upgraded":["Footwork"]},{"damage_healed":0,"gold_gain":50,"player_choice":"Pray","damage_taken":0,"max_hp_gain":0,"max_hp_loss":0,"event_name":"Golden Shrine","floor":13,"gold_loss":0}],"is_beta":false,"boss_relics":[],"items_purged_floors":[],"is_endless":false,"potions_floor_spawned":[4,7,8,12],"killed_by":"Slime Boss","ascension_level":20}}