{"host":"vcrofm1hbk0ziuql","time":1608841453,"event":{"mods":["2.2 Compatiblity","BaseMod","Colored Map","DeckTracker","Downfall","Googly Eyes","Highlight Path","Minty Spire (QoL Compilation)","StSLib"],"gold_per_floor":[99,119,137,137,149,149,224,240,250,262,262,276,276,276,294,389,389,389,400,410,0,14,14,67,67,95,20,40,57,57,70,84,179,179,29,46,46,31,163,180,203,230,249,264,293,310,328,339,351,351,351,384,43,43,43],"floor_reached":56,"playtime":5531,"items_purged":["hexamod:Defend+1"],"score":1206,"play_id":"04a449f9-1185-4551-9b14-24e93c7a8624","local_time":"20201224202413","is_ascension_mode":false,"campfire_choices":[{"data":"hexamod:Float","floor":1.0,"key":"SMITH"},{"data":"hexamod:SpectersWail","floor":6.0,"key":"SMITH"},{"data":"hexamod:RadiantFlame","floor":11.0,"key":"SMITH"},{"data":"hexamod:FastForward","floor":13.0,"key":"SMITH"},{"data":"hexamod:EmpoweredFlame","floor":18.0,"key":"SMITH"},{"floor":25.0,"key":"RECALL"},{"data":"hexamod:InspiringFlames","floor":27.0,"key":"SMITH"},{"data":"hexamod:TimeWarp","floor":35,"key":"SMITH"},{"floor":54,"key":"REST"}],"circlet_count":0,"master_deck":["hexamod:Sear+1","hexamod:Float+1","hexamod:StepThrough+1","hexamod:FastForward+1","hexamod:SpectersWail+1","hexamod:InspiringFlames+1","hexamod:FourthSeal","hexamod:RadiantFlame+1","hexamod:FirstSeal","hexamod:EmpoweredFlame+1","hexamod:SixthSeal","hexamod:AdvancingGuard+1","hexamod:GhostOfSpirePast+1","hexamod:BacktrackSmack+1","hexamod:Rewind+1","hexamod:SoulSteal+1","hexamod:StepThrough+1","hexamod:TimeWarp+1","hexamod:RainOfEmbers+1","hexamod:CatchUp+1","hexamod:Rewind+1","hexamod:GhostOfSpirePast+1","hexamod:PhantomCloak+1","hexamod:GhostOfSpireFuture+1","hexamod:ThirdSeal","hexamod:EmpoweredFlame+1","hexamod:PhantomCloak+1","hexamod:HeatCrush+1"],"relics":["hexamod:SpiritBrand","Mercury Hourglass","Empty Cage","Mummified Hand","Membership Card","hexamod:SoulConsumer","downfall:HeartBlessingGreen","hexamod:IceCube","downfall:HeartBlessingRed","downfall:HeartBlessingBlue","Turnip","Shuriken","Toolbox","Vajra","The Courier","Darkstone Periapt","Bottled Tornado","OrangePellets","Blood Vial","Nunchaku","Bronze Scales","Whetstone"],"acts_visited":["Exordium","TheCity","TheBeyond","TheEnding"],"potions_floor_usage":[33,36,38,40,40,43,46,47,55,55,55,55,55,55,55],"damage_taken":[{"damage":0.0,"enemies":"Cultist","floor":2.0,"turns":3.0},{"damage":3.0,"enemies":"2 Louse","floor":3.0,"turns":3.0},{"damage":0.0,"enemies":"Jaw Worm","floor":5.0,"turns":3.0},{"damage":0.0,"enemies":"Blue Slaver","floor":8.0,"turns":3.0},{"damage":0.0,"enemies":"2 Fungi Beasts","floor":9.0,"turns":2.0},{"damage":9.0,"enemies":"Exordium Thugs","floor":10.0,"turns":4.0},{"damage":0.0,"enemies":"Gremlin Gang","floor":12.0,"turns":2.0},{"damage":5.0,"enemies":"Large Slime","floor":15.0,"turns":5.0},{"damage":1.0,"enemies":"downfall:Watcher","floor":16.0,"turns":6.0},{"damage":10.0,"enemies":"Shell Parasite","floor":19.0,"turns":6.0},{"damage":8.0,"enemies":"Snecko","floor":20.0,"turns":4.0},{"damage":4.0,"enemies":"downfall:FleeingMerchant","floor":21.0,"turns":4.0},{"damage":12.0,"enemies":"Centurion and Healer","floor":22.0,"turns":5.0},{"damage":16.0,"enemies":"Gremlin Leader","floor":26.0,"turns":6.0},{"damage":8.0,"enemies":"Sentry and Sphere","floor":28.0,"turns":6.0},{"damage":0.0,"enemies":"Cultist and Chosen","floor":29.0,"turns":4.0},{"damage":0.0,"enemies":"Centurion and Healer","floor":31.0,"turns":3.0},{"damage":15.0,"enemies":"Snake Plant","floor":32.0,"turns":3.0},{"damage":15,"enemies":"downfall:Silent","floor":33,"turns":6},{"damage":10,"enemies":"3 Shapes","floor":36,"turns":3},{"damage":0,"enemies":"downfall:FleeingMerchant","floor":38,"turns":4},{"damage":0,"enemies":"downfall:FleeingMerchant","floor":39,"turns":2},{"damage":24,"enemies":"3 Darklings","floor":40,"turns":5},{"damage":12,"enemies":"Reptomancer","floor":42,"turns":4},{"damage":10,"enemies":"Jaw Worm Horde","floor":43,"turns":3},{"damage":13,"enemies":"4 Shapes","floor":44,"turns":3},{"damage":4,"enemies":"Giant Head","floor":45,"turns":6},{"damage":1,"enemies":"Maw","floor":46,"turns":5},{"damage":13,"enemies":"3 Darklings","floor":47,"turns":4},{"damage":0,"enemies":"4 Shapes","floor":48,"turns":2},{"damage":21,"enemies":"Writhing Mass","floor":49,"turns":4},{"damage":28,"enemies":"downfall:Ironclad","floor":50,"turns":7},{"damage":8,"enemies":"downfall:CharBossMerchant","floor":52,"turns":6},{"damage":18,"enemies":"downfall:NeowBoss","floor":55,"turns":18}],"seed_played":"2484050983785319072","potions_obtained":[{"floor":5.0,"key":"SmokeBomb"},{"floor":10.0,"key":"Ancient Potion"},{"floor":10.0,"key":"Ancient Potion"},{"floor":15.0,"key":"DistilledChaos"},{"floor":15.0,"key":"AttackPotion"},{"floor":16.0,"key":"Dexterity Potion"},{"floor":20.0,"key":"Dexterity Potion"},{"floor":20.0,"key":"Fruit Juice"},{"floor":21.0,"key":"hexamod:InfernoChargePotion"},{"floor":22.0,"key":"CultistPotion"},{"floor":28.0,"key":"AttackPotion"},{"floor":29.0,"key":"ColorlessPotion"},{"floor":31.0,"key":"FearPotion"},{"floor":36,"key":"SpeedPotion"},{"floor":38,"key":"Fruit Juice"},{"floor":39,"key":"LiquidBronze"},{"floor":40,"key":"CultistPotion"},{"floor":40,"key":"champ:CounterPotion"},{"floor":42,"key":"Slimebound:ThreeZeroPotion"},{"floor":43,"key":"Energy Potion"},{"floor":43,"key":"Guardian:BlockOnCardUsePotion"},{"floor":45,"key":"Fire Potion"},{"floor":46,"key":"FearPotion"},{"floor":46,"key":"Block Potion"},{"floor":47,"key":"Swift Potion"},{"floor":47,"key":"EntropicBrew"},{"floor":52,"key":"EntropicBrew"}],"is_trial":false,"path_per_floor":["R","M","M","?","M","R","T","M","M","M","R","M","R","?","M","B",null,"R","M","M","$","M","?","T","R","E","R","M","M","?","M","M","B",null,"R","M","?","$","$","M","T","E","M","M","E","M","M","M","M","B",null,"E","$","R","B",null],"character_chosen":"THE_SPIRIT","items_purchased":["Mummified Hand","Membership Card","Shuriken","Toolbox","OrangePellets","Blood Vial","Nunchaku","Bronze Scales","Whetstone"],"campfire_rested":1,"item_purchase_floors":[21,21,39,39,53,53,53,53,53],"current_hp_per_floor":[63,63,60,60,60,60,60,60,60,51,51,51,51,44,46,52,63,63,53,52,60,55,55,55,55,46,46,45,52,52,59,51,43,68,78,75,75,78,78,66,66,61,58,52,55,61,55,55,41,20,83,82,82,83,72],"gold":43,"neow_bonus":"REMOVE_TWO","is_daily":false,"chose_seed":false,"campfire_upgraded":7,"win_rate":0.0,"timestamp":1608841453,"path_taken":["R","?","M","?","?","R","T","M","M","M","R","M","R","?","M","BOSS","R","M","M","$","M","?","T","R","E","R","M","M","?","M","M","BOSS","R","M","?","?","$","M","T","E","M","M","E","M","?","?","M","BOSS","E","$","R","BOSS"],"items_purchased_type":["Relic","Relic","Relic","Relic","Relic","Relic","Relic","Relic","Relic"],"build_version":"2020-12-22","purchased_purges":1,"victory":true,"max_hp_per_floor":[63,63,63,63,63,63,63,63,63,63,63,63,63,63,63,63,63,63,63,63,68,68,68,68,68,68,68,68,68,68,68,68,68,68,78,78,78,78,78,83,83,83,83,83,83,83,83,83,83,83,83,83,83,83,83],"card_choices":[{"not_picked":["hexamod:FastForward","hexamod:ExtraCrispy"],"picked":"hexamod:StepThrough","floor":2.0},{"not_picked":["hexamod:NightmareGuise","hexamod:RainOfEmbers"],"picked":"hexamod:FastForward","floor":3.0},{"not_picked":["hexamod:HauntingEcho","hexamod:GhostOfSpirePresent"],"picked":"hexamod:SpectersWail","floor":5.0},{"not_picked":["hexamod:RainOfEmbers","hexamod:ExtraCrispy"],"picked":"hexamod:InspiringFlames","floor":8.0},{"not_picked":["hexamod:Hexaguard","hexamod:EmpoweredFlame"],"picked":"hexamod:FourthSeal","floor":9.0},{"not_picked":["hexamod:GhostShield","hexamod:PhantomCloak"],"picked":"hexamod:RadiantFlame","floor":10.0},{"not_picked":["hexamod:Incineration","hexamod:ThermalTransfer","hexamod:GhostShield"],"picked":"SKIP","floor":12.0},{"not_picked":["hexamod:SpectralAdrenaline","hexamod:GhostLash"],"picked":"hexamod:EmpoweredFlame","floor":15.0},{"not_picked":["hexamod:WildfireWeapon","hexamod:SearingWound"],"picked":"hexamod:SixthSeal","floor":16.0},{"not_picked":["hexamod:SpectersWail","hexamod:Haunt+1","hexamod:GhostLash"],"picked":"SKIP","floor":19.0},{"not_picked":["hexamod:NightmareGuise","hexamod:Firestarter+1","hexamod:SpectersWail"],"picked":"SKIP","floor":20.0},{"not_picked":["hexamod:HauntingEcho","hexamod:EmpoweringStance"],"picked":"hexamod:AdvancingGuard+1","floor":21.0},{"not_picked":["hexamod:BurningTouch+1","hexamod:Hexaguard+1"],"picked":"hexamod:GhostOfSpirePast+1","floor":22.0},{"not_picked":["hexamod:SwordOfDarkness","hexamod:Firestarter+1"],"picked":"hexamod:BacktrackSmack+1","floor":26.0},{"not_picked":["hexamod:HauntingEcho","hexamod:BacktrackSmack+1"],"picked":"hexamod:Rewind+1","floor":28.0},{"not_picked":["hexamod:ThermalTransfer+1","hexamod:GhostLash","hexamod:GhostShield"],"picked":"SKIP","floor":29.0},{"not_picked":["hexamod:EtherealExpedition","hexamod:ParanormalForm","hexamod:HeatCrush"],"picked":"SKIP","floor":31.0},{"not_picked":["hexamod:GhostLash","hexamod:FastForward","hexamod:Incineration+1"],"picked":"SKIP","floor":32},{"not_picked":["hexamod:GhostLash","hexamod:FastForward","hexamod:Incineration+1"],"picked":"SKIP","floor":32},{"not_picked":["hexamod:CrushingStance","hexamod:WildfireWeapon"],"picked":"hexamod:TimeWarp","floor":33},{"not_picked":["hexamod:FourthSeal","hexamod:BurningTouch+1"],"picked":"hexamod:RainOfEmbers+1","floor":36},{"not_picked":["hexamod:RadiantFlame","hexamod:Incineration","hexamod:Again"],"picked":"SKIP","floor":38},{"not_picked":["hexamod:InspiringFlames+1","hexamod:NightmareGuise"],"picked":"hexamod:CatchUp","floor":39},{"not_picked":["hexamod:Incineration+1","hexamod:ThermalTransfer+1"],"picked":"hexamod:Rewind+1","floor":40},{"not_picked":["hexamod:NightmareStrike+1","hexamod:ThermalTransfer"],"picked":"hexamod:GhostOfSpirePast+1","floor":42},{"not_picked":["hexamod:PhantomFireball","hexamod:ThermalTransfer","hexamod:NightmareGuise"],"picked":"SKIP","floor":43},{"not_picked":["hexamod:RainOfEmbers+1","hexamod:GhostflameInferno"],"picked":"hexamod:PhantomCloak","floor":44},{"not_picked":["hexamod:BurningTouch","hexamod:NightmareGuise","hexamod:GhostShield+1"],"picked":"SKIP","floor":45},{"not_picked":["hexamod:HeatCrush+1","hexamod:ShieldOfDarkness+1","hexamod:AdvancingGuard"],"picked":"SKIP","floor":46},{"not_picked":["hexamod:AdvancingGuard","hexamod:ShieldOfDarkness+1"],"picked":"hexamod:GhostOfSpireFuture+1","floor":47},{"not_picked":["hexamod:Incineration+1","hexamod:GhostLash+1"],"picked":"hexamod:ThirdSeal","floor":48},{"not_picked":["hexamod:SkipABeat+1","hexamod:Firestarter"],"picked":"hexamod:EmpoweredFlame","floor":49},{"not_picked":["hexamod:ThermalTransfer","hexamod:DynamicBlow+1","hexamod:FastForward"],"picked":"SKIP","floor":49},{"not_picked":["hexamod:SkipABeat+1","hexamod:GhostLash+1"],"picked":"hexamod:PhantomCloak+1","floor":52},{"not_picked":["hexamod:Firestarter+1","hexamod:NightmareGuise"],"picked":"hexamod:HeatCrush","floor":52}],"player_experience":539511,"relics_obtained":[{"floor":7.0,"key":"Mercury Hourglass"},{"floor":26.0,"key":"hexamod:SoulConsumer"},{"floor":37,"key":"Turnip"},{"floor":41,"key":"Vajra"},{"floor":42,"key":"The Courier"},{"floor":45,"key":"Darkstone Periapt"},{"floor":52,"key":"Bottled Tornado"}],"event_choices":[{"cards_removed":["hexamod:Strike"],"damage_healed":0.0,"max_hp_gain":0.0,"max_hp_loss":0.0,"gold_gain":0.0,"event_name":"Bonfire Elementals","player_choice":"Offered Basic","floor":4.0,"gold_loss":0.0,"damage_taken":0.0},{"damage_healed":0.0,"max_hp_gain":0.0,"max_hp_loss":0.0,"gold_gain":0.0,"cards_transformed":["hexamod:Strike","hexamod:Defend"],"event_name":"Drug Dealer","player_choice":"Became Test Subject","floor":30.0,"gold_loss":0.0,"damage_taken":0.0,"cards_obtained":["hexamod:SoulSteal","hexamod:StepThrough"]},{"damage_healed":0,"gold_gain":0,"player_choice":"Relic","damage_taken":0,"max_hp_gain":0,"max_hp_loss":0,"event_name":"Wheel of Change","floor":37,"gold_loss":0}],"is_beta":false,"boss_relics":[{"not_picked":["Velvet Choker","Busted Crown"],"picked":"Empty Cage"},{"not_picked":["SlaversCollar","Cursed Key"],"picked":"hexamod:IceCube"}],"items_purged_floors":[53],"is_endless":false,"potions_floor_spawned":[5,10,15,16,20,32,40,43,45,46,47,49],"ascension_level":0}}