{"host":"k0kjm4m87pwj4phr","time":1608816310,"event":{"mods":["ATMod(°¢èªMod)","BaseMod","Colored Map","Colored Powertips","Minty Spire (QoL Compilation)","Permanent Neow","Quick Restart","Relic Stats","Replay The Spire","StSLib","The Dragon Tamer"],"gold_per_floor":[116,116,116,130,146,185,225,253,253,253,295,48,81,114,114,230,230,252,281,308,233,274,274,309,309,334,387,387,427,473,628,628,766,766,787,840,840,884,431,431,306,306,306,4,56,106,119,175,175,196,196,196,42,109,133,133],"floor_reached":55,"playtime":1484,"items_purged":["Strike_G","Defend_G","Defend_G","Doubt"],"score":2470,"play_id":"35f07e9a-47c8-4fde-a7b2-f3d0b418a137","local_time":"20201224212510","is_ascension_mode":true,"campfire_choices":[{"data":"AT_EmpoweredMortalDraw","floor":10,"key":"SMITH"},{"data":"AT_FamilyPortrait","floor":15,"key":"SMITH"},{"floor":23,"key":"RECALL"},{"floor":25,"key":"REST"},{"floor":28,"key":"REST"},{"floor":32,"key":"REST"},{"floor":40,"key":"REST"},{"floor":42,"key":"REST"},{"floor":49,"key":"REST"},{"floor":52,"key":"REST"}],"circlet_count":0,"master_deck":["AscendersBane","Strike_G","Strike_G","Strike_G","Strike_G","Defend_G","Defend_G","Defend_G","Survivor","Neutralize","AT_EmpoweredMortalDraw+1","AT_FamilyPortrait+1","Cloak And Dagger","AT_ShadowStep","After Image","Adrenaline","AT_ShadowStep","Infinite Blades","Prepared","Adrenaline","Cloak And Dagger+1","Doppelganger","AT_BreakingExtremeWeapon","AT_Desolate","AT_EmpoweredMortalDraw+1","AT_ShadowStep+1","Infinite Blades","Infinite Blades"],"relics":["AT_ATBox","AT_MortalBlade","Golden Idol","Sundial","Replay:Bandana","AT_BladeRuinedKing","Ornamental Fan","Pocketwatch","Fusion Hammer","Onion Ring","Eternal Feather","Replay:Wax Seal","Replay:Kaleidoscope","Letter Opener","Cursed Key","BargainBundle","AT_RedTearstoneRing","Kunai","DollysMirror","Snack Pack","Question Card","Replay:Baseball","Pet Ghost"],"acts_visited":["Exordium","TheCity","TheBeyond","TheEnding"],"potions_floor_usage":[50,50],"damage_taken":[{"damage":0,"enemies":"2 Louse","floor":1,"turns":2},{"damage":0,"enemies":"Jaw Worm","floor":4,"turns":2},{"damage":0,"enemies":"Cultist","floor":5,"turns":2},{"damage":0,"enemies":"Gremlin Nob","floor":6,"turns":2},{"damage":0,"enemies":"Red Slaver","floor":7,"turns":4},{"damage":3,"enemies":"Looter","floor":8,"turns":3},{"damage":8,"enemies":"Exordium Wildlife","floor":11,"turns":3},{"damage":0,"enemies":"3 Sentries","floor":13,"turns":1},{"damage":0,"enemies":"Exordium Thugs","floor":14,"turns":1},{"damage":1,"enemies":"Slime Boss","floor":16,"turns":6},{"damage":0,"enemies":"Spheric Guardian","floor":18,"turns":1},{"damage":0,"enemies":"Chosen","floor":19,"turns":1},{"damage":0,"enemies":"3 Cultists","floor":20,"turns":2},{"damage":8,"enemies":"Snake Plant","floor":22,"turns":3},{"damage":0,"enemies":"Slavers","floor":24,"turns":1},{"damage":6,"enemies":"Book of Stabbing","floor":27,"turns":3},{"damage":0,"enemies":"Snecko","floor":29,"turns":2},{"damage":7,"enemies":"Slavers","floor":30,"turns":2},{"damage":14,"enemies":"Colosseum Slavers","floor":31,"turns":2},{"damage":10,"enemies":"Colosseum Nobs","floor":31,"turns":3},{"damage":0,"enemies":"Automaton","floor":33,"turns":4},{"damage":0,"enemies":"Orb Walker","floor":35,"turns":1},{"damage":13,"enemies":"3 Darklings","floor":36,"turns":3},{"damage":16,"enemies":"Maw","floor":38,"turns":4},{"damage":0,"enemies":"Reptomancer","floor":45,"turns":2},{"damage":0,"enemies":"Sphere and 2 Shapes","floor":47,"turns":1},{"damage":0,"enemies":"R_Hoarder","floor":48,"turns":2},{"damage":31,"enemies":"Donu and Deca","floor":50,"turns":4},{"damage":0,"enemies":"Shield and Spear","floor":54,"turns":2},{"damage":66,"enemies":"The Heart","floor":55,"turns":3}],"seed_played":"7960219078031801851","potions_obtained":[{"floor":1,"key":"DuplicationPotion"},{"floor":4,"key":"Doom Potion"},{"floor":22,"key":"Adrenaline Potion"},{"floor":48,"key":"DuplicationPotion"}],"is_trial":false,"path_per_floor":["M","?","T","M","M","E","M","M","T","R","M","$","E","M","R","B",null,"M","M","M","$","M","R","E","R","T","E","R","M","E","?","R","B",null,"M","M","?","M","$","R","$","R","T","$","E","?","M","E","R","B",null,"R","$","E","B"],"character_chosen":"THE_SILENT","items_purchased":["Ornamental Fan","BargainBundle","AT_BreakingExtremeWeapon","AT_Desolate","AT_RedTearstoneRing","DollysMirror","Replay:Baseball"],"campfire_rested":7,"item_purchase_floors":[12,39,39,39,39,44,53],"current_hp_per_floor":[59,59,59,59,59,59,59,56,56,56,48,48,48,48,48,47,57,57,57,57,57,49,49,49,60,60,54,60,60,53,29,59,59,60,60,47,47,31,31,60,60,60,60,60,60,60,60,60,60,33,53,60,60,60,0,0],"gold":133,"neow_bonus":"BOSS_RELIC","is_daily":false,"chose_seed":false,"campfire_upgraded":2,"win_rate":0.0,"timestamp":1608816310,"path_taken":["M","?","?","M","?","E","M","M","T","R","M","?","E","M","R","BOSS","M","M","M","$","M","R","E","R","T","E","R","M","E","?","R","BOSS","M","M","?","M","$","R","?","R","T","$","E","?","M","E","R","BOSS","R","$","E","BOSS"],"items_purchased_type":["Relic","Relic","Card","Card","Relic","Relic","Relic"],"build_version":"2020-12-22","purchased_purges":4,"victory":false,"max_hp_per_floor":[66,60,60,60,60,60,60,60,60,60,60,60,60,60,60,60,60,60,60,60,60,60,60,60,60,60,60,60,60,60,60,60,60,60,60,60,60,60,60,60,60,60,60,60,60,60,60,60,60,60,60,60,60,60,60,60],"relic_stats":{"counters":[30,72],"Golden Idol":196,"Sundial":[2],"Ornamental Fan":[112],"Eternal Feather":40,"Letter Opener":[162],"Kunai":[9],"Cursed Key":1,"Question Card":1,"obtain_stats":[{"BargainBundle":39,"AT_RedTearstoneRing":39,"AT_ATBox":0,"Golden Idol":2,"AT_MortalBlade":0,"Eternal Feather":27,"AT_BladeRuinedKing":9,"Replay:Kaleidoscope":31,"Letter Opener":31,"Cursed Key":34,"Question Card":48,"Pet Ghost":54,"Replay:Bandana":6,"Replay:Baseball":53,"Sundial":3,"Ornamental Fan":12,"DollysMirror":44,"Onion Ring":24,"Fusion Hammer":17,"Snack Pack":45,"Kunai":43,"Replay:Wax Seal":30,"Ring of the Snake":0,"Pocketwatch":13},{"BargainBundle":24,"AT_RedTearstoneRing":24,"AT_ATBox":0,"Golden Idol":1,"AT_MortalBlade":0,"Eternal Feather":16,"AT_BladeRuinedKing":6,"Replay:Kaleidoscope":20,"Letter Opener":20,"Cursed Key":21,"Question Card":27,"Pet Ghost":29,"Replay:Bandana":4,"Replay:Baseball":28,"Sundial":1,"Ornamental Fan":7,"DollysMirror":24,"Onion Ring":15,"Fusion Hammer":10,"Snack Pack":25,"Kunai":24,"Replay:Wax Seal":18,"Ring of the Snake":0,"Pocketwatch":8},{"BargainBundle":58,"AT_RedTearstoneRing":58,"AT_ATBox":0,"Golden Idol":2,"AT_MortalBlade":0,"Eternal Feather":37,"AT_BladeRuinedKing":15,"Replay:Kaleidoscope":46,"Letter Opener":46,"Cursed Key":50,"Question Card":63,"Pet Ghost":69,"Replay:Bandana":8,"Replay:Baseball":67,"Sundial":2,"Ornamental Fan":18,"DollysMirror":58,"Onion Ring":34,"Fusion Hammer":26,"Snack Pack":60,"Kunai":58,"Replay:Wax Seal":41,"Ring of the Snake":0,"Pocketwatch":19}],"Pocketwatch":[9]},"card_choices":[{"not_picked":["Concentrate","Bane"],"picked":"Cloak And Dagger","floor":1},{"not_picked":["Bane","Deflect","Dagger Spray"],"picked":"SKIP","floor":4},{"not_picked":["Endless Agony","Toxin Wave","Slice"],"picked":"SKIP","floor":5},{"not_picked":["Calculated Gamble","Backflip"],"picked":"AT_ShadowStep","floor":6},{"not_picked":["Poisoned Stab","AT_ThistleTea","Masterful Stab"],"picked":"SKIP","floor":7},{"not_picked":["Cloak And Dagger","Toxin Wave","Quick Slash"],"picked":"SKIP","floor":8},{"not_picked":["Dagger Throw","Underhanded Strike","Quick Slash"],"picked":"SKIP","floor":11},{"not_picked":["Bane","Bouncing Flask"],"picked":"After Image","floor":13},{"not_picked":["Quick Slash","Toxin Wave","Poisoned Stab"],"picked":"SKIP","floor":14},{"not_picked":["AT_EssenceShift","Phantasmal Killer"],"picked":"Adrenaline","floor":16},{"not_picked":["Deadly Poison","AT_ThistleTea"],"picked":"AT_ShadowStep","floor":18},{"not_picked":["Bouncing Flask","Dagger Spray","Noxious Fumes"],"picked":"SKIP","floor":19},{"not_picked":["Dagger Spray","Cloak And Dagger"],"picked":"Infinite Blades","floor":20},{"not_picked":["Bane","Sucker Punch","Slice+1"],"picked":"SKIP","floor":22},{"not_picked":["Bouncing Flask","Sucker Punch+1"],"picked":"Prepared","floor":24},{"not_picked":["Concentrate","Poisoned Stab"],"picked":"Adrenaline","floor":27},{"not_picked":["Draining Mist","Bane"],"picked":"Cloak And Dagger+1","floor":29},{"not_picked":["Dagger Throw","Footwork","Underhanded Strike"],"picked":"SKIP","floor":30},{"not_picked":["ReplayTheSpireMod:Necrosis","Phantasmal Killer"],"picked":"Doppelganger","floor":33},{"not_picked":["Escape Plan","Masterful Stab","Bane+1"],"picked":"SKIP","floor":35},{"not_picked":["Flying Knee+1","Reflex","Blade Dance"],"picked":"SKIP","floor":36},{"not_picked":["Dagger Spray","Slice","Draining Mist"],"picked":"SKIP","floor":38},{"not_picked":["AT_TwilightShroud","Backflip","Leg Sweep+1"],"picked":"SKIP","floor":45},{"not_picked":["Flying Knee","Eviscerate"],"picked":"AT_ShadowStep+1","floor":47},{"not_picked":["Eviscerate","Cloak And Dagger"],"picked":"Infinite Blades","floor":48},{"not_picked":["Deflect","PiercingWail+1","AT_ThistleTea"],"picked":"Infinite Blades","floor":54}],"player_experience":434745,"relics_obtained":[{"floor":3,"key":"Sundial"},{"floor":6,"key":"Replay:Bandana"},{"floor":9,"key":"AT_BladeRuinedKing"},{"floor":13,"key":"Pocketwatch"},{"floor":24,"key":"Onion Ring"},{"floor":27,"key":"Eternal Feather"},{"floor":30,"key":"Replay:Wax Seal"},{"floor":31,"key":"Replay:Kaleidoscope"},{"floor":31,"key":"Letter Opener"},{"floor":43,"key":"Kunai"},{"floor":45,"key":"Snack Pack"},{"floor":48,"key":"Question Card"},{"floor":54,"key":"Pet Ghost"}],"event_choices":[{"damage_healed":0,"gold_gain":0,"player_choice":"Lose Max HP","damage_taken":0,"relics_obtained":["Golden Idol"],"max_hp_gain":0,"max_hp_loss":6,"event_name":"Golden Idol","floor":2,"gold_loss":0},{"damage_healed":0,"gold_gain":0,"player_choice":"Fight","damage_taken":0,"max_hp_gain":0,"max_hp_loss":0,"event_name":"Colosseum","floor":31,"gold_loss":0},{"damage_healed":0,"gold_gain":0,"player_choice":"Fought Nobs","damage_taken":0,"max_hp_gain":0,"max_hp_loss":0,"event_name":"Colosseum","floor":31,"gold_loss":0},{"damage_healed":0,"gold_gain":0,"player_choice":"Ignored","damage_taken":0,"max_hp_gain":0,"max_hp_loss":0,"event_name":"SecretPortal","floor":37,"gold_loss":0},{"damage_healed":0,"gold_gain":50,"player_choice":"Pray","damage_taken":0,"max_hp_gain":0,"max_hp_loss":0,"event_name":"Golden Shrine","floor":46,"gold_loss":0}],"is_beta":false,"boss_relics":[{"not_picked":["Replay:Bronze Core","Abe\u0027s Treasure"],"picked":"Fusion Hammer"},{"not_picked":["Snecko Eye","SacredBark"],"picked":"Cursed Key"}],"items_purged_floors":[21,39,41,44],"is_endless":false,"potions_floor_spawned":[1,4,11,14,16,18,22,29,30,31,35,48],"killed_by":"The Heart","ascension_level":15}}