{"host":"hn99riirbf0lv0ml","time":1608845472,"event":{"mods":["AchievementEnabler","Act Like it!","BaseMod","Colored Map","Colored Powertips","Downfall","Duelist Mod","Friendly Minions","Gensokyo","GifTheSpireLib","Jorbs\u0027s Wanderer Trilogy","Marisa????????","Minty Spire (QoL Compilation)","Rare Cards Sparkle","StSLib","The Animator","The Bug Knight","The Cursed","The Runesmith","The Servant 0.9.4"],"gold_per_floor":[116,116,116,130,40,66,79,93,142,142,67,67,31,48,48,153,153,133,133,151,161,86,86,100,199,199,199,9,9,9,26,26,123,123,134,9,9,9],"floor_reached":37,"playtime":5180,"items_purged":["Strike_B","Strike_B","Strike_B"],"score":367,"play_id":"769158e8-264a-46fe-b0ef-fb67269776fc","local_time":"20201224163112","is_ascension_mode":false,"campfire_choices":[{"floor":10,"key":"REST"},{"data":"Hologram","floor":12,"key":"SMITH"},{"data":"Defragment","floor":15,"key":"SMITH"},{"floor":23,"key":"REST"},{"floor":27,"key":"REST"},{"floor":29,"key":"REST"},{"floor":32,"key":"REST"}],"circlet_count":0,"master_deck":["Defend_B","Defend_B","Defend_B","Defend_B","Dualcast","Sweeping Beam","Defragment+1","Hologram+1","Echo Form","Sweeping Beam","Scrape","Streamline","Compile Driver+1","expansioncontent:DefensiveMode+1","Reprogram+1","Go for the Eyes","Stack+1","Conserve Battery","Aggregate","expansioncontent:TimeRipple","Beam Cell","Creative AI","Ball Lightning+1"],"relics":["Cracked Core","Mummified Hand","Happy Flower","Astrolabe","SlaversCollar"],"acts_visited":["Exordium","TheCity","TheBeyond"],"potions_floor_usage":[16],"damage_taken":[{"damage":1,"enemies":"2 Louse","floor":1,"turns":3},{"damage":3,"enemies":"Jaw Worm","floor":4,"turns":3},{"damage":17,"enemies":"3 Sentries","floor":6,"turns":4},{"damage":1,"enemies":"Cultist","floor":7,"turns":3},{"damage":18,"enemies":"Lots of Slimes","floor":8,"turns":3},{"damage":0,"enemies":"Large Slime","floor":14,"turns":4},{"damage":54,"enemies":"The Guardian","floor":16,"turns":10},{"damage":17,"enemies":"2 Thieves","floor":18,"turns":4},{"damage":13,"enemies":"Spheric Guardian","floor":20,"turns":5},{"damage":36,"enemies":"Chosen and Byrds","floor":21,"turns":6},{"damage":0,"enemies":"Snecko","floor":24,"turns":6},{"damage":21,"enemies":"3 Cultists","floor":31,"turns":4},{"damage":50,"enemies":"Automaton","floor":33,"turns":12},{"damage":63,"enemies":"3 Darklings","floor":35,"turns":5},{"damage":29,"enemies":"3 Shapes","floor":37,"turns":1}],"seed_played":"8476055219858193006","potions_obtained":[{"floor":6,"key":"ColorlessPotion"},{"floor":8,"key":"hexamod:EctoCoolerPotion"},{"floor":16,"key":"SteroidPotion"},{"floor":18,"key":"BlessingOfTheForge"}],"is_trial":false,"path_per_floor":["M","?","?","M","$","E","M","M","T","R","$","R","$","M","R","B",null,"M","?","M","M","?","R","M","?","T","R","$","R","$","M","R","B",null,"M","$","M"],"character_chosen":"DEFECT","items_purchased":["expansioncontent:HyperBeam","Scrape","expansioncontent:TimeRipple"],"campfire_rested":5,"item_purchase_floors":[5,13,28],"current_hp_per_floor":[81,86,86,83,83,66,65,47,47,73,73,73,73,73,73,19,87,70,70,57,21,21,47,47,47,47,73,73,87,87,66,87,37,87,24,24,0,0],"gold":9,"neow_bonus":"TEN_PERCENT_HP_BONUS","is_daily":false,"chose_seed":false,"campfire_upgraded":2,"win_rate":0.0,"timestamp":1608845472,"path_taken":["M","?","?","M","$","E","M","?","T","R","$","R","?","M","R","BOSS","M","?","M","M","?","R","M","?","T","R","$","R","?","M","R","BOSS","M","$","M"],"items_purchased_type":["Card","Card","Card"],"build_version":"2020-12-22","purchased_purges":3,"victory":false,"max_hp_per_floor":[82,87,87,87,87,87,87,87,87,87,87,87,87,87,87,87,87,87,87,87,87,87,87,87,87,87,87,87,87,87,87,87,87,87,87,87,87,87],"card_choices":[{"not_picked":["Leap","Rebound"],"picked":"Sweeping Beam","floor":1},{"not_picked":["Steam","Storm"],"picked":"Defragment","floor":4},{"not_picked":["Beam Cell","Coolheaded"],"picked":"Hologram","floor":6},{"not_picked":["Reprogram","Conserve Battery"],"picked":"Echo Form","floor":7},{"not_picked":["Scrape","Lockon"],"picked":"Sweeping Beam","floor":8},{"not_picked":["Auto Shields","Hello World"],"picked":"Streamline","floor":14},{"not_picked":["Rainbow","Amplify"],"picked":"Electrodynamics","floor":16},{"not_picked":["Streamline","Rip and Tear+1"],"picked":"Go for the Eyes","floor":18},{"not_picked":["Glacier+1","Coolheaded"],"picked":"Stack+1","floor":20},{"not_picked":["Redo","Rebound"],"picked":"Conserve Battery","floor":21},{"not_picked":["Steam","Cold Snap+1"],"picked":"Aggregate","floor":24},{"not_picked":["Glacier","Conserve Battery"],"picked":"Beam Cell","floor":31},{"not_picked":["Machine Learning","Reboot"],"picked":"Creative AI","floor":33},{"not_picked":["Leap","Glacier"],"picked":"Ball Lightning+1","floor":35}],"player_experience":97621,"relics_obtained":[{"floor":6,"key":"Mummified Hand"},{"floor":9,"key":"Happy Flower"}],"event_choices":[{"damage_healed":0,"gold_gain":0,"player_choice":"Donut","damage_taken":0,"max_hp_gain":5,"max_hp_loss":0,"event_name":"Big Fish","floor":2,"gold_loss":0},{"damage_healed":0,"gold_gain":0,"player_choice":"Bought 0 Potions","damage_taken":0,"max_hp_gain":0,"max_hp_loss":0,"event_name":"The Woman in Blue","floor":3,"gold_loss":0},{"damage_healed":0,"gold_gain":0,"player_choice":"Ignored","damage_taken":0,"max_hp_gain":0,"max_hp_loss":0,"event_name":"Vampires","floor":19,"gold_loss":0},{"cards_removed":["Strike_B"],"damage_healed":0,"gold_gain":0,"player_choice":"Gave Gold","damage_taken":0,"max_hp_gain":0,"max_hp_loss":0,"event_name":"Beggar","floor":22,"gold_loss":75},{"damage_healed":0,"gold_gain":99,"player_choice":"Stole From Cult","damage_taken":0,"max_hp_gain":0,"max_hp_loss":0,"event_name":"Nest","floor":25,"gold_loss":0}],"is_beta":false,"boss_relics":[{"not_picked":["Coffee Dripper","Runic Pyramid"],"picked":"Astrolabe"},{"not_picked":["Busted Crown","Nuclear Battery"],"picked":"SlaversCollar"}],"items_purged_floors":[11,28,36],"is_endless":false,"potions_floor_spawned":[6,8,16,18,21,24,31],"killed_by":"3 Shapes","ascension_level":0}}