{"host":"5bdt6s51dmpd4l3v","time":1608801920,"event":{"mods":["AchievementEnabler","BaseMod","Colored Map","Colored Powertips","Highlight Path","Minty Spire (QoL Compilation)","Quick Restart","Rare Cards Sparkle","StSLib"],"gold_per_floor":[112,212,232,8,19,19,37,37,60,60,93,43,43,43,43,43,43],"floor_reached":16,"playtime":266,"items_purged":[],"score":172,"play_id":"44ce28f2-9f16-451b-bdea-ed21a0980e9d","local_time":"20201224172520","is_ascension_mode":true,"campfire_choices":[{"data":"Whirlwind","floor":6,"key":"SMITH"},{"data":"Armaments","floor":8,"key":"SMITH"},{"data":"Spot Weakness","floor":10,"key":"SMITH"},{"data":"Heavy Blade","floor":13,"key":"SMITH"},{"data":"Thunderclap","floor":15,"key":"SMITH"}],"circlet_count":0,"master_deck":["AscendersBane","Strike_R","Strike_R","Strike_R","Strike_R","Strike_R","Defend_R","Defend_R","Defend_R","Defend_R","Bash","Whirlwind+1","Thunderclap+1","Spot Weakness+1","Armaments+1","Heavy Blade+1"],"relics":["Burning Blood","NeowsBlessing","HandDrill","Strawberry","Oddly Smooth Stone"],"acts_visited":["Exordium"],"potions_floor_usage":[7,7,16],"damage_taken":[{"damage":0,"enemies":"Cultist","floor":1,"turns":1},{"damage":0,"enemies":"2 Louse","floor":3,"turns":1},{"damage":0,"enemies":"Small Slimes","floor":5,"turns":1},{"damage":0,"enemies":"Gremlin Gang","floor":7,"turns":2},{"damage":35,"enemies":"Lagavulin","floor":11,"turns":5},{"damage":53,"enemies":"The Guardian","floor":16,"turns":8}],"seed_played":"520225600293806497","potions_obtained":[{"floor":1,"key":"Explosive Potion"},{"floor":3,"key":"PowerPotion"}],"is_trial":false,"path_per_floor":["M","?","M","$","M","R","M","R","T","R","E","$","R","$","R","B"],"character_chosen":"IRONCLAD","items_purchased":["HandDrill","Spot Weakness","Strength Potion"],"campfire_rested":0,"item_purchase_floors":[4,4,12],"current_hp_per_floor":[74,74,75,75,75,75,75,75,82,82,53,53,53,53,53,0,0],"gold":43,"neow_bonus":"THREE_ENEMY_KILL","is_daily":false,"chose_seed":false,"campfire_upgraded":5,"win_rate":0.0,"timestamp":1608801920,"path_taken":["M","?","M","$","?","R","M","R","T","R","E","$","R","?","R","BOSS"],"items_purchased_type":["Relic","Card","Potion"],"build_version":"2020-12-22","purchased_purges":0,"victory":false,"max_hp_per_floor":[75,75,75,75,75,75,75,75,82,82,82,82,82,82,82,82,82],"card_choices":[{"not_picked":["Metallicize","Twin Strike"],"picked":"Whirlwind","floor":1},{"not_picked":["Cleave","Pommel Strike"],"picked":"Thunderclap","floor":3},{"not_picked":["Anger","Intimidate","Fire Breathing"],"picked":"SKIP","floor":5},{"not_picked":["Metallicize","Blood for Blood"],"picked":"Armaments","floor":7},{"not_picked":["Pommel Strike","Carnage"],"picked":"Heavy Blade","floor":11}],"player_experience":224342,"relics_obtained":[{"floor":9,"key":"Strawberry"},{"floor":11,"key":"Oddly Smooth Stone"}],"event_choices":[{"damage_healed":0,"gold_gain":100,"player_choice":"Gold","damage_taken":0,"max_hp_gain":0,"max_hp_loss":0,"event_name":"Wheel of Change","floor":2,"gold_loss":0}],"is_beta":false,"boss_relics":[],"items_purged_floors":[],"is_endless":false,"potions_floor_spawned":[1,3],"killed_by":"The Guardian","ascension_level":15}}