{"host":"6pgtslebjnyv5xmi","time":1608812481,"event":{"mods":["AchievementEnabler","BaseMod","Colored Map","Minty Spire (QoL Compilation)","Rare Cards Sparkle","StSLib","SuperFastMode","The Dragon Tamer","everything is the same but u backflip on backflip"],"gold_per_floor":[112,125,125,139,65,65,80,110,110,110,127,127,144,158,158,262,262,273,289,303,228,240,240,240],"floor_reached":23,"playtime":1303,"items_purged":[],"score":236,"play_id":"e220a369-b307-4e30-9841-00f0b843075c","local_time":"20201224212121","is_ascension_mode":true,"campfire_choices":[{"data":"Dualcast","floor":6,"key":"SMITH"},{"data":"Sweeping Beam","floor":12,"key":"SMITH"},{"data":"Melter","floor":15,"key":"SMITH"}],"circlet_count":0,"master_deck":["Strike_B","Strike_B","Strike_B","Defend_B","Defend_B","Defend_B","Defend_B","Zap+1","Dualcast+1","FTL","Gash","Melter+1","Turbo","Beam Cell","Leap","Sweeping Beam+1","Steam+1","Stack+1","Rainbow+1","Scrape","Chill+1","Conserve Battery+1","Gash"],"relics":["FrozenCore","Singing Bowl","Toxic Egg 2"],"acts_visited":["Exordium","TheCity"],"potions_floor_usage":[8,16,20],"damage_taken":[{"damage":2,"enemies":"Jaw Worm","floor":1,"turns":3},{"damage":0,"enemies":"2 Louse","floor":2,"turns":1},{"damage":0,"enemies":"Small Slimes","floor":4,"turns":3},{"damage":0,"enemies":"Exordium Wildlife","floor":7,"turns":3},{"damage":26,"enemies":"Gremlin Nob","floor":8,"turns":5},{"damage":0,"enemies":"2 Fungi Beasts","floor":11,"turns":3},{"damage":12,"enemies":"Lots of Slimes","floor":13,"turns":3},{"damage":0,"enemies":"Looter","floor":14,"turns":2},{"damage":41,"enemies":"The Guardian","floor":16,"turns":9},{"damage":0,"enemies":"Spheric Guardian","floor":18,"turns":3},{"damage":10,"enemies":"Chosen","floor":19,"turns":6},{"damage":3,"enemies":"Snecko","floor":20,"turns":6},{"damage":35,"enemies":"Cultist and Chosen","floor":22,"turns":7},{"damage":34,"enemies":"Book of Stabbing","floor":23,"turns":5}],"seed_played":"-8450049770877370","potions_obtained":[{"floor":1,"key":"LiquidMemories"},{"floor":4,"key":"BlessingOfTheForge"},{"floor":7,"key":"Dexterity Potion"},{"floor":13,"key":"SmokeBomb"},{"floor":16,"key":"Explosive Potion"},{"floor":18,"key":"Energy Potion"},{"floor":19,"key":"Ancient Potion"}],"is_trial":false,"path_per_floor":["M","M","?","M","$","R","M","E","T","?","M","R","M","M","R","B",null,"M","M","M","?","M","E"],"character_chosen":"DEFECT","items_purchased":["Turbo","Beam Cell"],"campfire_rested":0,"item_purchase_floors":[5,5],"current_hp_per_floor":[73,73,73,73,73,73,73,49,49,74,74,74,62,62,62,21,77,77,67,64,64,29,0,0],"gold":240,"neow_bonus":"UPGRADE_CARD","is_daily":false,"chose_seed":false,"campfire_upgraded":3,"win_rate":0.0,"timestamp":1608812481,"path_taken":["M","M","?","M","$","R","M","E","T","?","M","R","M","M","R","BOSS","M","M","M","?","M","E"],"items_purchased_type":["Card","Card"],"build_version":"2020-12-22","purchased_purges":0,"victory":false,"max_hp_per_floor":[75,75,75,75,75,75,75,77,77,77,77,77,77,77,77,77,77,77,77,77,77,77,77,77],"card_choices":[{"not_picked":["Redo","Turbo"],"picked":"FTL","floor":1},{"not_picked":["Fusion","Sunder"],"picked":"Gash","floor":2},{"not_picked":["Auto Shields","Fusion"],"picked":"Melter","floor":4},{"not_picked":["Hello World","Fusion"],"picked":"Leap","floor":7},{"not_picked":["Defragment","Redo","Coolheaded"],"picked":"Singing Bowl","floor":8},{"not_picked":["Tempest+1","Doom and Gloom"],"picked":"Sweeping Beam","floor":11},{"not_picked":["Coolheaded+1","Leap+1"],"picked":"Steam+1","floor":13},{"not_picked":["Coolheaded+1","Go for the Eyes"],"picked":"Stack+1","floor":14},{"not_picked":["Creative AI","Thunder Strike"],"picked":"Rainbow+1","floor":16},{"not_picked":["Ball Lightning+1","Redo+1"],"picked":"Scrape","floor":18},{"not_picked":["Hologram+1","Sweeping Beam+1"],"picked":"Chill+1","floor":19},{"not_picked":["Storm+1","Sweeping Beam+1"],"picked":"Conserve Battery+1","floor":20},{"not_picked":["Loop","Ball Lightning"],"picked":"Gash","floor":22}],"player_experience":453797,"relics_obtained":[{"floor":8,"key":"Singing Bowl"},{"floor":9,"key":"Toxic Egg 2"}],"event_choices":[{"damage_healed":0,"gold_gain":0,"cards_transformed":["Strike_B"],"player_choice":"Change","damage_taken":0,"max_hp_gain":0,"max_hp_loss":0,"event_name":"Living Wall","floor":3,"gold_loss":0,"cards_obtained":["Storm"]},{"damage_healed":25,"gold_gain":0,"player_choice":"Banana","damage_taken":0,"max_hp_gain":0,"max_hp_loss":0,"event_name":"Big Fish","floor":10,"gold_loss":0},{"cards_removed":["Storm"],"damage_healed":0,"gold_gain":0,"player_choice":"Gave Gold","damage_taken":0,"max_hp_gain":0,"max_hp_loss":0,"event_name":"Beggar","floor":21,"gold_loss":75}],"is_beta":false,"boss_relics":[{"not_picked":["Snecko Eye","Runic Dome"],"picked":"FrozenCore"}],"items_purged_floors":[],"is_endless":false,"potions_floor_spawned":[1,4,7,13,16,18,19],"killed_by":"Book of Stabbing","ascension_level":4}}