{"host":"yp47u74hk6n79vj1","time":1608836074,"event":{"mods":["BaseMod","Minty Spire (QoL Compilation)"],"gold_per_floor":[111,129,141,141,16,16,51,63,152,164,189,241,253,296,308,320,320],"floor_reached":16,"playtime":487,"items_purged":["Strike_B"],"score":113,"play_id":"c9faae97-cb75-474f-ac32-5c079bf823f3","local_time":"20201224135434","is_ascension_mode":true,"campfire_choices":[{"data":"Coolheaded","floor":6,"key":"SMITH"},{"data":"FTL","floor":8,"key":"SMITH"},{"data":"Conserve Battery","floor":13,"key":"SMITH"},{"data":"Steam","floor":15,"key":"SMITH"}],"circlet_count":0,"master_deck":["Strike_B","Strike_B","Strike_B","Defend_B","Defend_B","Defend_B","Defend_B","Zap","Dualcast","Turbo","FTL+1","Streamline","Coolheaded+1","Steam+1","Turbo","Conserve Battery+1"],"relics":["Cracked Core","Golden Idol","MawBank","Sundial","Torii","Odd Mushroom"],"acts_visited":["Exordium"],"potions_floor_usage":[7,12,16],"damage_taken":[{"damage":0,"enemies":"Small Slimes","floor":1,"turns":3},{"damage":1,"enemies":"Jaw Worm","floor":2,"turns":3},{"damage":0,"enemies":"2 Louse","floor":3,"turns":3},{"damage":5,"enemies":"3 Sentries","floor":7,"turns":7},{"damage":5,"enemies":"Looter","floor":11,"turns":3},{"damage":25,"enemies":"Gremlin Nob","floor":12,"turns":4},{"damage":8,"enemies":"The Mushroom Lair","floor":14,"turns":5},{"damage":41,"enemies":"Slime Boss","floor":16,"turns":8}],"seed_played":"4391012786740897838","potions_obtained":[{"floor":2,"key":"DuplicationPotion"},{"floor":7,"key":"Block Potion"},{"floor":14,"key":"Regen Potion"}],"is_trial":false,"path_per_floor":["M","M","M","?","$","R","E","R","T","?","M","E","R","?","R","B"],"character_chosen":"DEFECT","items_purchased":["Coolheaded"],"campfire_rested":0,"item_purchase_floors":[5],"current_hp_per_floor":[82,81,81,61,61,61,56,56,56,56,51,26,26,18,18,0,0],"gold":320,"neow_bonus":"TEN_PERCENT_HP_BONUS","is_daily":false,"chose_seed":false,"campfire_upgraded":4,"win_rate":0.0,"timestamp":1608836074,"path_taken":["M","M","M","?","$","R","E","R","T","?","M","E","R","?","R","BOSS"],"items_purchased_type":["Card"],"build_version":"2020-12-22","purchased_purges":1,"victory":false,"max_hp_per_floor":[82,82,82,82,82,82,82,82,82,82,82,82,82,82,82,82,82],"card_choices":[{"not_picked":["Barrage","Ball Lightning"],"picked":"Turbo","floor":1},{"not_picked":["Compile Driver","Barrage"],"picked":"FTL","floor":2},{"not_picked":["Gash","Leap"],"picked":"Streamline","floor":3},{"not_picked":["Storm","Sweeping Beam"],"picked":"Steam","floor":7},{"not_picked":["Cold Snap","Seek"],"picked":"Turbo","floor":11},{"not_picked":["Barrage","Steam"],"picked":"Conserve Battery","floor":12}],"player_experience":500660,"relics_obtained":[{"floor":7,"key":"MawBank"},{"floor":9,"key":"Sundial"},{"floor":12,"key":"Torii"},{"floor":14,"key":"Odd Mushroom"}],"event_choices":[{"damage_healed":0,"gold_gain":0,"player_choice":"Take Damage","damage_taken":20,"relics_obtained":["Golden Idol"],"max_hp_gain":0,"max_hp_loss":0,"event_name":"Golden Idol","floor":4,"gold_loss":0},{"damage_healed":0,"gold_gain":0,"player_choice":"Ignored","damage_taken":0,"max_hp_gain":0,"max_hp_loss":0,"event_name":"Liars Game","floor":10,"gold_loss":0},{"damage_healed":0,"gold_gain":0,"player_choice":"Fought Mushrooms","damage_taken":0,"max_hp_gain":0,"max_hp_loss":0,"event_name":"Mushrooms","floor":14,"gold_loss":0}],"is_beta":false,"boss_relics":[],"items_purged_floors":[5],"is_endless":false,"potions_floor_spawned":[2,7,14],"killed_by":"Slime Boss","ascension_level":1}}