{"host":"a1eatafr7pisesky","time":1608825409,"event":{"mods":["BaseMod","Colored Map","DeckTracker","Highlight Path","Keyboard Shortcuts","Minty Spire (QoL Compilation)","Permanent Neow","Random Character Button","StSLib","SuperFastMode"],"gold_per_floor":[114,124,124,137,137,137,170,170,219,230,73,107,117,135,135,233,233,214,214,229,247,172,172,172],"floor_reached":23,"playtime":604,"items_purged":["Strike_R"],"score":305,"play_id":"9d90ca09-cdd2-4024-9048-35fe6e39228a","local_time":"20201225005649","is_ascension_mode":true,"campfire_choices":[{"data":"Bash","floor":6.0,"key":"SMITH"},{"data":"Shrug It Off","floor":8.0,"key":"SMITH"},{"data":"Second Wind","floor":15.0,"key":"SMITH"}],"circlet_count":0,"master_deck":["AscendersBane","Strike_R","Defend_R","Defend_R","Defend_R","Defend_R","Bash+1","Dropkick","Anger","Twin Strike","Shrug It Off+1","Dropkick","Sever Soul","Second Wind+1","Thunderclap","Offering","Battle Trance+1"],"relics":["Burning Blood","Nunchaku","Toy Ornithopter","Lee\u0027s Waffle","Incense Burner","Black Star"],"acts_visited":["Exordium","TheCity"],"potions_floor_usage":[],"damage_taken":[{"damage":13.0,"enemies":"Small Slimes","floor":1.0,"turns":4.0},{"damage":6.0,"enemies":"Cultist","floor":2.0,"turns":3.0},{"damage":12.0,"enemies":"Jaw Worm","floor":4.0,"turns":2.0},{"damage":27.0,"enemies":"Lagavulin","floor":7.0,"turns":4.0},{"damage":12.0,"enemies":"2 Fungi Beasts","floor":10.0,"turns":4.0},{"damage":25.0,"enemies":"3 Sentries","floor":12.0,"turns":9.0},{"damage":13.0,"enemies":"Exordium Wildlife","floor":13.0,"turns":3.0},{"damage":1.0,"enemies":"Lots of Slimes","floor":14.0,"turns":4.0},{"damage":63.0,"enemies":"The Guardian","floor":16.0,"turns":12.0},{"damage":28.0,"enemies":"2 Thieves","floor":18.0,"turns":4.0},{"damage":11.0,"enemies":"3 Byrds","floor":20.0,"turns":5.0},{"damage":51.0,"enemies":"Snake Plant","floor":21.0,"turns":5.0},{"damage":8,"enemies":"Centurion and Healer","floor":23,"turns":1}],"seed_played":"1021079175126057477","potions_obtained":[{"floor":4.0,"key":"DuplicationPotion"},{"floor":10.0,"key":"Energy Potion"},{"floor":12.0,"key":"Block Potion"},{"floor":13.0,"key":"SkillPotion"},{"floor":18.0,"key":"Weak Potion"}],"is_trial":false,"path_per_floor":["M","M","?","M","?","R","E","R","T","M","$","E","M","M","R","B",null,"M","?","M","M","$","M"],"character_chosen":"IRONCLAD","items_purchased":["Lee\u0027s Waffle"],"campfire_rested":0,"item_purchase_floors":[11],"current_hp_per_floor":[65,65,58,52,57,57,36,36,36,30,92,73,71,81,81,24,75,53,53,48,8,8,0,0],"gold":172,"neow_bonus":"TRANSFORM_CARD","is_daily":false,"chose_seed":false,"campfire_upgraded":3,"win_rate":0.0,"timestamp":1608825409,"path_taken":["M","M","?","M","?","R","E","R","T","M","$","E","M","M","R","BOSS","M","?","M","M","$","M"],"items_purchased_type":["Relic"],"build_version":"2020-12-22","purchased_purges":1,"victory":false,"max_hp_per_floor":[80,80,80,80,85,85,85,85,85,85,92,92,92,92,92,92,92,92,92,92,92,92,92,92],"card_choices":[{"not_picked":["Havoc","Clash"],"picked":"Anger","floor":1.0},{"not_picked":["Clash","Heavy Blade"],"picked":"Twin Strike","floor":2.0},{"not_picked":["Intimidate","Armaments"],"picked":"Shrug It Off","floor":4.0},{"not_picked":["Sword Boomerang","Havoc"],"picked":"Dropkick","floor":7.0},{"not_picked":["Dual Wield","Iron Wave"],"picked":"Sever Soul","floor":10.0},{"not_picked":["Flex","Rage"],"picked":"Second Wind","floor":12.0},{"not_picked":["Twin Strike","Bludgeon"],"picked":"Thunderclap","floor":13.0},{"not_picked":["Havoc","Iron Wave","Rage"],"picked":"SKIP","floor":14.0},{"not_picked":["Barricade","Feed"],"picked":"Offering","floor":16.0},{"not_picked":["Body Slam","Wild Strike"],"picked":"Battle Trance+1","floor":18.0},{"not_picked":["True Grit","Pommel Strike","Rampage"],"picked":"SKIP","floor":20.0},{"not_picked":["Sentinel","Perfected Strike","Clash"],"picked":"SKIP","floor":21.0}],"player_experience":243980,"relics_obtained":[{"floor":7.0,"key":"Nunchaku"},{"floor":9.0,"key":"Toy Ornithopter"},{"floor":12.0,"key":"Incense Burner"}],"event_choices":[{"cards_removed":["Strike_R"],"damage_healed":0.0,"max_hp_gain":0.0,"max_hp_loss":0.0,"gold_gain":0.0,"event_name":"Golden Wing","player_choice":"Card Removal","floor":3.0,"gold_loss":0.0,"damage_taken":7.0},{"damage_healed":0.0,"max_hp_gain":5.0,"max_hp_loss":0.0,"gold_gain":0.0,"event_name":"Big Fish","player_choice":"Donut","floor":5.0,"gold_loss":0.0,"damage_taken":0.0},{"cards_removed":["Strike_R"],"damage_healed":0.0,"max_hp_gain":0.0,"max_hp_loss":0.0,"gold_gain":0.0,"event_name":"Back to Basics","player_choice":"Elegance","floor":19.0,"gold_loss":0.0,"damage_taken":0.0}],"is_beta":false,"boss_relics":[{"not_picked":["Fusion Hammer","Snecko Eye"],"picked":"Black Star"}],"items_purged_floors":[22],"is_endless":false,"potions_floor_spawned":[4,10,12,13,18],"killed_by":"Centurion and Healer","ascension_level":10}}