{"host":"sav7uxregyirlf69","time":1608791611,"event":{"mods":["AchievementEnabler","BaseMod","Colored Map","DeckTracker","Keyboard Shortcuts","Minty Spire (QoL Compilation)","READ ME - Guardian Mod","StSLib","SuperFastMode"],"gold_per_floor":[119,69,85,97,117,117,128,128,128,153,166,166,166,166],"floor_reached":13,"playtime":197,"items_purged":[],"score":131,"play_id":"6f5daf11-00f0-4f11-b098-b4d447034892","local_time":"20201224153331","is_ascension_mode":true,"campfire_choices":[{"data":"Darkness","floor":6,"key":"SMITH"},{"floor":12,"key":"REST"}],"circlet_count":0,"master_deck":["AscendersBane","Strike_B","Strike_B","Strike_B","Defend_B","Defend_B","Defend_B","Defend_B","Zap","Dualcast","Darkness+1","Doom and Gloom","Redo","Melter","Turbo"],"relics":["Philosopher\u0027s Stone","Frozen Egg 2","Letter Opener"],"acts_visited":["Exordium"],"potions_floor_usage":[],"damage_taken":[{"damage":3,"enemies":"Small Slimes","floor":1,"turns":3},{"damage":4,"enemies":"2 Louse","floor":3,"turns":4},{"damage":2,"enemies":"Jaw Worm","floor":4,"turns":4},{"damage":12,"enemies":"Exordium Wildlife","floor":5,"turns":4},{"damage":9,"enemies":"Large Slime","floor":7,"turns":4},{"damage":29,"enemies":"3 Sentries","floor":10,"turns":5},{"damage":10,"enemies":"Red Slaver","floor":11,"turns":3},{"damage":40,"enemies":"Gremlin Nob","floor":13,"turns":3}],"seed_played":"7429418711266531941","potions_obtained":[{"floor":1,"key":"PotionOfCapacity"}],"is_trial":false,"path_per_floor":["M","?","M","M","M","R","M","?","T","E","M","R","E"],"character_chosen":"DEFECT","items_purchased":[],"campfire_rested":1,"item_purchase_floors":[],"current_hp_per_floor":[65,65,61,59,47,47,38,43,43,14,4,28,0,0],"gold":166,"neow_bonus":"BOSS_RELIC","is_daily":false,"chose_seed":false,"campfire_upgraded":1,"win_rate":0.0,"timestamp":1608791611,"path_taken":["M","?","M","M","M","R","M","?","T","E","M","R","E"],"items_purchased_type":[],"build_version":"2020-12-22","purchased_purges":0,"victory":false,"max_hp_per_floor":[75,75,75,75,75,75,75,80,80,80,80,80,80,80],"card_choices":[{"not_picked":["FTL","Gash"],"picked":"Darkness","floor":1},{"not_picked":["Steam","Gash"],"picked":"Doom and Gloom","floor":3},{"not_picked":["Stack","Undo"],"picked":"Redo","floor":4},{"not_picked":["Leap","Go for the Eyes"],"picked":"Melter","floor":5},{"not_picked":["Auto Shields","Scrape","Barrage"],"picked":"SKIP","floor":7},{"not_picked":["Aggregate","Stack"],"picked":"Turbo","floor":10},{"not_picked":["FTL","Redo","Steam"],"picked":"SKIP","floor":11}],"player_experience":1000524,"relics_obtained":[{"floor":9,"key":"Frozen Egg 2"},{"floor":10,"key":"Letter Opener"}],"event_choices":[{"cards_removed":["Strike_B"],"damage_healed":0,"gold_gain":0,"player_choice":"Card Removal","damage_taken":0,"max_hp_gain":0,"max_hp_loss":0,"event_name":"The Cleric","floor":2,"gold_loss":50},{"damage_healed":0,"gold_gain":0,"player_choice":"Donut","damage_taken":0,"max_hp_gain":5,"max_hp_loss":0,"event_name":"Big Fish","floor":8,"gold_loss":0}],"is_beta":false,"boss_relics":[],"items_purged_floors":[],"is_endless":false,"potions_floor_spawned":[1],"killed_by":"Gremlin Nob","ascension_level":10}}