{"host":"1kq2ingo3j45gyyp","time":1608797525,"event":{"mods":["BaseMod","Better Note","Better Third Choice","Minty Spire (QoL Compilation)","StSLib","The Gatherer"],"gold_per_floor":[114,16,31,31,0,30,30,45,45,60,90,90,105,120,120,220,220,235,140,170,185,12,12,12],"floor_reached":23,"playtime":972,"items_purged":["Indignation"],"score":296,"play_id":"d5185626-3e98-46d3-bd18-9fe4271cdb00","local_time":"20201224031205","daily_mods":["Insanity","Purple Cards","DeadlyEvents"],"is_ascension_mode":false,"campfire_choices":[{"data":"Hello World","floor":7,"key":"SMITH"},{"data":"Hello World","floor":12,"key":"SMITH"},{"data":"Crescendo","floor":15,"key":"SMITH"}],"circlet_count":0,"master_deck":["FollowUp","Evaluate","FlyingSleeves","WaveOfTheHand","Coolheaded","Defragment","Cold Snap","Weave","Nirvana","Consecrate","Beam Cell","Prostrate","Ball Lightning","Capacitor","Crescendo","Evaluate","Hologram","Rebound","ClearTheMind","Halt","Undo","ReachHeaven","CutThroughFate","Turbo","Hello World+1","Beam Cell","Fasting2","JustLucky","SandsOfTime","Sunder","Coolheaded","WheelKick","FlyingSleeves","ClearTheMind","Cold Snap","Streamline","Genetic Algorithm","Compile Driver","Consecrate","Conserve Battery","Doom and Gloom","Turbo","SashWhip","EmptyBody","Sanctity","Crescendo+1","Hello World+1","FollowUp","Reprogram","Defragment","Discovery","Enlightenment","Perseverance","Steam","Sweeping Beam","EmptyFist","DevaForm","CurseOfTheBell","Storm","Loop","Cold Snap","Storm","Defragment","BootSequence","Conserve Battery"],"relics":["Cracked Core","MealTicket","Matryoshka","Boot","Calling Bell","Potion Belt","Question Card","Lizard Tail","CaptainsWheel"],"acts_visited":["Exordium","TheCity"],"potions_floor_usage":[16,21,23,23],"damage_taken":[{"damage":8,"enemies":"Small Slimes","floor":1,"turns":2},{"damage":6,"enemies":"Jaw Worm","floor":3,"turns":3},{"damage":25,"enemies":"Gremlin Nob","floor":6,"turns":4},{"damage":0,"enemies":"Cultist","floor":8,"turns":3},{"damage":10,"enemies":"Lots of Slimes","floor":10,"turns":4},{"damage":0,"enemies":"Lagavulin","floor":11,"turns":6},{"damage":0,"enemies":"2 Fungi Beasts","floor":13,"turns":2},{"damage":8,"enemies":"3 Louse","floor":14,"turns":2},{"damage":20,"enemies":"Slime Boss","floor":16,"turns":8},{"damage":4,"enemies":"Spheric Guardian","floor":18,"turns":4},{"damage":62,"enemies":"Book of Stabbing","floor":20,"turns":9},{"damage":13,"enemies":"3 Byrds","floor":21,"turns":2},{"damage":25,"enemies":"Gremlin Leader","floor":23,"turns":6}],"seed_played":"-4388098555046818604","potions_obtained":[{"floor":3,"key":"SkillPotion"},{"floor":10,"key":"LiquidBronze"},{"floor":13,"key":"FocusPotion"},{"floor":16,"key":"Swift Potion"},{"floor":18,"key":"FearPotion"},{"floor":21,"key":"Energy Potion"}],"is_trial":false,"path_per_floor":["M","$","M","?","?","E","R","M","T","M","E","R","M","M","R","B",null,"M","$","E","M","$","E"],"character_chosen":"DEFECT","items_purchased":["Discovery","Loop","Cold Snap","BootSequence","Conserve Battery"],"campfire_rested":0,"item_purchase_floors":[2,19,19,22,22],"current_hp_per_floor":[67,67,61,66,72,47,47,47,47,37,37,37,37,29,29,9,86,82,86,24,11,26,1,1],"gold":12,"neow_bonus":"","is_daily":true,"chose_seed":false,"campfire_upgraded":3,"win_rate":0.0,"timestamp":1608797525,"path_taken":["M","$","M","?","?","E","R","M","T","M","E","R","?","M","R","BOSS","M","?","?","M","$","E"],"items_purchased_type":["Card","Card","Card","Card","Card"],"build_version":"2020-12-22","purchased_purges":1,"victory":false,"max_hp_per_floor":[75,75,75,80,86,86,86,86,86,86,86,86,86,86,86,86,86,86,86,86,86,86,86,86],"card_choices":[{"not_picked":["Consecrate","SashWhip"],"picked":"Defragment","floor":1},{"not_picked":["Darkness","Compile Driver","PathToVictory"],"picked":"SKIP","floor":3},{"not_picked":["CarveReality","Genetic Algorithm","Sunder"],"picked":"SKIP","floor":6},{"not_picked":["Stack","Reinforced Body"],"picked":"Perseverance","floor":8},{"not_picked":["Protect","Collect","Beam Cell"],"picked":"SKIP","floor":10},{"not_picked":["Hologram","Thunder Strike"],"picked":"Steam","floor":11},{"not_picked":["Indignation","FlyingSleeves"],"picked":"Sweeping Beam","floor":13},{"not_picked":["Gash","EmptyBody"],"picked":"EmptyFist","floor":14},{"not_picked":["Amplify","All For One"],"picked":"DevaForm","floor":16},{"not_picked":["Beam Cell","Steam Power","BowlingBash"],"picked":"Storm","floor":18},{"not_picked":["Worship","Hologram","LessonLearned"],"picked":"Storm","floor":20},{"not_picked":["PathToVictory","Beam Cell+1","Protect+1"],"picked":"Defragment","floor":21}],"player_experience":818071,"relics_obtained":[{"floor":6,"key":"MealTicket"},{"floor":9,"key":"Matryoshka"},{"floor":11,"key":"Boot"},{"floor":17,"key":"Potion Belt"},{"floor":17,"key":"Question Card"},{"floor":17,"key":"Lizard Tail"},{"floor":20,"key":"CaptainsWheel"}],"event_choices":[{"damage_healed":0,"gold_gain":0,"player_choice":"Donut","damage_taken":0,"max_hp_gain":5,"max_hp_loss":0,"event_name":"Big Fish","floor":4,"gold_loss":0},{"damage_healed":0,"gold_gain":0,"player_choice":"RENOUNCE","damage_taken":31,"max_hp_gain":0,"max_hp_loss":0,"event_name":"betterThird:BetterSerpent","floor":5,"gold_loss":31,"cards_obtained":["Enlightenment"]}],"is_beta":false,"boss_relics":[{"not_picked":["Black Star","Snecko Eye"],"picked":"Calling Bell"}],"items_purged_floors":[22],"is_endless":false,"potions_floor_spawned":[3,10,13,14,16,18,21],"killed_by":"Gremlin Leader","ascension_level":0}}