{"host":"od099uxc49ip1k8b","time":1608852793,"event":{"mods":["Act Like it!","BaseMod","Downfall","Gensokyo","Hermit","Marisa????????","Minty Spire (QoL Compilation)","Remilia??????","StSLib","The Animator","The Cursed","The Servant 0.9.4"],"gold_per_floor":[115,129,129,129,159,159,170,205,254,285,285,285,285,285],"floor_reached":13,"playtime":3863,"items_purged":[],"score":85,"play_id":"c82eb5d4-7725-4807-b4c5-24614407d06f","local_time":"20201224183313","is_ascension_mode":false,"campfire_choices":[{"data":"animator:Evileye","floor":6,"key":"SMITH"},{"floor":11,"key":"REST"}],"circlet_count":0,"master_deck":["animator:Strike_Konosuba","animator:Defend_Konosuba","animator:Strike","animator:Strike","animator:Strike","animator:Defend","animator:Defend","animator:Defend","animator:Kazuma","animator:Aqua","animator:TukaLunaMarceau","animator:Jibril","animator:Evileye+1","animator:Shalltear","animator:GuildGirl","animator:PandorasActor+1"],"relics":["animator:LivingPicture","animator:TheMissingPiece","CaptainsWheel","Ancient Tea Set"],"acts_visited":["Exordium"],"potions_floor_usage":[],"damage_taken":[{"damage":0,"enemies":"2 Louse","floor":1,"turns":4},{"damage":0,"enemies":"Small Slimes","floor":2,"turns":5},{"damage":5,"enemies":"Cultist","floor":5,"turns":6},{"damage":24,"enemies":"Large Slime","floor":7,"turns":13},{"damage":40,"enemies":"3 Sentries","floor":8,"turns":12},{"damage":12,"enemies":"Red Slaver","floor":10,"turns":8},{"damage":52,"enemies":"Gremlin Nob","floor":13,"turns":5}],"seed_played":"6262124024496525029","potions_obtained":[{"floor":1,"key":"SkillPotion"},{"floor":8,"key":"AttackPotion"}],"is_trial":false,"path_per_floor":["M","M","?","?","M","R","M","E","T","M","R","?","E"],"character_chosen":"THE_ANIMATOR","items_purchased":[],"campfire_rested":1,"item_purchase_floors":[],"current_hp_per_floor":[72,72,72,77,74,74,53,15,15,5,28,28,0,0],"gold":285,"neow_bonus":"TEN_PERCENT_HP_BONUS","is_daily":false,"chose_seed":false,"campfire_upgraded":1,"win_rate":0.0,"timestamp":1608852793,"path_taken":["M","M","?","?","M","R","M","E","T","M","R","?","E"],"items_purchased_type":[],"build_version":"2020-12-22","purchased_purges":0,"victory":false,"max_hp_per_floor":[72,72,72,77,77,77,78,78,78,78,78,78,78,78],"card_choices":[{"not_picked":["animator:Ain","animator:Illya"],"picked":"animator:TukaLunaMarceau","floor":1},{"not_picked":["animator:DolaCouronne","animator:SakuraMatou"],"picked":"animator:Jibril","floor":2},{"not_picked":["animator:TukaLunaMarceau","animator:GuildGirl"],"picked":"animator:Evileye","floor":5},{"not_picked":["animator:Demiurge","animator:Entoma"],"picked":"animator:Shalltear","floor":7},{"not_picked":["animator:Jibril","animator:TukaLunaMarceau"],"picked":"animator:GuildGirl","floor":8},{"not_picked":["animator:Raven","animator:Arpeggio"],"picked":"animator:PandorasActor","floor":10}],"player_experience":53258,"relics_obtained":[{"floor":8,"key":"CaptainsWheel"},{"floor":9,"key":"Ancient Tea Set"}],"event_choices":[{"damage_healed":0,"gold_gain":0,"player_choice":"Ignored","damage_taken":0,"max_hp_gain":0,"max_hp_loss":0,"event_name":"Liars Game","floor":3,"gold_loss":0},{"damage_healed":0,"gold_gain":0,"player_choice":"Donut","damage_taken":0,"max_hp_gain":5,"max_hp_loss":0,"event_name":"Big Fish","floor":4,"gold_loss":0},{"damage_healed":0,"gold_gain":0,"player_choice":"Grow","damage_taken":0,"max_hp_gain":0,"max_hp_loss":0,"event_name":"Living Wall","floor":12,"gold_loss":0,"cards_upgraded":["animator:PandorasActor"]}],"is_beta":false,"boss_relics":[],"items_purged_floors":[],"is_endless":false,"potions_floor_spawned":[1,8],"killed_by":"Gremlin Nob","ascension_level":0}}