{"host":"0cnf9zf1gia27zti","time":1608848426,"event":{"mods":["BaseMod","BetterRewards","Card Forge","Colored Map","Colored Powertips","Conspire","Downfall","Minty Spire (QoL Compilation)","Practice Mode","Quick Restart","Replay The Spire","Robot Space Explorer","Shade Mod","Spicy Shops","StSLib"],"gold_per_floor":[112,122,6,21,21,21,35,35,111,111,125,136,136,150,150,224,224,236,236,98,61,74,108,108,88,88,188,220,43,93,108,108,86,86,104,201,251,270,158,158,18,45,45,45,65,65,65,78,78,78],"floor_reached":51,"playtime":2500,"items_purged":["Strike_B","Languid"],"score":1439,"play_id":"a10b174e-998a-4b42-bb84-92f09d8fe622","local_time":"20201224222026","is_ascension_mode":true,"campfire_choices":[{"data":"Panache","floor":6,"key":"SMITH"},{"floor":15,"key":"DIG"},{"floor":24,"key":"REST"},{"floor":32,"key":"REST"},{"floor":40,"key":"REST"},{"data":"Panache","floor":47,"key":"SMITH"},{"data":"Dualcast","floor":49,"key":"SMITH"}],"circlet_count":0,"master_deck":["AscendersBane","Defend_B","Defend_B+1","Defend_B","Zap+1","Dualcast+1","expansioncontent:DashGenerateEvil","Melter","Panache+1","Self Repair+1","Beam Cell+1","Self Repair","Multi-Cast","Steam","Gash","Streamline+1","Self Repair+1","Streamline+1","All For One+1","Gash+1","FTL+1","Scrape+1","Panache+1","Panache+1","FTL+1","Gash+1","Go for the Eyes+1","Scrape+1","Conserve Battery","ReplayTheSpireMod:IOU","Core Surge+1","All For One+1","FTL+1","Go for the Eyes+1","Secret Technique","conspire:Banana","Flash of Steel+1","Sweeping Beam+1","Beam Cell+1","Finesse","Steam","Sweeping Beam+1","Gash+1"],"relics":["Cracked Core","Hammer of Thor","Seething Fire","Anvil of the Gods","Divine Protection","Kunai","Replay:Wax Seal","ReplayTheSpireMod:CursedCoin","Molten Egg 2","Bag of Marbles","Astrolabe","SsserpentHead","DollysMirror","HornCleat","Red Mask","Quantum Egg","StrikeDummy","Shuriken","Coffee Dripper","Replay:Multitool","Pen Nib","Frozen Egg 2","Replay:Bottled Snecko"],"acts_visited":["Exordium","TheCity","TheBeyond"],"potions_floor_usage":[12,16,18,25,33,36,42,50],"damage_taken":[{"damage":0,"enemies":"2 Louse","floor":1,"turns":2},{"damage":0,"enemies":"Small Slimes","floor":2,"turns":1},{"damage":0,"enemies":"Cultist","floor":4,"turns":2},{"damage":0,"enemies":"Large Slime","floor":7,"turns":4},{"damage":6,"enemies":"2 Fungi Beasts","floor":11,"turns":3},{"damage":0,"enemies":"Gremlin Gang","floor":12,"turns":2},{"damage":3,"enemies":"Looter","floor":14,"turns":2},{"damage":57,"enemies":"Fading Forest","floor":16,"turns":11},{"damage":0,"enemies":"Shell Parasite","floor":18,"turns":2},{"damage":4,"enemies":"3 Byrds","floor":21,"turns":3},{"damage":35,"enemies":"3 Cultists","floor":22,"turns":5},{"damage":19,"enemies":"Book of Stabbing","floor":23,"turns":5},{"damage":0,"enemies":"Masked Bandits","floor":25,"turns":3},{"damage":0,"enemies":"Slavers","floor":28,"turns":3},{"damage":8,"enemies":"Centurion and Healer","floor":31,"turns":2},{"damage":0,"enemies":"Collector","floor":33,"turns":5},{"damage":4,"enemies":"3 Darklings","floor":35,"turns":3},{"damage":16,"enemies":"2 Orb Walkers","floor":36,"turns":3},{"damage":8,"enemies":"3 Shapes","floor":38,"turns":3},{"damage":31,"enemies":"Giant Head","floor":42,"turns":6},{"damage":0,"enemies":"Sphere and 2 Shapes","floor":45,"turns":2},{"damage":10,"enemies":"Transient","floor":48,"turns":5},{"damage":21,"enemies":"Replay:Hell Engine","floor":50,"turns":4}],"seed_played":"-7561928549659234859","potions_obtained":[{"floor":2,"key":"Dexterity Potion"},{"floor":7,"key":"Explosive Potion"},{"floor":16,"key":"Toxic Potion"},{"floor":23,"key":"Explosive Potion"},{"floor":28,"key":"BlessingOfTheForge"},{"floor":33,"key":"Dexterity Potion"},{"floor":36,"key":"LiquidBronze"},{"floor":38,"key":"AttackPotion"}],"is_trial":false,"path_per_floor":["M","M","$","M","$","R","M","?","T","?","M","M","?","M","R_BF","B",null,"M","?","$","M","M","E","R","?","T","?","E","$","?","M","R","B",null,"M","?","?","M","$","R","$","E","T","$","M","$","R","M","R_BF","B",null],"character_chosen":"DEFECT","items_purchased":["Divine Protection","Kunai","expansioncontent:DashGenerateEvil","Melter","Panache","Self Repair+1","Replay:Wax Seal","ReplayTheSpireMod:CursedCoin","Multi-Cast","Panache","DollysMirror","Shuriken","Pen Nib","Beam Cell+1","Finesse"],"campfire_rested":3,"item_purchase_floors":[0,0,0,0,0,0,3,3,3,20,20,29,39,41,41],"current_hp_per_floor":[71,71,71,71,71,71,71,71,71,71,71,71,50,67,67,41,64,71,71,71,71,43,44,65,71,71,71,71,71,67,59,71,71,71,71,65,55,64,64,71,71,68,68,68,68,68,68,73,73,53],"gold":78,"neow_bonus":"","is_daily":false,"chose_seed":false,"campfire_upgraded":3,"win_rate":0.0,"timestamp":1608848426,"path_taken":["M","M","$","M","$","R","M","?","T","?","?","M","?","M","R_BF","BOSS","M","?","$","?","M","E","R","?","T","?","E","$","?","M","R","BOSS","M","?","?","M","?","R","$","E","T","$","M","$","R","M","R_BF","BOSS"],"items_purchased_type":["Relic","Relic","Card","Card","Card","Card","Relic","Relic","Card","Card","Relic","Relic","Relic","Card","Card"],"build_version":"2020-12-22","purchased_purges":2,"victory":true,"max_hp_per_floor":[71,71,71,71,71,71,71,71,71,71,71,71,71,71,71,71,71,71,71,71,71,71,71,71,71,71,71,71,71,71,71,71,71,71,71,71,71,71,71,71,71,72,72,72,72,72,72,73,73,74],"card_choices":[{"not_picked":["Ball Lightning","Stack"],"picked":"Beam Cell","floor":1},{"not_picked":["Steam","Ball Lightning"],"picked":"Self Repair","floor":2},{"not_picked":["Stack","Cold Snap"],"picked":"Steam","floor":4},{"not_picked":["Buffer","Hello World"],"picked":"Gash","floor":7},{"not_picked":["Redo","ReplaySolidLightProjector"],"picked":"Streamline+1","floor":11},{"not_picked":["ReplayTheSpireMod:Reroute Power","Barrage+1"],"picked":"Self Repair","floor":12},{"not_picked":["Consume","Hologram"],"picked":"Streamline+1","floor":14},{"not_picked":["Lockon+1","ReplaySort","ReplayTheSpireMod:Dual Polarity"],"picked":"SKIP","floor":18},{"not_picked":["Sweeping Beam+1","Coolheaded"],"picked":"FTL+1","floor":21},{"not_picked":["ReplayTheSpireMod:GoodbyeWorld","ReplayTheSpireMod:Reroute Power"],"picked":"Gash+1","floor":22},{"not_picked":["Leap+1","Turbo"],"picked":"Go for the Eyes+1","floor":23},{"not_picked":["Recycle","Cold Snap+1"],"picked":"Scrape+1","floor":25},{"not_picked":["Steam Power","Cold Snap+1"],"picked":"Conserve Battery","floor":28},{"not_picked":["Barrage+1","Leap+1"],"picked":"Core Surge+1","floor":31},{"not_picked":["ReplayTheSpireMod:Fabricate Wheel","Multi-Cast"],"picked":"All For One+1","floor":33},{"not_picked":["Conserve Battery+1","Coolheaded"],"picked":"FTL+1","floor":35},{"not_picked":["Steam+1","Compile Driver+1"],"picked":"Go for the Eyes+1","floor":36},{"not_picked":["PanicButton","Jack Of All Trades"],"picked":"Secret Technique","floor":37},{"not_picked":["expansioncontent:StudyTheSpire","Survey Options"],"picked":"conspire:Banana","floor":37},{"not_picked":["expansioncontent:Chronoboost","Survey Options"],"picked":"Flash of Steel+1","floor":37},{"not_picked":["Go for the Eyes+1","Doom and Gloom+1"],"picked":"Sweeping Beam+1","floor":38},{"not_picked":["Recycle","Blizzard+1"],"picked":"Steam","floor":42},{"not_picked":["Capacitor+1","BasicCrystalCard"],"picked":"Sweeping Beam+1","floor":45},{"not_picked":["Redo","Darkness"],"picked":"Gash+1","floor":48}],"player_experience":2485312,"relics_obtained":[{"floor":9,"key":"Molten Egg 2"},{"floor":15,"key":"Bag of Marbles"},{"floor":23,"key":"HornCleat"},{"floor":25,"key":"Red Mask"},{"floor":26,"key":"Quantum Egg"},{"floor":28,"key":"StrikeDummy"},{"floor":36,"key":"Replay:Multitool"},{"floor":42,"key":"Frozen Egg 2"},{"floor":43,"key":"Replay:Bottled Snecko"}],"event_choices":[{"cards_removed":["Strike_B"],"damage_healed":0,"gold_gain":0,"player_choice":"Offered Basic","damage_taken":0,"max_hp_gain":0,"max_hp_loss":0,"event_name":"Bonfire Elementals","floor":10,"gold_loss":0},{"damage_healed":0,"gold_gain":0,"player_choice":"Entered Light","damage_taken":21,"max_hp_gain":0,"max_hp_loss":0,"event_name":"Shining Light","floor":13,"gold_loss":0,"cards_upgraded":["Defend_B","Self Repair"]},{"damage_healed":0,"gold_gain":0,"player_choice":"Trade","damage_taken":0,"relics_obtained":["SsserpentHead"],"max_hp_gain":0,"max_hp_loss":0,"event_name":"FaceTrader","floor":19,"gold_loss":0},{"damage_healed":0,"gold_gain":0,"player_choice":"Fought Bandits","damage_taken":0,"max_hp_gain":0,"max_hp_loss":0,"event_name":"Masked Bandits","floor":25,"gold_loss":0},{"damage_healed":0,"gold_gain":50,"player_choice":"Stole From Cult","damage_taken":0,"max_hp_gain":0,"max_hp_loss":0,"event_name":"Nest","floor":27,"gold_loss":0},{"damage_healed":0,"gold_gain":0,"player_choice":"Leave","damage_taken":0,"max_hp_gain":0,"max_hp_loss":0,"event_name":"conspire:Investor","floor":30,"gold_loss":0},{"damage_healed":0,"gold_gain":0,"player_choice":"Fight","damage_taken":0,"max_hp_gain":0,"max_hp_loss":0,"event_name":"Mysterious Sphere","floor":36,"gold_loss":0},{"damage_healed":0,"gold_gain":0,"player_choice":"Memory 3","damage_taken":10,"max_hp_gain":0,"max_hp_loss":0,"event_name":"SensoryStone","floor":37,"gold_loss":0}],"is_beta":false,"boss_relics":[{"not_picked":["Busted Crown","Runic Dome"],"picked":"Astrolabe"},{"not_picked":["Kintsugi","Abe\u0027s Treasure"],"picked":"Coffee Dripper"}],"items_purged_floors":[0,3],"is_endless":false,"potions_floor_spawned":[2,7,11,16,23,28,33,36,38],"ascension_level":16}}