{"host":"e4wnmsyty9uvvtwf","time":1608815759,"event":{"mods":["Aspiration","BaseMod","Colored Map","Colored Powertips","Marisa£®ÏF”Í°°ƒß¿Ì…≥£©","Minty Spire (QoL Compilation)","Rare Cards Sparkle","Replay The Spire","StSLib"],"gold_per_floor":[119,137,137,137,137,137,170,184,184,184,200,212,232,259,259,337,337,357,277,277,292,59,59,86,86,86],"floor_reached":25,"playtime":740,"items_purged":["Pain"],"score":641,"play_id":"b06a09a8-cf73-4322-bce0-04d12b74f8a1","local_time":"20201224211559","is_ascension_mode":true,"campfire_choices":[{"data":"Eruption","floor":6,"key":"SMITH"},{"data":"WindmillStrike","floor":15,"key":"SMITH"},{"data":"Biased Cognition","floor":23,"key":"SMITH"}],"circlet_count":0,"master_deck":["AscendersBane","Strike_P","Strike_P","Strike_P","Defend_P","Defend_P","Defend_P","Eruption+1","Vigilance","Halt+1","Replay:Cycle+1","ForeignInfluence","Steam","FTL","Prostrate","WindmillStrike+1","EmptyBody","Replay:Spark Circuitry","Swivel","Biased Cognition+1","Panacea","Replay:AtTheReady","Swivel"],"relics":["PureWater","aspiration:Nostalgia","m_SpellCore","ReplayTheSpireMod:Shallot","Oddly Smooth Stone","BranchBurnRelic","Coffee Dripper","WarpedTongs","aspiration:ChemicalBlood"],"acts_visited":["Exordium","TheCity"],"potions_floor_usage":[24],"damage_taken":[{"damage":4,"enemies":"Small Slimes","floor":1,"turns":4},{"damage":0,"enemies":"2 Louse","floor":2,"turns":4},{"damage":0,"enemies":"Gremlin Nob","floor":7,"turns":3},{"damage":0,"enemies":"Cultist","floor":8,"turns":3},{"damage":10,"enemies":"Blue Slaver","floor":11,"turns":3},{"damage":0,"enemies":"3 Louse","floor":12,"turns":2},{"damage":0,"enemies":"Looter","floor":13,"turns":2},{"damage":0,"enemies":"Lagavulin","floor":14,"turns":4},{"damage":0,"enemies":"Hexaghost","floor":16,"turns":5},{"damage":19,"enemies":"Chosen","floor":18,"turns":5},{"damage":25,"enemies":"Spheric Guardian","floor":21,"turns":5},{"damage":15,"enemies":"Gremlin Leader","floor":24,"turns":5},{"damage":20,"enemies":"Snake Plant","floor":25,"turns":5}],"seed_played":"6605591647205962873","potions_obtained":[{"floor":7,"key":"Languid Potion"},{"floor":8,"key":"Doom Potion"},{"floor":13,"key":"Toxic Potion"},{"floor":21,"key":"Dexterity Potion"}],"is_trial":false,"path_per_floor":["M","M","?","?","?","R","E","M","T","?","M","M","M","E","R","B",null,"M","?","?","M","$","R","E","M"],"character_chosen":"WATCHER","items_purchased":["Panacea","Replay:AtTheReady"],"campfire_rested":0,"item_purchase_floors":[22,22],"current_hp_per_floor":[57,57,57,60,60,60,60,60,60,40,30,30,30,30,30,44,62,43,43,43,18,18,18,17,0,0],"gold":86,"neow_bonus":"NOSTALGIA","is_daily":false,"chose_seed":false,"campfire_upgraded":3,"win_rate":0.0,"timestamp":1608815759,"path_taken":["M","M","?","?","?","R","E","M","T","?","M","M","M","E","R","BOSS","M","?","?","M","$","R","E","M"],"items_purchased_type":["Card","Card"],"build_version":"2020-12-22","purchased_purges":1,"victory":false,"max_hp_per_floor":[68,68,68,68,68,68,68,68,68,68,68,68,68,68,68,68,68,68,68,68,68,68,68,68,68,68],"card_choices":[{"not_picked":["Beam Cell","Pray"],"picked":"Halt","floor":1},{"not_picked":["SashWhip","Indignation"],"picked":"Replay:Cycle","floor":2},{"not_picked":["Beam Cell","Study"],"picked":"FTL","floor":7},{"not_picked":["Steam Power","ReplaySort"],"picked":"Prostrate","floor":8},{"not_picked":["MasterReality","Replay:BluntJabs"],"picked":"WindmillStrike","floor":11},{"not_picked":["BowlingBash","Zap"],"picked":"EmptyBody","floor":12},{"not_picked":["Prostrate","JustLucky"],"picked":"Replay:Spark Circuitry","floor":13},{"not_picked":["Vengeance","Barrage"],"picked":"Swivel","floor":14},{"not_picked":["All For One","DevaForm"],"picked":"Biased Cognition","floor":16},{"not_picked":["CarveReality","Replay:BluntJabs+1","BowlingBash"],"picked":"SKIP","floor":18},{"not_picked":["FlurryOfBlows","EmptyFist","BowlingBash"],"picked":"SKIP","floor":21},{"not_picked":["SashWhip","BowlingBash"],"picked":"Swivel","floor":24}],"player_experience":640872,"relics_obtained":[{"floor":7,"key":"ReplayTheSpireMod:Shallot"},{"floor":9,"key":"Dead Branch"},{"floor":14,"key":"Oddly Smooth Stone"},{"floor":24,"key":"aspiration:ChemicalBlood"}],"event_choices":[{"damage_healed":0,"gold_gain":0,"player_choice":"Leave","damage_taken":0,"max_hp_gain":0,"max_hp_loss":0,"event_name":"The Cleric","floor":5,"gold_loss":0},{"damage_healed":0,"gold_gain":0,"player_choice":"Entered Light","damage_taken":20,"max_hp_gain":0,"max_hp_loss":0,"event_name":"Shining Light","floor":10,"gold_loss":0,"cards_upgraded":["Replay:Cycle","Halt"]},{"damage_healed":0,"gold_gain":0,"player_choice":"Rummage","damage_taken":0,"relics_obtained":["WarpedTongs"],"max_hp_gain":0,"max_hp_loss":0,"event_name":"Accursed Blacksmith","floor":20,"gold_loss":0,"cards_obtained":["Pain"]}],"is_beta":false,"boss_relics":[{"not_picked":["Replay:Wanted Poster","Sozu"],"picked":"Coffee Dripper"}],"items_purged_floors":[22],"is_endless":false,"potions_floor_spawned":[7,8,12,13,21],"killed_by":"Snake Plant","ascension_level":16}}