{"host":"7e10z5l40kwn195d","time":1608795771,"event":{"mods":["ATMod(∞¢Ë™Mod)","BaseMod","Bestiary","Curses Come First","Luminous","Marisa£®ÏF”Í°°ƒß¿Ì…≥£©","Minty Spire (QoL Compilation)","Remilia£®¿Ÿ√◊¿Ú—«£©","Replay The Spire","Robot Space Explorer","Shop Mod","StSLib","The Alterego","The Bug Knight","The Construct","The Cursed","The Disciple","The Dragon Tamer","The Necromancer","The Runesmith","The Servant 0.9.4","Yuyuko","[IsaacMod]“‘»ˆº‚À˛","°æ“≈ŒÔø®≈∆°øREMEMod"],"gold_per_floor":[118,134,201,201,278,278,309,324,324,389,406,406,27,54,54,150,150,150,150],"floor_reached":18,"playtime":1435,"items_purged":["HollowMod:QuickDashStart","HollowMod:QuickDashStart"],"score":218,"play_id":"9d032754-113e-4110-8da4-9c39babfe7ec","local_time":"20201224154251","is_ascension_mode":false,"campfire_choices":[{"data":"HollowMod:FocusHealStart","floor":6.0,"key":"SMITH"},{"data":"HollowMod:SiblingsSouls","floor":15.0,"key":"SMITH"}],"circlet_count":0,"master_deck":["HollowMod:NailStrikeStart","HollowMod:NailStrikeStart","HollowMod:NailStrikeStart","HollowMod:NailStrikeStart","HollowMod:QuickDashStart","HollowMod:FocusHealStart+1","HollowMod:PogoStrike","AT_ChampionStep","Butterflies Rainbow","HollowMod:SoulSplash","HollowMod:CloakDash","HollowMod:CornifersMapStart","HollowMod:ZotesMagnificence","HollowMod:ChannelNail+1","HollowMod:GoodIntentions","HollowMod:SiblingsSouls+1","HollowMod:AwokenDreamNail","HollowMod:LifebloodCore","HollowMod:MantisMark"],"relics":["HollowMod:VesselMask","HushsDoor","REME_ComplimentaryCards","AT_ATBox","PokeGo","Replay:Kaleidoscope","ReplayTheSpireMod:Ninjato","Divine Protection","HollowMod:MillibellesNoteRelic","Frozen Eye","Boot","Replay:Grab Bag","Incubus"],"acts_visited":["Exordium","TheCity"],"potions_floor_usage":[],"damage_taken":[{"damage":7.0,"enemies":"Jaw Worm","floor":1.0,"turns":4.0},{"damage":1.0,"enemies":"Cultist","floor":2.0,"turns":3.0},{"damage":17.0,"enemies":"Replay:BlueRogue","floor":7.0,"turns":4.0},{"damage":0.0,"enemies":"2 Louse","floor":8.0,"turns":2.0},{"damage":7.0,"enemies":"Gremlin Nob","floor":10.0,"turns":3.0},{"damage":1.0,"enemies":"HollowMod:HuskWarrior","floor":11.0,"turns":4.0},{"damage":1.0,"enemies":"3 Sentries","floor":14.0,"turns":4.0},{"damage":0,"enemies":"Slime Boss","floor":16,"turns":4},{"damage":0,"enemies":"Chosen","floor":18,"turns":1}],"seed_played":"8758863690987683600","potions_obtained":[{"floor":1.0,"key":"Reflective Coating"},{"floor":7.0,"key":"Milkshake"},{"floor":8.0,"key":"SteroidPotion"}],"is_trial":false,"path_per_floor":["M","M","?","?","?","R","E","M","T","?","M","?","$","E","R","B",null,"M"],"character_chosen":"THE_BUGKNIGHT","items_purchased":["HollowMod:MillibellesNoteRelic","Frozen Eye","HollowMod:LifebloodCore","Incubus","HollowMod:MantisMark"],"campfire_rested":0,"item_purchase_floors":[13,13,17,17,17],"current_hp_per_floor":[75,74,59,59,44,44,37,43,43,36,45,45,45,50,50,56,51,51,51],"gold":150,"neow_bonus":"TEN_PERCENT_HP_BONUS","is_daily":false,"chose_seed":false,"campfire_upgraded":2,"win_rate":0.0,"timestamp":1608795771,"path_taken":["M","M","?","?","?","R","E","?","T","?","M","?","$","E","R","BOSS","M"],"items_purchased_type":["Relic","Relic","Card","Relic","Card"],"build_version":"2020-12-22","purchased_purges":2,"victory":false,"max_hp_per_floor":[82,82,82,82,82,82,82,82,82,82,82,82,82,82,82,82,51,51,51],"card_choices":[{"not_picked":["HollowMod:BaldurShell","HollowMod:NewGlowingWomb"],"picked":"HollowMod:SoulSplash","floor":1.0},{"not_picked":["HollowMod:FastStrike","HollowMod:InfectedAttack"],"picked":"HollowMod:CloakDash","floor":2.0},{"not_picked":["HollowMod:CloakDash","HollowMod:CrystalDash"],"picked":"HollowMod:CornifersMapStart","floor":7.0},{"not_picked":["HollowMod:NewJinnsSoul","HollowMod:HowlingWraiths"],"picked":"HollowMod:ZotesMagnificence","floor":8.0},{"not_picked":["HollowMod:CornifersMapStart","HollowMod:TaintedHusks"],"picked":"HollowMod:ChannelNail","floor":10.0},{"not_picked":["HollowMod:HeavyBlow","HollowMod:SharpenedNail"],"picked":"HollowMod:GoodIntentions","floor":11.0},{"not_picked":["HollowMod:NewGlowingWomb","HollowMod:GoodIntentions"],"picked":"HollowMod:SiblingsSouls","floor":14.0},{"not_picked":["HollowMod:SlysStrikes","HollowMod:SoulMaster"],"picked":"HollowMod:AwokenDreamNail","floor":16}],"player_experience":271415,"relics_obtained":[{"floor":7.0,"key":"Replay:Kaleidoscope"},{"floor":9.0,"key":"ReplayTheSpireMod:Ninjato"},{"floor":10.0,"key":"Divine Protection"},{"floor":14.0,"key":"Boot"}],"event_choices":[{"cards_removed":["HollowMod:QuickDashStart"],"damage_healed":0.0,"max_hp_gain":0.0,"max_hp_loss":0.0,"gold_gain":0.0,"event_name":"Bonfire Elementals","player_choice":"Offered Basic","floor":4.0,"gold_loss":0.0,"damage_taken":0.0},{"damage_healed":0.0,"max_hp_gain":0.0,"max_hp_loss":0.0,"gold_gain":0.0,"event_name":"Dead Adventurer","player_choice":"Searched \u00272\u0027 times","floor":10.0,"gold_loss":0.0,"damage_taken":0.0}],"is_beta":false,"boss_relics":[{"not_picked":["Runic Pyramid","REME_ChargedStone"],"picked":"Replay:Grab Bag"},{"not_picked":[]}],"items_purged_floors":[13,17],"is_endless":false,"potions_floor_spawned":[1,7,8],"killed_by":"Chosen","ascension_level":0}}