{"host":"k653q14gphaoox56","time":1608836405,"event":{"mods":["BaseMod","Colored Map","Conspire","DeckTracker","Hubris","Infinite Spire","Minty Spire (QoL Compilation)","Replay The Spire","StSLib"],"gold_per_floor":[109,109,109,109,127,161,161,161,216,229,229,241,241,273,273,377,377,388,402,402,415,415,415,415,415,415,31,31,59,59,77,77,172,222,232,232,32,181,215,215,215,234,260,275,303,303,303,335,335,335,335],"floor_reached":50,"playtime":3329,"items_purged":[],"score":613,"play_id":"2c6872a9-c7da-43ef-98bb-1d3b8585af1e","local_time":"20201224140005","is_ascension_mode":false,"campfire_choices":[{"floor":11.0,"key":"REST"},{"data":"Infernal Blade","floor":13.0,"key":"SMITH"},{"floor":15.0,"key":"REST"},{"data":"1","floor":25.0,"key":"LIFT"},{"floor":28.0,"key":"DIG"},{"floor":30.0,"key":"REST"},{"floor":32.0,"key":"REST"},{"data":"2","floor":41,"key":"LIFT"},{"floor":49,"key":"REST"}],"circlet_count":0,"master_deck":["Strike_R","Strike_R","Strike_R","Strike_R","Strike_R","Defend_R","Defend_R","Defend_R","Defend_R","Bash","Bash","Flex","Infernal Blade+1","Twin Strike","ReplayTheSpireMod:Strike From Hell","CurseOfTheBell","Pot Of Greed","Pot Of Greed","Intimidate+1","Searing Blow","infinitespire:SevenWalls","Body Slam","Hallucinations","Pot Of Greed","Evolve+1","infinitespire:UltimateForm+1","Flex+1","Shrug It Off+1","Bludgeon","Headbutt+1","Carnage+1","Madness","Madness","conspire:SpireCoStock","conspire:SpireCoStock","conspire:SpireCoStock","conspire:SpireCoStock","hubris:DuctTapeCard","Fire Breathing+1","Heavy Blade+1","Metallicize+1","Pommel Strike+1","Thunderclap+1","infinitespire:Collect","hubris:Fate","Carnage+1"],"relics":["Burning Blood","Frozen Egg 2","Bag of Marbles","Bag of Preparation","Calling Bell","Grinning Jar","hubris:DuctTape","Girya","Lizard Tail","Replay:Bronze Core","Ring of Searing","Ring of Hypnosis","Toy Ornithopter","Shovel","hubris:PeanutButter","PreservedInsect","Tiny House","Lizard Tail","conspire:TopHat","Frozen Eye","Honey Jar"],"acts_visited":["Exordium","TheCity","TheBeyond"],"potions_floor_usage":[45,46],"damage_taken":[{"damage":5.0,"enemies":"Cultist","floor":1.0,"turns":4.0},{"damage":5.0,"enemies":"conspire:RoseBush","floor":5.0,"turns":3.0},{"damage":55.0,"enemies":"3 Sentries","floor":6.0,"turns":14.0},{"damage":2.0,"enemies":"2 Louse","floor":10.0,"turns":3.0},{"damage":6.0,"enemies":"Gremlin Gang","floor":12.0,"turns":7.0},{"damage":26.0,"enemies":"conspire:MimicChest","floor":14.0,"turns":7.0},{"damage":58.0,"enemies":"The Guardian","floor":16.0,"turns":10.0},{"damage":37.0,"enemies":"Spheric Guardian","floor":18.0,"turns":5.0},{"damage":21.0,"enemies":"Chosen","floor":19.0,"turns":7.0},{"damage":14.0,"enemies":"Shelled Parasite and Fungi","floor":21.0,"turns":3.0},{"damage":30.0,"enemies":"Nightmare","floor":29.0,"turns":8.0},{"damage":2.0,"enemies":"Snecko","floor":31.0,"turns":3.0},{"damage":77.0,"enemies":"hubris:MusketHawk","floor":33.0,"turns":10.0},{"damage":23.0,"enemies":"3 Darklings","floor":35.0,"turns":5.0},{"damage":20.0,"enemies":"infinitespire:Three Voidlings","floor":38.0,"turns":5.0},{"damage":80.0,"enemies":"Nightmare_Alpha","floor":38.0,"turns":9.0},{"damage":0,"enemies":"3 Shapes","floor":39,"turns":5},{"damage":31,"enemies":"Sphere and 2 Shapes","floor":42,"turns":6},{"damage":30,"enemies":"Writhing Mass","floor":44,"turns":5},{"damage":0,"enemies":"Spire Growth","floor":45,"turns":4},{"damage":0,"enemies":"Reptomancer","floor":46,"turns":1},{"damage":6,"enemies":"Transient","floor":48,"turns":5},{"damage":83,"enemies":"conspire:OrnateMirror","floor":50,"turns":3}],"seed_played":"-534731990199299169","potions_obtained":[{"floor":6.0,"key":"Strength Potion"},{"floor":12.0,"key":"AttackPotion"},{"floor":14.0,"key":"Block Potion"},{"floor":16.0,"key":"SteroidPotion"},{"floor":19.0,"key":"Swift Potion"},{"floor":31.0,"key":"SkillPotion"},{"floor":34.0,"key":"LiquidBronze"},{"floor":42,"key":"Strength Potion"},{"floor":44,"key":"Explosive Potion"},{"floor":45,"key":"SmokeBomb"}],"is_trial":false,"path_per_floor":["M","?","?","?","M","E","?","?","T","M","R","M","R","?","R","B",null,"M","M","AVR","M","?","?","?","R","T","$","R","NM","R","M","R","B",null,"M","?","?","?","M","?","R","M","T","M","M","E","AVR","M","R","B"],"character_chosen":"IRONCLAD","items_purchased":["Evolve+1","Shovel"],"campfire_rested":5,"item_purchase_floors":[27,27],"current_hp_per_floor":[88,88,81,81,82,33,36,36,36,40,67,67,67,47,74,22,91,60,45,45,37,37,67,49,49,49,49,49,25,53,57,85,24,101,84,71,71,74,80,80,80,55,55,31,42,53,53,53,83,0,0],"gold":335,"neow_bonus":"TEN_PERCENT_HP_BONUS","is_daily":false,"chose_seed":false,"campfire_upgraded":1,"win_rate":0.0,"timestamp":1608836405,"path_taken":["M","?","?","?","?","E","?","?","T","?","R","M","R","?","R","BOSS","M","M","AVR","M","?","?","?","R","T","?","R","NM","R","M","R","BOSS","M","?","?","?","M","?","R","M","T","?","M","E","AVR","M","R","BOSS"],"items_purchased_type":["Card","Relic"],"build_version":"2020-12-22","purchased_purges":0,"victory":false,"max_hp_per_floor":[88,88,88,88,88,88,91,91,91,91,91,91,91,91,91,91,91,91,91,91,91,91,91,96,96,96,96,96,96,96,96,96,96,101,101,101,101,101,101,101,101,101,101,101,101,101,101,101,101,101,101],"card_choices":[{"not_picked":["hubris:SharpeningStone","Run Through"],"picked":"Life Link","floor":1.0},{"not_picked":["Havoc","Ghostly Armor"],"picked":"Flex","floor":5.0},{"not_picked":["conspire:ExplosiveBarrier","ReplayTheSpireMod:Limb From Limb"],"picked":"Metallicize+1","floor":6.0},{"not_picked":["hubris:ReadiedAction","Cleave"],"picked":"Infernal Blade","floor":10.0},{"not_picked":["ReplayTheSpireMod:Corrosion Curse","Warcry"],"picked":"Twin Strike","floor":12.0},{"not_picked":["Bloodletting","Body Slam"],"picked":"ReplayTheSpireMod:Strike From Hell","floor":14.0},{"not_picked":["Eclipse","Immolate"],"picked":"Berserk+1","floor":16.0},{"not_picked":["Run Through+1","Replay:Undeath\u0027s Touch+1"],"picked":"Intimidate+1","floor":18.0},{"not_picked":["Pommel Strike+1","Thunderclap"],"picked":"Searing Blow","floor":19.0},{"not_picked":["Intimidate","hubris:SharpeningStone"],"picked":"Body Slam","floor":21.0},{"not_picked":["ReplayTheSpireMod:Haul","infinitespire:SealOfDarkness+"],"picked":"infinitespire:UltimateForm","floor":29.0},{"not_picked":["Anger","Replay:Undeath\u0027s Touch"],"picked":"Flex","floor":29.0},{"not_picked":["Uppercut","True Grit"],"picked":"Shrug It Off+1","floor":31.0},{"not_picked":["Offering","Hemogenesis"],"picked":"Bludgeon","floor":33.0},{"not_picked":["Clash","Havoc+1"],"picked":"Headbutt+1","floor":34.0},{"not_picked":["hubris:CleavingFinish+1","Battle Trance"],"picked":"Carnage+1","floor":35.0},{"not_picked":["infinitespire:Fortify","ReplayTheSpireMod:Black Plague"],"picked":"infinitespire:UltimateForm","floor":38},{"not_picked":["Shrug It Off","Flame Barrier+1"],"picked":"Fire Breathing+1","floor":38},{"not_picked":["Abandon+1","Hemogenesis"],"picked":"Heavy Blade+1","floor":39},{"not_picked":["Carnage","Thunderclap+1"],"picked":"Metallicize+1","floor":42},{"not_picked":["Anger+1","Feel No Pain+1"],"picked":"Pommel Strike+1","floor":44},{"not_picked":["Second Wind+1","Wild Strike"],"picked":"Thunderclap+1","floor":45},{"not_picked":["Body Slam","Thunderclap+1","Wild Strike+1"],"picked":"Carnage+1","floor":48}],"player_experience":104221,"relics_obtained":[{"floor":6.0,"key":"Frozen Egg 2"},{"floor":9.0,"key":"Bag of Marbles"},{"floor":14.0,"key":"Bag of Preparation"},{"floor":17.0,"key":"Grinning Jar"},{"floor":17.0,"key":"hubris:DuctTape"},{"floor":17.0,"key":"Girya"},{"floor":22.0,"key":"Ring of Searing"},{"floor":22.0,"key":"Ring of Hypnosis"},{"floor":26.0,"key":"Toy Ornithopter"},{"floor":28.0,"key":"hubris:PeanutButter"},{"floor":29.0,"key":"PreservedInsect"},{"floor":38,"key":"Lizard Tail"},{"floor":43,"key":"conspire:TopHat"}],"event_choices":[{"damage_healed":0.0,"max_hp_gain":0.0,"max_hp_loss":0.0,"gold_gain":0.0,"event_name":"conspire:LoneGhost","player_choice":"Disagree","floor":2.0,"gold_loss":0.0,"damage_taken":0.0},{"cards_removed":["Life Link"],"damage_healed":0.0,"max_hp_gain":0.0,"max_hp_loss":0.0,"gold_gain":0.0,"event_name":"Golden Wing","player_choice":"Card Removal","floor":3.0,"gold_loss":0.0,"damage_taken":7.0},{"damage_healed":0.0,"max_hp_gain":0.0,"max_hp_loss":0.0,"gold_gain":0.0,"event_name":"Match and Keep!","player_choice":"1 cards matched","floor":4.0,"gold_loss":0.0,"damage_taken":0.0,"cards_obtained":["Bash"]},{"damage_healed":0.0,"max_hp_gain":0.0,"max_hp_loss":0.0,"gold_gain":0.0,"event_name":"NoteForYourself","player_choice":"Ignored","floor":8.0,"gold_loss":0.0,"damage_taken":0.0},{"damage_healed":30.0,"max_hp_gain":0.0,"max_hp_loss":0.0,"gold_gain":0.0,"event_name":"The Library","player_choice":"Heal","floor":23.0,"gold_loss":0.0,"damage_taken":0.0},{"damage_healed":0.0,"max_hp_gain":5.0,"max_hp_loss":0.0,"gold_gain":0.0,"event_name":"Forgotten Altar","player_choice":"Shed Blood","floor":24.0,"gold_loss":0.0,"damage_taken":23.0},{"damage_healed":0.0,"max_hp_gain":0.0,"max_hp_loss":0.0,"gold_gain":0.0,"event_name":"Winding Halls","player_choice":"Embrace Madness","floor":36.0,"gold_loss":0.0,"damage_taken":13.0,"cards_obtained":["Madness","Madness"]},{"damage_healed":0.0,"max_hp_gain":0.0,"max_hp_loss":0.0,"gold_gain":0.0,"event_name":"conspire:Investor","player_choice":"Invest 4","floor":37.0,"gold_loss":0.0,"damage_taken":0.0},{"damage_healed":0,"gold_gain":0,"player_choice":"Leave","damage_taken":0,"max_hp_gain":0,"max_hp_loss":0,"event_name":"conspire:Investor","floor":38,"gold_loss":0},{"cards_removed":["infinitespire:UltimateForm"],"damage_healed":5,"gold_gain":0,"player_choice":"Offered Special","damage_taken":0,"max_hp_gain":0,"max_hp_loss":0,"event_name":"Bonfire Elementals","floor":40,"gold_loss":0}],"is_beta":false,"boss_relics":[{"not_picked":["Runic Cube","Painkiller Herb"],"picked":"Calling Bell"},{"not_picked":["Mark of Pain","Philosopher\u0027s Stone"],"picked":"Tiny House"}],"items_purged_floors":[],"is_endless":true,"potions_floor_spawned":[6,12,14,16,19,31,42,44,45,46],"killed_by":"conspire:OrnateMirror","ascension_level":0}}