{"host":"n4f6h2mlrt4e12he","time":1608782396,"event":{"mods":["2.2 Compatiblity","AchievementEnabler","BaseMod","Colored Map","Highlight Path","Hubris","Infinite Spire","Minty Spire (QoL Compilation)","Shop Mod","StSLib"],"gold_per_floor":[115,125,138,88,88,88,121,121,144,158,158,233,258,278,278,408,471,490,511,511,536,150,183,202,226,251,264,264,284,309,309,309,429,429,450,450,475,91,91,91,91,106,160,160,174,188,188,188],"floor_reached":47,"playtime":3376,"items_purged":["Injury"],"score":552,"play_id":"528eeccb-1857-4665-9fcd-386f8108aba9","local_time":"20201223225956","is_ascension_mode":true,"campfire_choices":[{"data":"Armaments","floor":6.0,"key":"SMITH"},{"data":"True Grit","floor":8.0,"key":"SMITH"},{"data":"Body Slam","floor":15.0,"key":"SMITH"},{"data":"Body Slam","floor":32.0,"key":"SMITH"},{"data":"Berserk","floor":40.0,"key":"SMITH"}],"circlet_count":0,"master_deck":["Strike_R+1","Strike_R","Strike_R","Strike_R","Strike_R","Defend_R","Defend_R","Defend_R","Bash","Armaments+1","Anger","True Grit+1","Pummel","Headbutt","Body Slam+1","Cleave","Offering","Rupture","Body Slam+1","Metallicize","Barricade","Disarm","Bloodletting","Offering","Berserk+1","Pommel Strike+1","Feel No Pain","infinitespire:Collect","Demon Form","infinitespire:Punishment","infinitespire:Collect","infinitespire:Gouge","Rage+1"],"relics":["Burning Blood","Anchor","HornCleat","Juzu Bracelet","Golden Idol","Tiny House","Ancient Tea Set","Nunchaku","Boot","Art of War","Potion Belt","Bronze Scales","hubris:Towel","hubris:BottledHeart","Coffee Dripper","Lantern","Strange Spoon","Omamori"],"acts_visited":["Exordium","TheCity","TheBeyond"],"potions_floor_usage":[],"damage_taken":[{"damage":2.0,"enemies":"2 Louse","floor":1.0,"turns":3.0},{"damage":0.0,"enemies":"Small Slimes","floor":2.0,"turns":3.0},{"damage":0.0,"enemies":"Cultist","floor":3.0,"turns":2.0},{"damage":13.0,"enemies":"Lagavulin","floor":7.0,"turns":5.0},{"damage":7.0,"enemies":"Large Slime","floor":10.0,"turns":7.0},{"damage":0.0,"enemies":"Blue Slaver","floor":13.0,"turns":4.0},{"damage":0.0,"enemies":"Exordium Thugs","floor":14.0,"turns":4.0},{"damage":33.0,"enemies":"The Guardian","floor":16.0,"turns":16.0},{"damage":6.0,"enemies":"3 Byrds","floor":18.0,"turns":5.0},{"damage":6.0,"enemies":"2 Thieves","floor":19.0,"turns":4.0},{"damage":12.0,"enemies":"Nightmare","floor":23.0,"turns":8.0},{"damage":20.0,"enemies":"Snake Plant","floor":24.0,"turns":5.0},{"damage":28.0,"enemies":"Centurion and Healer","floor":25.0,"turns":6.0},{"damage":28.0,"enemies":"Shelled Parasite and Fungi","floor":27.0,"turns":6.0},{"damage":21.0,"enemies":"3 Cultists","floor":29.0,"turns":5.0},{"damage":23.0,"enemies":"Snake Plant","floor":30.0,"turns":5.0},{"damage":0.0,"enemies":"Collector","floor":33.0,"turns":15.0},{"damage":0.0,"enemies":"Orb Walker","floor":35.0,"turns":4.0},{"damage":0.0,"enemies":"3 Darklings","floor":37.0,"turns":7.0},{"damage":0.0,"enemies":"Spire Growth","floor":42.0,"turns":4.0},{"damage":0,"enemies":"Transient","floor":45,"turns":5},{"damage":0,"enemies":"Jaw Worm Horde","floor":46,"turns":3}],"seed_played":"-9208563169888937851","potions_obtained":[{"floor":2.0,"key":"infinitespire:BlackPotion"},{"floor":3.0,"key":"SkillPotion"},{"floor":14.0,"key":"ColorlessPotion"},{"floor":16.0,"key":"Dexterity Potion"},{"floor":17.0,"key":"DuplicationPotion"},{"floor":18.0,"key":"Strength Potion"},{"floor":24.0,"key":"BloodPotion"},{"floor":25.0,"key":"ColorlessPotion"},{"floor":29.0,"key":"DuplicationPotion"},{"floor":33.0,"key":"SkillPotion"},{"floor":35.0,"key":"EntropicBrew"}],"is_trial":false,"path_per_floor":["M","M","M","?","?","R","E","R","T","M","?","?","M","M","R","B",null,"M","M","?","T","$","NM","M","M","T","M","?","M","M","?","R","B",null,"M","?","M","$","?","R","?","M","T","AVR","M","M","?"],"character_chosen":"IRONCLAD","items_purchased":["Boot","Art of War","Lantern","Strange Spoon","Feel No Pain"],"campfire_rested":0,"item_purchase_floors":[22,22,38,38,38],"current_hp_per_floor":[88,88,88,88,88,88,81,81,81,80,80,69,75,81,81,54,93,93,93,93,93,93,87,73,69,69,47,47,32,15,1,1,1,1,1,1,1,1,1,1,1,1,1,1,1,1,0,0],"gold":188,"neow_bonus":"TEN_PERCENT_HP_BONUS","is_daily":false,"chose_seed":false,"campfire_upgraded":5,"win_rate":0.0,"timestamp":1608782396,"path_taken":["M","M","M","?","?","R","E","R","T","M","?","?","M","M","R","BOSS","M","M","?","?","$","NM","M","M","T","M","?","M","M","?","R","BOSS","M","?","M","?","?","R","?","M","T","AVR","M","M","?"],"items_purchased_type":["Relic","Relic","Relic","Relic","Card"],"build_version":"2020-12-22","purchased_purges":1,"victory":false,"max_hp_per_floor":[88,88,88,88,88,88,88,88,88,88,88,88,88,88,88,88,93,93,93,93,93,93,93,93,93,93,93,93,93,93,1,1,1,1,1,1,1,1,1,1,1,1,1,1,1,1,1,1],"card_choices":[{"not_picked":["Cleave","True Grit"],"picked":"Armaments","floor":1.0},{"not_picked":["Armaments","Hemokinesis"],"picked":"Anger","floor":2.0},{"not_picked":["Anger","Shockwave"],"picked":"True Grit","floor":3.0},{"not_picked":["hubris:ReadiedAction","Sword Boomerang"],"picked":"Pummel","floor":7.0},{"not_picked":["Sword Boomerang","Clash"],"picked":"Headbutt","floor":10.0},{"not_picked":["Cleave","Twin Strike"],"picked":"Body Slam","floor":13.0},{"not_picked":["Sever Soul","Rage"],"picked":"Cleave","floor":14.0},{"not_picked":["Brutality","Limit Break"],"picked":"Offering","floor":16.0},{"not_picked":["Flex","Clash"],"picked":"Rupture","floor":17.0},{"not_picked":["Iron Wave","Anger+1"],"picked":"Body Slam","floor":18.0},{"not_picked":["Havoc","Warcry"],"picked":"Metallicize","floor":19.0},{"not_picked":["Rampage","Pummel"],"picked":"Barricade","floor":23.0},{"not_picked":["Inflame","infinitespire:OneForAll"],"picked":"Disarm","floor":24.0},{"not_picked":["Havoc+1","Twin Strike"],"picked":"Bloodletting","floor":25.0},{"not_picked":["Thunderclap","Armaments","Uppercut+1"],"picked":"SKIP","floor":27.0},{"not_picked":["Iron Wave","Twin Strike","Combust+1"],"picked":"SKIP","floor":29.0},{"not_picked":["Armaments+1","Warcry"],"picked":"Offering","floor":30.0},{"not_picked":["Bludgeon","Demon Form"],"picked":"Berserk","floor":33.0},{"not_picked":["Iron Wave+1","Havoc"],"picked":"Pommel Strike+1","floor":35.0},{"not_picked":["Clash+1","Headbutt+1","hubris:ReadiedAction+1"],"picked":"SKIP","floor":37.0},{"not_picked":["infinitespire:Execution","hubris:Fate"],"picked":"infinitespire:Collect","floor":39.0},{"not_picked":["Sword Boomerang+1","Clothesline"],"picked":"Demon Form","floor":42},{"not_picked":["Clash","Searing Blow"],"picked":"Rage+1","floor":45},{"not_picked":["Iron Wave","hubris:StunningStrike","Headbutt"],"picked":"SKIP","floor":46}],"player_experience":1314703,"relics_obtained":[{"floor":5.0,"key":"Anchor"},{"floor":7.0,"key":"HornCleat"},{"floor":9.0,"key":"Juzu Bracelet"},{"floor":21.0,"key":"Nunchaku"},{"floor":23.0,"key":"Potion Belt"},{"floor":26.0,"key":"Bronze Scales"},{"floor":43,"key":"Omamori"}],"event_choices":[{"cards_removed":["Defend_R"],"damage_healed":0.0,"max_hp_gain":0.0,"max_hp_loss":0.0,"gold_gain":0.0,"event_name":"The Cleric","player_choice":"Card Removal","floor":4.0,"gold_loss":50.0,"damage_taken":0.0},{"damage_healed":0.0,"max_hp_gain":0.0,"max_hp_loss":0.0,"gold_gain":0.0,"event_name":"Golden Idol","player_choice":"Take Wound","floor":11.0,"gold_loss":0.0,"damage_taken":0.0,"relics_obtained":["Golden Idol"],"cards_obtained":["Injury"]},{"damage_healed":0.0,"max_hp_gain":0.0,"max_hp_loss":0.0,"gold_gain":75.0,"event_name":"World of Goop","player_choice":"Gather Gold","floor":12.0,"gold_loss":0.0,"damage_taken":11.0},{"damage_healed":0.0,"max_hp_gain":0.0,"max_hp_loss":0.0,"gold_gain":0.0,"event_name":"The Mausoleum","player_choice":"Opened","floor":20.0,"gold_loss":0.0,"damage_taken":0.0,"relics_obtained":["Ancient Tea Set"]},{"damage_healed":0.0,"max_hp_gain":0.0,"max_hp_loss":0.0,"gold_gain":0.0,"event_name":"The Woman in Blue","player_choice":"Bought 0 Potions","floor":36.0,"gold_loss":0.0,"damage_taken":0.0},{"damage_healed":0,"gold_gain":0,"player_choice":"Memory 3","damage_taken":10,"max_hp_gain":0,"max_hp_loss":0,"event_name":"SensoryStone","floor":47,"gold_loss":0}],"is_beta":false,"boss_relics":[{"not_picked":["Ectoplasm","Calling Bell"],"picked":"Tiny House"},{"not_picked":["Sozu","Snecko Eye"],"picked":"Coffee Dripper"}],"items_purged_floors":[22],"is_endless":true,"potions_floor_spawned":[2,3,14,16,18,24,25,29,33,35],"ascension_level":1}}