{"host":"k0kjm4m87pwj4phr","time":1608807026,"event":{"mods":["ATMod(°¢èªMod)","BaseMod","Colored Map","Colored Powertips","Minty Spire (QoL Compilation)","Permanent Neow","Quick Restart","Relic Stats","Replay The Spire","StSLib","The Dragon Tamer"],"gold_per_floor":[109,124,124,49,65,65,98,115,115,115,115],"floor_reached":10,"playtime":313,"items_purged":["Strike_R"],"score":136,"play_id":"d8da3fb9-bf88-402f-912e-b76b67055a10","local_time":"20201224185026","is_ascension_mode":true,"campfire_choices":[],"circlet_count":0,"master_deck":["AscendersBane","Strike_R","Strike_R","Strike_R","Defend_R","Defend_R","Defend_R","Bash","AT_EmpoweredMortalDraw","Clash","Inflame","Shrug It Off","Barricade"],"relics":["Burning Blood","AT_ATBox","Art of War"],"acts_visited":["Exordium"],"potions_floor_usage":[7,10],"damage_taken":[{"damage":0,"enemies":"2 Louse","floor":1,"turns":1},{"damage":1,"enemies":"Cultist","floor":2,"turns":3},{"damage":3,"enemies":"Small Slimes","floor":5,"turns":3},{"damage":58,"enemies":"Lagavulin","floor":7,"turns":7},{"damage":15,"enemies":"3 Louse","floor":8,"turns":3},{"damage":22,"enemies":"3 Sentries","floor":10,"turns":3}],"seed_played":"-345430995761655163","potions_obtained":[{"floor":1,"key":"Fire Potion"},{"floor":8,"key":"Strength Potion"}],"is_trial":false,"path_per_floor":["M","M","?","$","M","$","E","M","T","E"],"character_chosen":"IRONCLAD","items_purchased":[],"campfire_rested":0,"item_purchase_floors":[],"current_hp_per_floor":[74,75,75,75,75,75,23,14,14,0,0],"gold":115,"neow_bonus":"TRANSFORM_CARD","is_daily":false,"chose_seed":false,"campfire_upgraded":0,"win_rate":0.0,"timestamp":1608807026,"path_taken":["M","M","?","$","M","$","E","M","T","E"],"items_purchased_type":[],"build_version":"2020-12-22","purchased_purges":1,"victory":false,"max_hp_per_floor":[75,75,75,75,75,75,75,75,75,75,75],"relic_stats":{"counters":[6,20],"Art of War":[3],"obtain_stats":[{"AT_ATBox":0,"Art of War":7,"Burning Blood":0},{"AT_ATBox":0,"Art of War":4,"Burning Blood":0},{"AT_ATBox":0,"Art of War":14,"Burning Blood":0}],"Burning Blood":23},"card_choices":[{"not_picked":["Headbutt","Cleave"],"picked":"Inflame","floor":1},{"not_picked":["Armaments","Warcry"],"picked":"Shrug It Off","floor":2},{"not_picked":["AT_IchimonjiDouble","Clothesline","AT_BodySlamDance"],"picked":"SKIP","floor":5},{"not_picked":["Headbutt","Infernal Blade"],"picked":"Barricade","floor":7},{"not_picked":["AT_BodySlamDance","Warcry","Disarm"],"picked":"SKIP","floor":8}],"player_experience":427287,"relics_obtained":[{"floor":7,"key":"Art of War"}],"event_choices":[],"is_beta":false,"boss_relics":[],"items_purged_floors":[4],"is_endless":false,"potions_floor_spawned":[1,8],"killed_by":"3 Sentries","ascension_level":20}}