{"host":"mjau5a91be6b66g4","time":1608815611,"event":{"mods":["BaseMod","Minty Spire (QoL Compilation)","StSLib","The Animator","The Bug Knight","The Jungle"],"gold_per_floor":[213,233,233,233,251,251,141,155,155,155,82,82,157,173,173,268,268,257,356,356,356],"floor_reached":20,"playtime":662,"items_purged":[],"score":162,"play_id":"04c8d406-9c5d-4135-ad95-de2db8981040","local_time":"20201224211331","is_ascension_mode":false,"campfire_choices":[{"data":"HollowMod:FocusHealStart","floor":6,"key":"SMITH"},{"data":"HollowMod:SoulEater","floor":12,"key":"SMITH"},{"floor":15,"key":"REST"}],"circlet_count":0,"master_deck":["HollowMod:NailStrikeStart","HollowMod:NailStrikeStart+1","HollowMod:NailStrikeStart","HollowMod:NailStrikeStart","HollowMod:QuickDashStart","HollowMod:QuickDashStart","HollowMod:QuickDashStart","HollowMod:QuickDashStart+1","HollowMod:FocusHealStart+1","HollowMod:PogoStrike","HollowMod:GoodIntentions","HollowMod:SharpenedNail","HollowMod:TaintedHusks","HollowMod:VengefulSpirit","HollowMod:SoulShaman","HollowMod:DescendingDark","HollowMod:SoulEater+1","HollowMod:DoubleDash","HollowMod:SoulMaster","CurseOfTheBell","HollowMod:NewJinnsSoul"],"relics":["HollowMod:VesselMask","Sundial","StoneCalendar","Calling Bell","PreservedInsect","Ornamental Fan","Pocketwatch"],"acts_visited":["Exordium","TheCity"],"potions_floor_usage":[16,16,16],"damage_taken":[{"damage":8,"enemies":"2 Louse","floor":1,"turns":2},{"damage":14,"enemies":"Small Slimes","floor":2,"turns":3},{"damage":0,"enemies":"Cultist","floor":5,"turns":4},{"damage":25,"enemies":"Exordium Thugs","floor":8,"turns":6},{"damage":10,"enemies":"Looter","floor":14,"turns":4},{"damage":34,"enemies":"Slime Boss","floor":16,"turns":7},{"damage":31,"enemies":"2 Thieves","floor":18,"turns":4},{"damage":33,"enemies":"Shell Parasite","floor":20,"turns":7}],"seed_played":"5820583143794754166","potions_obtained":[{"floor":1,"key":"Strength Potion"},{"floor":2,"key":"SpeedPotion"},{"floor":8,"key":"Dexterity Potion"},{"floor":14,"key":"Energy Potion"}],"is_trial":false,"path_per_floor":["M","M","?","?","M","R","$","M","T","T","$","R","?","M","R","B",null,"M","?","M"],"character_chosen":"THE_BUGKNIGHT","items_purchased":["HollowMod:VengefulSpirit","HollowMod:SoulShaman","HollowMod:SoulEater"],"campfire_rested":1,"item_purchase_floors":[7,7,11],"current_hp_per_floor":[73,65,50,75,75,75,75,62,62,62,62,62,51,47,69,47,75,50,50,29,29],"gold":356,"neow_bonus":"HUNDRED_GOLD","is_daily":false,"chose_seed":false,"campfire_upgraded":2,"win_rate":0.0,"timestamp":1608815611,"path_taken":["M","M","?","?","M","R","$","?","T","?","$","R","?","M","R","BOSS","M","?","M"],"items_purchased_type":["Card","Card","Card"],"build_version":"2020-12-22","purchased_purges":0,"victory":false,"max_hp_per_floor":[75,75,75,75,75,75,75,75,75,75,75,75,75,75,75,75,75,75,75,75,75],"card_choices":[{"not_picked":["HollowMod:FallenFury","HollowMod:LifebloodCocoon"],"picked":"HollowMod:GoodIntentions","floor":1},{"not_picked":["HollowMod:CoiledNail","HollowMod:DescendingDark"],"picked":"HollowMod:SharpenedNail","floor":2},{"not_picked":["HollowMod:CycloneSlash","HollowMod:WraithStrike"],"picked":"HollowMod:TaintedHusks","floor":5},{"not_picked":["HollowMod:SoulShaman","HollowMod:CrystalDash"],"picked":"HollowMod:DescendingDark","floor":8},{"not_picked":["HollowMod:WraithStrike","HollowMod:VengefulVoid"],"picked":"HollowMod:DoubleDash","floor":14},{"not_picked":["HollowMod:SlysStrikes","HollowMod:AwokenDreamNail"],"picked":"HollowMod:SoulMaster","floor":16},{"not_picked":["HollowMod:DescendingDark","HollowMod:TaintedHusks"],"picked":"HollowMod:NewJinnsSoul","floor":18}],"player_experience":220560,"relics_obtained":[{"floor":9,"key":"Sundial"},{"floor":10,"key":"StoneCalendar"},{"floor":17,"key":"PreservedInsect"},{"floor":17,"key":"Ornamental Fan"},{"floor":17,"key":"Pocketwatch"}],"event_choices":[{"damage_healed":0,"gold_gain":0,"player_choice":"Entered Light","damage_taken":15,"max_hp_gain":0,"max_hp_loss":0,"event_name":"Shining Light","floor":3,"gold_loss":0,"cards_upgraded":["HollowMod:QuickDashStart","HollowMod:NailStrikeStart"]},{"damage_healed":25,"gold_gain":0,"player_choice":"Full Heal","damage_taken":0,"max_hp_gain":0,"max_hp_loss":0,"event_name":"Wheel of Change","floor":4,"gold_loss":0},{"damage_healed":0,"gold_gain":75,"player_choice":"Gather Gold","damage_taken":11,"max_hp_gain":0,"max_hp_loss":0,"event_name":"World of Goop","floor":13,"gold_loss":0},{"damage_healed":0,"gold_gain":99,"player_choice":"Stole From Cult","damage_taken":0,"max_hp_gain":0,"max_hp_loss":0,"event_name":"Nest","floor":19,"gold_loss":0}],"is_beta":false,"boss_relics":[{"not_picked":["Busted Crown","Pandora\u0027s Box"],"picked":"Calling Bell"}],"items_purged_floors":[],"is_endless":false,"potions_floor_spawned":[1,2,8,14],"killed_by":"Shell Parasite","ascension_level":0}}