{"host":"uwh382mre4waz4ff","time":1608794546,"event":{"mods":["AchievementEnabler","BaseMod","Better Note","Better Third Choice","BetterRewards","Minty Spire (QoL Compilation)","StSLib"],"gold_per_floor":[58,58,69,83,97,97,52,52,77,92,104,4,23,42,42,140,140,123,123,38,58,157,157,174,201,201,201,58,58,77,94,94,198,198,218,93,93,106,106,106,139,150,150,150,166,166,16,49,49,49],"floor_reached":51,"playtime":3018,"items_purged":["Defend_R","Strike_R","Strike_R","Strike_R"],"score":924,"play_id":"d569d981-f160-4670-9b47-13edcfeffc5e","local_time":"20201224152226","is_ascension_mode":false,"campfire_choices":[{"data":"Dual Wield","floor":6.0,"key":"SMITH"},{"data":"Defend_R","floor":15.0,"key":"PURGE"},{"data":"Defend_R","floor":23.0,"key":"PURGE"},{"data":"Defend_R","floor":27.0,"key":"PURGE"},{"data":"Bash","floor":29.0,"key":"SMITH"},{"data":"Power Through","floor":32.0,"key":"PURGE"},{"data":"Strike_R","floor":40.0,"key":"PURGE"},{"data":"Parasite","floor":44.0,"key":"PURGE"},{"data":"Clash","floor":49,"key":"SMITH"}],"circlet_count":0,"master_deck":["Bash+1","Dual Wield+1","Shrug It Off","Shrug It Off","Clash+1"],"relics":["Burning Blood","Oddly Smooth Stone","Lizard Tail","Mercury Hourglass","Peace Pipe","PreservedInsect","Philosopher\u0027s Stone","Mango","Red Skull","Darkstone Periapt","Bag of Marbles","Coffee Dripper","Kunai","Anchor","CaptainsWheel"],"acts_visited":["Exordium","TheCity","TheBeyond"],"potions_floor_usage":[48,50],"damage_taken":[{"damage":0.0,"enemies":"2 Louse","floor":1.0,"turns":2.0},{"damage":0.0,"enemies":"Cultist","floor":3.0,"turns":3.0},{"damage":4.0,"enemies":"Small Slimes","floor":4.0,"turns":3.0},{"damage":3.0,"enemies":"Red Slaver","floor":5.0,"turns":4.0},{"damage":9.0,"enemies":"Exordium Thugs","floor":10.0,"turns":6.0},{"damage":6.0,"enemies":"Lots of Slimes","floor":11.0,"turns":4.0},{"damage":4.0,"enemies":"Blue Slaver","floor":13.0,"turns":4.0},{"damage":12.0,"enemies":"Large Slime","floor":14.0,"turns":6.0},{"damage":70.0,"enemies":"The Guardian","floor":16.0,"turns":18.0},{"damage":16.0,"enemies":"2 Thieves","floor":18.0,"turns":4.0},{"damage":27.0,"enemies":"Shell Parasite","floor":21.0,"turns":9.0},{"damage":58.0,"enemies":"Chosen and Byrds","floor":24.0,"turns":11.0},{"damage":11.0,"enemies":"Sentry and Sphere","floor":30.0,"turns":5.0},{"damage":8.0,"enemies":"3 Cultists","floor":31.0,"turns":6.0},{"damage":16.0,"enemies":"Automaton","floor":33.0,"turns":4.0},{"damage":2.0,"enemies":"Orb Walker","floor":35.0,"turns":2.0},{"damage":0.0,"enemies":"3 Darklings","floor":38.0,"turns":3.0},{"damage":5.0,"enemies":"Giant Head","floor":41.0,"turns":4.0},{"damage":0.0,"enemies":"Writhing Mass","floor":42.0,"turns":3.0},{"damage":0.0,"enemies":"Sphere and 2 Shapes","floor":45.0,"turns":2.0},{"damage":70,"enemies":"Reptomancer","floor":48,"turns":4},{"damage":49,"enemies":"Awakened One","floor":50,"turns":7}],"seed_played":"255680072820210115","potions_obtained":[{"floor":3.0,"key":"EssenceOfSteel"},{"floor":4.0,"key":"BloodPotion"},{"floor":11.0,"key":"FairyPotion"},{"floor":16.0,"key":"FairyPotion"},{"floor":21.0,"key":"DuplicationPotion"},{"floor":33.0,"key":"Strength Potion"},{"floor":42.0,"key":"AttackPotion"},{"floor":45.0,"key":"Dexterity Potion"},{"floor":48,"key":"GamblersBrew"}],"is_trial":false,"path_per_floor":["M","?","M","M","M","R","$","?","T","M","M","$","M","M","R","B",null,"M","?","?","M","?","R","M","T","T","R","$","R","M","M","R","B",null,"M","$","$","M","?","R","E","M","T","R","M","?","$","E","R","B",null],"character_chosen":"IRONCLAD","items_purchased":["Mercury Hourglass","Shrug It Off","Bag of Marbles"],"campfire_rested":0,"item_purchase_floors":[0,7,28],"current_hp_per_floor":[54,54,60,62,65,65,65,65,65,62,62,62,64,58,58,10,80,70,70,84,63,63,63,11,11,11,11,11,11,34,32,32,22,94,94,94,94,94,94,94,94,100,100,97,97,92,92,28,28,18],"gold":49,"neow_bonus":"","is_daily":false,"chose_seed":false,"campfire_upgraded":3,"win_rate":0.0,"timestamp":1608794546,"path_taken":["M","?","M","M","?","R","$","?","T","M","M","$","M","?","R","BOSS","M","?","?","M","?","R","M","?","T","R","$","R","M","M","R","BOSS","M","?","$","M","?","R","E","M","T","R","?","?","?","E","R","BOSS"],"items_purchased_type":["Relic","Card","Relic"],"build_version":"2020-12-22","purchased_purges":4,"victory":true,"max_hp_per_floor":[80,80,80,80,80,80,80,80,80,80,80,80,80,80,80,80,80,80,80,94,94,94,94,94,94,94,94,94,94,94,94,94,94,94,94,94,94,94,94,94,94,100,100,97,97,92,92,92,92,92],"card_choices":[{"not_picked":["Reckless Charge","Armaments","Intimidate"],"picked":"SKIP","floor":1.0},{"not_picked":["Reckless Charge","True Grit","Flex"],"picked":"SKIP","floor":3.0},{"not_picked":["Cleave","True Grit","Heavy Blade"],"picked":"SKIP","floor":4.0},{"not_picked":["Perfected Strike","Seeing Red"],"picked":"Dual Wield","floor":5.0},{"not_picked":["True Grit","Flex","Clothesline"],"picked":"SKIP","floor":10.0},{"not_picked":["Power Through","Body Slam"],"picked":"Shrug It Off","floor":11.0},{"not_picked":["Heavy Blade","Limit Break","Reckless Charge"],"picked":"SKIP","floor":13.0},{"not_picked":["True Grit","Clothesline","Twin Strike"],"picked":"SKIP","floor":14.0},{"not_picked":["Armaments","Heavy Blade","Uppercut"],"picked":"SKIP","floor":18.0},{"not_picked":["Clothesline","Body Slam","Sword Boomerang+1"],"picked":"SKIP","floor":21.0},{"not_picked":["Perfected Strike+1","Burning Pact","Juggernaut"],"picked":"SKIP","floor":24.0},{"not_picked":["Iron Wave","Rupture+1"],"picked":"Clash","floor":30.0},{"not_picked":["Shrug It Off","Second Wind","Power Through"],"picked":"SKIP","floor":31.0},{"not_picked":["Twin Strike+1","Dual Wield+1","Searing Blow+1"],"picked":"SKIP","floor":35.0},{"not_picked":["Infernal Blade+1","Perfected Strike","Armaments"],"picked":"SKIP","floor":38.0},{"not_picked":["Pummel+1","Iron Wave","Flame Barrier+1"],"picked":"SKIP","floor":41.0},{"not_picked":["Body Slam+1","True Grit+1","Bloodletting+1"],"picked":"SKIP","floor":42.0},{"not_picked":["Body Slam+1","True Grit+1","Bloodletting+1"],"picked":"SKIP","floor":42.0},{"not_picked":["Fire Breathing","Perfected Strike","Feel No Pain+1"],"picked":"SKIP","floor":45.0},{"not_picked":["True Grit","Dual Wield+1","Corruption"],"picked":"SKIP","floor":48}],"player_experience":50484,"relics_obtained":[{"floor":9.0,"key":"PreservedInsect"},{"floor":25.0,"key":"Red Skull"},{"floor":26.0,"key":"Darkstone Periapt"},{"floor":41.0,"key":"Kunai"},{"floor":43.0,"key":"Anchor"},{"floor":48,"key":"CaptainsWheel"}],"event_choices":[{"cards_removed":["Perfected Strike"],"damage_healed":0.0,"max_hp_gain":0.0,"max_hp_loss":0.0,"gold_gain":0.0,"event_name":"WeMeetAgain","player_choice":"Gave Card","floor":2.0,"gold_loss":0.0,"damage_taken":0.0,"relics_obtained":["Peace Pipe"]},{"cards_removed":["Strike_R"],"damage_healed":0.0,"max_hp_gain":0.0,"max_hp_loss":0.0,"gold_gain":0.0,"event_name":"Bonfire Elementals","player_choice":"Offered Basic","floor":8.0,"gold_loss":0.0,"damage_taken":0.0},{"cards_removed":["Defend_R"],"damage_healed":0.0,"max_hp_gain":0.0,"max_hp_loss":0.0,"gold_gain":0.0,"event_name":"betterNote:BetterNote","player_choice":"Give","floor":19.0,"gold_loss":0.0,"damage_taken":0.0,"cards_obtained":["None"]},{"damage_healed":0.0,"max_hp_gain":0.0,"max_hp_loss":0.0,"gold_gain":0.0,"event_name":"Addict","player_choice":"Obtained Relic","floor":20.0,"gold_loss":85.0,"damage_taken":0.0,"relics_obtained":["Mango"]},{"damage_healed":0.0,"max_hp_gain":0.0,"max_hp_loss":0.0,"gold_gain":99.0,"event_name":"betterThird:BetterNest","player_choice":"Steal","floor":22.0,"gold_loss":0.0,"damage_taken":0.0},{"damage_healed":0.0,"max_hp_gain":0.0,"max_hp_loss":0.0,"gold_gain":0.0,"event_name":"Match and Keep!","player_choice":"0 cards matched","floor":39.0,"gold_loss":0.0,"damage_taken":0.0,"cards_obtained":[]},{"damage_healed":0.0,"max_hp_gain":0.0,"max_hp_loss":5.0,"gold_gain":0.0,"event_name":"Winding Halls","player_choice":"Max HP","floor":46.0,"gold_loss":0.0,"damage_taken":0.0}],"is_beta":false,"boss_relics":[{"not_picked":["Runic Cube","Astrolabe"],"picked":"Philosopher\u0027s Stone"},{"not_picked":["Runic Dome","Mark of Pain"],"picked":"Coffee Dripper"}],"items_purged_floors":[0,12,36,47],"is_endless":false,"potions_floor_spawned":[3,4,11,16,21,24,33,42,45,48],"ascension_level":0}}