{"host":"nh1tx9wty0m9wedw","time":1608783748,"event":{"mods":["BaseMod","Colored Map","Colored Powertips","Minty Spire (QoL Compilation)"],"gold_per_floor":[114,127,143,0,75,105,105,139,162,189,189,219,249,249,249,345,345,364,380,5,5,5,5,33,33,33,33,51,51,61,79,79,79,79],"floor_reached":33,"playtime":1515,"items_purged":["Strike_R"],"score":379,"play_id":"5613b1e7-7f96-458a-a5d3-92797689faaa","local_time":"20201224052228","is_ascension_mode":true,"campfire_choices":[{"data":"Demon Form","floor":7,"key":"SMITH"},{"floor":11,"key":"REST"},{"floor":15,"key":"REST"},{"data":"Limit Break","floor":23,"key":"SMITH"},{"floor":25,"key":"REST"},{"floor":29,"key":"REST"},{"floor":32,"key":"REST"}],"circlet_count":0,"master_deck":["Strike_R","Strike_R","Strike_R","Strike_R","Defend_R","Defend_R","Defend_R","Defend_R","Bash","Anger","Demon Form+1","Whirlwind","Armaments+1","Metallicize","Fire Breathing","Limit Break+1","Wild Strike","Shrug It Off+1","Thunderclap","Anger"],"relics":["Burning Blood","Ancient Tea Set","Lantern","Vajra","Potion Belt","Boot","Tiny Chest","Regal Pillow","Busted Crown","MealTicket","Sling","Art of War","StoneCalendar","Smiling Mask","Matryoshka","Nloth\u0027s Gift"],"acts_visited":["Exordium","TheCity"],"potions_floor_usage":[6,12,16,18,30,31],"damage_taken":[{"damage":10,"enemies":"Small Slimes","floor":1,"turns":3},{"damage":14,"enemies":"Jaw Worm","floor":2,"turns":3},{"damage":6,"enemies":"Cultist","floor":3,"turns":3},{"damage":0,"enemies":"3 Sentries","floor":6,"turns":2},{"damage":21,"enemies":"Gremlin Nob","floor":8,"turns":4},{"damage":35,"enemies":"3 Sentries","floor":10,"turns":8},{"damage":16,"enemies":"Gremlin Nob","floor":12,"turns":3},{"damage":18,"enemies":"Hexaghost","floor":16,"turns":6},{"damage":22,"enemies":"2 Thieves","floor":18,"turns":5},{"damage":18,"enemies":"Spheric Guardian","floor":19,"turns":5},{"damage":46,"enemies":"Book of Stabbing","floor":24,"turns":5},{"damage":45,"enemies":"Snake Plant","floor":28,"turns":5},{"damage":42,"enemies":"Centurion and Healer","floor":30,"turns":4},{"damage":0,"enemies":"Shelled Parasite and Fungi","floor":31,"turns":2},{"damage":69,"enemies":"Collector","floor":33,"turns":6}],"seed_played":"2347952713903095973","potions_obtained":[{"floor":2,"key":"SteroidPotion"},{"floor":10,"key":"SneckoOil"},{"floor":12,"key":"Swift Potion"},{"floor":16,"key":"EssenceOfSteel"},{"floor":28,"key":"PowerPotion"},{"floor":30,"key":"DistilledChaos"}],"is_trial":false,"path_per_floor":["M","M","M","$","?","E","R","E","T","E","R","E","?","?","R","B",null,"M","M","$","?","T","R","E","R","T","?","M","R","M","M","R","B"],"character_chosen":"IRONCLAD","items_purchased":["Lantern","MealTicket","Sling"],"campfire_rested":5,"item_purchase_floors":[4,20,20],"current_hp_per_floor":[76,68,68,68,57,63,63,48,48,19,43,33,33,33,72,60,80,64,52,52,52,52,52,12,51,51,51,12,51,15,21,60,0,0],"gold":79,"neow_bonus":"RANDOM_COMMON_RELIC","is_daily":false,"chose_seed":false,"campfire_upgraded":2,"win_rate":0.0,"timestamp":1608783748,"path_taken":["M","M","M","$","?","E","R","E","T","E","R","E","?","?","R","BOSS","M","M","$","?","?","R","E","R","T","?","M","R","?","M","R","BOSS"],"items_purchased_type":["Relic","Relic","Relic"],"build_version":"2020-12-22","purchased_purges":1,"victory":false,"max_hp_per_floor":[80,80,80,80,80,80,80,80,80,80,80,80,80,80,80,80,80,80,80,80,80,80,80,80,80,80,80,80,80,80,80,80,80,80],"card_choices":[{"not_picked":["Wild Strike","Whirlwind"],"picked":"Anger","floor":1},{"not_picked":["True Grit","Clash"],"picked":"Demon Form","floor":2},{"not_picked":["Dropkick","Twin Strike"],"picked":"Whirlwind","floor":3},{"not_picked":["Flex","True Grit","Seeing Red"],"picked":"SKIP","floor":6},{"not_picked":["Sentinel","Rampage"],"picked":"Armaments","floor":8},{"not_picked":["Infernal Blade","Disarm"],"picked":"Metallicize","floor":10},{"not_picked":["Limit Break","Immolate"],"picked":"Fire Breathing","floor":12},{"not_picked":["Double Tap","Impervious"],"picked":"Limit Break","floor":16},{"not_picked":[],"picked":"Wild Strike","floor":18},{"not_picked":[],"picked":"Shrug It Off+1","floor":19},{"not_picked":["Dark Embrace"],"picked":"SKIP","floor":24},{"not_picked":[],"picked":"Thunderclap","floor":28},{"not_picked":[],"picked":"Anger","floor":30},{"not_picked":["Thunderclap+1"],"picked":"SKIP","floor":31}],"player_experience":580423,"relics_obtained":[{"floor":6,"key":"Vajra"},{"floor":8,"key":"Potion Belt"},{"floor":9,"key":"Nunchaku"},{"floor":10,"key":"Boot"},{"floor":12,"key":"Tiny Chest"},{"floor":22,"key":"StoneCalendar"},{"floor":24,"key":"Smiling Mask"},{"floor":26,"key":"Matryoshka"}],"event_choices":[{"damage_healed":0,"gold_gain":75,"player_choice":"Gather Gold","damage_taken":11,"max_hp_gain":0,"max_hp_loss":0,"event_name":"World of Goop","floor":5,"gold_loss":0},{"damage_healed":0,"gold_gain":30,"player_choice":"Searched \u00273\u0027 times","damage_taken":0,"relics_obtained":["Regal Pillow"],"max_hp_gain":0,"max_hp_loss":0,"event_name":"Dead Adventurer","floor":13,"gold_loss":0},{"damage_healed":0,"gold_gain":0,"player_choice":"Grow","damage_taken":0,"max_hp_gain":0,"max_hp_loss":0,"event_name":"Living Wall","floor":14,"gold_loss":0,"cards_upgraded":["Armaments"]},{"damage_healed":0,"gold_gain":0,"player_choice":"Opened","damage_taken":0,"relics_obtained":["Art of War"],"max_hp_gain":0,"max_hp_loss":0,"event_name":"The Mausoleum","floor":21,"gold_loss":0},{"damage_healed":0,"gold_gain":0,"player_choice":"Traded Relic","damage_taken":0,"relics_obtained":["Nloth\u0027s Gift"],"max_hp_gain":0,"max_hp_loss":0,"event_name":"N\u0027loth","floor":27,"relics_lost":["Nunchaku"],"gold_loss":0}],"is_beta":false,"boss_relics":[{"not_picked":["Ectoplasm","Astrolabe"],"picked":"Busted Crown"}],"items_purged_floors":[20],"is_endless":false,"potions_floor_spawned":[2,10,12,16,28,30],"killed_by":"Collector","ascension_level":4}}