{"host":"ldbx2jhnvtia1ouf","time":1608797630,"event":{"mods":["BaseMod","Better Note","Better Sensory Stone","Better Skull","Better Third Choice","Block Reminder","Colored Map","Colored Powertips","Curses Come First","Highlight Path","Minty Spire (QoL Compilation)","Permanent Neow","Spicy Shops","StSLib","Transform Curses","Unceasing Turn Reminder"],"gold_per_floor":[14,29,29,39,94,94,94,94,94,120,120,195,206,237,237,337,337,352,302,302,34,52,52,13,27,27,27,58,28,28,48,48,144,144,159,175,192,192,242,277,277,5,52,64,174,191,191,32,32,32],"floor_reached":51,"playtime":3533,"items_purged":["Strike_B"],"score":676,"play_id":"1e164629-49db-4b04-83e3-ea02206d7c02","local_time":"20201224181350","is_ascension_mode":false,"campfire_choices":[{"data":"Amplify","floor":6.0,"key":"SMITH"},{"data":"Zap","floor":8.0,"key":"SMITH"},{"data":"Fusion","floor":11.0,"key":"SMITH"},{"floor":15.0,"key":"REST"},{"data":"Self Repair","floor":23.0,"key":"SMITH"},{"floor":27.0,"key":"REST"},{"floor":30.0,"key":"REST"},{"floor":32.0,"key":"REST"},{"floor":41,"key":"REST"},{"data":"Magnetism","floor":49,"key":"SMITH"}],"circlet_count":0,"master_deck":["Strike_B","Strike_B","Defend_B","Defend_B","Defend_B","Defend_B","Zap+1","Dualcast","Amplify+1","Storm","Multi-Cast","Streamline","Fusion+1","Glacier","Self Repair+1","Multi-Cast","Loop+1","Skim","Defragment","Defragment","Ball Lightning+1","Rebound+1","Cold Snap+1","Doom and Gloom+1","Conserve Battery+1","Ball Lightning+1","Static Discharge","BootSequence","Flash of Steel+1","Transmutation","Magnetism+1"],"relics":["FrozenCore","Vajra","Bottled Lightning","Matryoshka","HornCleat","Velvet Choker","Membership Card","Molten Egg 2","Kunai","Shuriken","Anchor","Gambling Chip","Centennial Puzzle","Calipers","Juzu Bracelet","Nunchaku","Lee\u0027s Waffle"],"acts_visited":["Exordium","TheCity","TheBeyond"],"potions_floor_usage":[39,40,46,50],"damage_taken":[{"damage":1.0,"enemies":"Cultist","floor":1.0,"turns":3.0},{"damage":0.0,"enemies":"Small Slimes","floor":2.0,"turns":3.0},{"damage":0.0,"enemies":"2 Louse","floor":4.0,"turns":3.0},{"damage":25.0,"enemies":"Gremlin Nob","floor":10.0,"turns":4.0},{"damage":14.0,"enemies":"2 Fungi Beasts","floor":13.0,"turns":3.0},{"damage":21.0,"enemies":"3 Sentries","floor":14.0,"turns":13.0},{"damage":19.0,"enemies":"The Guardian","floor":16.0,"turns":13.0},{"damage":21.0,"enemies":"Shell Parasite","floor":18.0,"turns":8.0},{"damage":17.0,"enemies":"Chosen","floor":22.0,"turns":7.0},{"damage":20.0,"enemies":"Shelled Parasite and Fungi","floor":25.0,"turns":4.0},{"damage":64.0,"enemies":"Slavers","floor":28.0,"turns":5.0},{"damage":11.0,"enemies":"Snecko","floor":31.0,"turns":4.0},{"damage":39.0,"enemies":"Collector","floor":33.0,"turns":9.0},{"damage":0.0,"enemies":"Orb Walker","floor":35.0,"turns":5.0},{"damage":5,"enemies":"3 Shapes","floor":36,"turns":5},{"damage":0,"enemies":"Writhing Mass","floor":37,"turns":7},{"damage":26,"enemies":"Mind Bloom Boss Battle","floor":39,"turns":8},{"damage":53,"enemies":"Reptomancer","floor":40,"turns":7},{"damage":9,"enemies":"Sphere and 2 Shapes","floor":44,"turns":4},{"damage":20,"enemies":"Jaw Worm Horde","floor":46,"turns":3},{"damage":36,"enemies":"Donu and Deca","floor":50,"turns":10}],"seed_played":"975358023320676763","potions_obtained":[{"floor":2.0,"key":"PotionOfCapacity"},{"floor":13.0,"key":"SpeedPotion"},{"floor":14.0,"key":"ColorlessPotion"},{"floor":29.0,"key":"Energy Potion"},{"floor":29.0,"key":"Dexterity Potion"},{"floor":33.0,"key":"Strength Potion"},{"floor":36,"key":"SkillPotion"},{"floor":39,"key":"PowerPotion"},{"floor":40,"key":"SpeedPotion"}],"is_trial":false,"path_per_floor":["M","M","?","M","T","R","?","R","T","E","R","?","M","E","R","B",null,"M","?","?","$","M","R","$","M","T","R","E","?","R","M","R","B",null,"M","M","M","?","?","E","R","$","T","M","?","M","?","$","R","B",null],"character_chosen":"DEFECT","items_purchased":["Membership Card","Molten Egg 2","Defragment","Calipers","Static Discharge","Lee\u0027s Waffle","Magnetism"],"campfire_rested":5,"item_purchase_floors":[21,21,24,42,42,48,48],"current_hp_per_floor":[74,74,74,74,74,74,79,79,79,54,54,43,29,8,32,20,80,66,66,66,66,56,56,56,46,46,70,16,16,40,39,63,34,80,80,80,80,80,64,21,45,45,45,46,37,17,17,87,87,51],"gold":32,"neow_bonus":"THREE_RARE_CARDS","is_daily":false,"chose_seed":false,"campfire_upgraded":5,"win_rate":0.0,"timestamp":1608797630,"path_taken":["M","M","?","?","?","R","?","R","T","E","R","?","M","E","R","BOSS","M","?","?","$","M","R","?","M","T","R","E","?","R","M","R","BOSS","M","M","M","?","?","E","R","$","T","M","?","M","?","$","R","BOSS"],"items_purchased_type":["Relic","Relic","Card","Relic","Card","Relic","Card"],"build_version":"2020-12-22","purchased_purges":1,"victory":true,"max_hp_per_floor":[75,75,75,75,75,75,80,80,80,80,80,80,80,80,80,80,80,80,80,80,80,80,80,80,80,80,80,80,80,80,80,80,80,80,80,80,80,80,80,80,80,80,80,80,80,80,80,87,87,87],"card_choices":[{"not_picked":["All For One","Buffer"],"picked":"Amplify","floor":0.0},{"not_picked":["Compile Driver","Coolheaded"],"picked":"Storm","floor":1.0},{"not_picked":["Sweeping Beam","Turbo"],"picked":"Multi-Cast","floor":2.0},{"not_picked":["Steam","Leap"],"picked":"Streamline","floor":4.0},{"not_picked":["Steam","Beam Cell"],"picked":"Fusion","floor":10.0},{"not_picked":["Sweeping Beam","Stack"],"picked":"Glacier","floor":13.0},{"not_picked":["Hello World","Double Energy"],"picked":"Self Repair","floor":14.0},{"not_picked":["Meteor Strike","Biased Cognition"],"picked":"Multi-Cast","floor":16.0},{"not_picked":["Go for the Eyes","Hologram"],"picked":"Loop","floor":18.0},{"not_picked":["Go for the Eyes+1","Leap"],"picked":"Skim","floor":22.0},{"not_picked":["Beam Cell+1","Gash+1"],"picked":"Defragment","floor":25.0},{"not_picked":["Gash+1","Turbo"],"picked":"Ball Lightning+1","floor":28.0},{"not_picked":["Redo","Genetic Algorithm"],"picked":"Rebound+1","floor":31.0},{"not_picked":["Sweeping Beam+1","Leap+1"],"picked":"Cold Snap+1","floor":35},{"not_picked":["Rebound+1","Turbo+1"],"picked":"Doom and Gloom+1","floor":36},{"not_picked":["Ball Lightning+1","Beam Cell+1"],"picked":"Conserve Battery+1","floor":37},{"not_picked":["Hello World","Gash+1"],"picked":"Ball Lightning+1","floor":39},{"not_picked":["Barrage+1","Sunder+1","Genetic Algorithm+1"],"picked":"SKIP","floor":40},{"not_picked":["Coolheaded","Amplify","Steam Power"],"picked":"SKIP","floor":44},{"not_picked":["Redo+1","Barrage+1"],"picked":"BootSequence","floor":46},{"not_picked":["Swift Strike+1","Thinking Ahead"],"picked":"Flash of Steel+1","floor":47},{"not_picked":["Mind Blast+1","Madness"],"picked":"Transmutation","floor":47}],"player_experience":62366,"relics_obtained":[{"floor":5.0,"key":"Vajra"},{"floor":9.0,"key":"Bottled Lightning"},{"floor":10.0,"key":"Matryoshka"},{"floor":14.0,"key":"HornCleat"},{"floor":26.0,"key":"Kunai"},{"floor":26.0,"key":"Shuriken"},{"floor":28.0,"key":"Anchor"},{"floor":39,"key":"Gambling Chip"},{"floor":40,"key":"Centennial Puzzle"},{"floor":43,"key":"Juzu Bracelet"},{"floor":43,"key":"Nunchaku"}],"event_choices":[{"cards_removed":["Strike_B"],"damage_healed":0.0,"max_hp_gain":0.0,"max_hp_loss":0.0,"gold_gain":0.0,"event_name":"Purifier","player_choice":"Purged","floor":3.0,"gold_loss":0.0,"damage_taken":0.0},{"damage_healed":0.0,"max_hp_gain":5.0,"max_hp_loss":0.0,"gold_gain":0.0,"event_name":"Big Fish","player_choice":"Donut","floor":7.0,"gold_loss":0.0,"damage_taken":0.0},{"damage_healed":0.0,"max_hp_gain":0.0,"max_hp_loss":0.0,"gold_gain":75.0,"event_name":"betterThird:BetterGoop","player_choice":"Gold","floor":12.0,"gold_loss":0.0,"damage_taken":11.0},{"damage_healed":0.0,"max_hp_gain":0.0,"max_hp_loss":0.0,"gold_gain":0.0,"event_name":"The Joust","player_choice":"Bet on Murderer","floor":19.0,"gold_loss":50.0,"damage_taken":0.0},{"damage_healed":0.0,"max_hp_gain":0.0,"max_hp_loss":0.0,"gold_gain":0.0,"event_name":"Upgrade Shrine","player_choice":"Upgraded","floor":20.0,"gold_loss":0.0,"damage_taken":0.0,"cards_upgraded":["Loop"]},{"damage_healed":0.0,"max_hp_gain":0.0,"max_hp_loss":0.0,"gold_gain":0.0,"event_name":"The Woman in Blue","player_choice":"Bought 2 Potions","floor":29.0,"gold_loss":0.0,"damage_taken":0.0},{"damage_healed":0,"gold_gain":0,"player_choice":"Ignored","damage_taken":0,"max_hp_gain":0,"max_hp_loss":0,"event_name":"Tomb of Lord Red Mask","floor":38,"gold_loss":0},{"damage_healed":0,"gold_gain":0,"player_choice":"Fight","damage_taken":0,"max_hp_gain":0,"max_hp_loss":0,"event_name":"MindBloom","floor":39,"gold_loss":0},{"damage_healed":0,"gold_gain":110,"player_choice":"GO ","damage_taken":10,"relics_obtained":[],"max_hp_gain":0,"max_hp_loss":0,"event_name":"betterSkull:BetterSkull","floor":45,"gold_loss":0,"cards_upgraded":[]},{"damage_healed":0,"gold_gain":3,"player_choice":"1","damage_taken":0,"max_hp_gain":0,"max_hp_loss":0,"event_name":"betterStone:BetterStone","floor":47,"gold_loss":0}],"is_beta":false,"boss_relics":[{"not_picked":["Coffee Dripper","Black Star"],"picked":"Velvet Choker"},{"not_picked":["Calling Bell","Busted Crown"],"picked":"FrozenCore"}],"items_purged_floors":[42],"is_endless":false,"potions_floor_spawned":[2,13,14,31,33,36,39,40],"ascension_level":0}}