{"host":"u2grshebrc5rdzdn","time":1608808006,"event":{"mods":["AchievementEnabler","BaseMod","Minty Spire (QoL Compilation)","StSLib"],"gold_per_floor":[114,64,64,38,113,147,157,169,195,220,220,37,81,101,101,227,227,241,262,262,42,42,42,85,109,109,109,132,153,172,172,172,292,292,308,326,121,145,145,145,178,178,224,557,612,621,647,108,108,108],"floor_reached":51,"playtime":3944,"items_purged":["Writhe","Strike_R","Writhe"],"score":916,"play_id":"1835c328-8c99-44d6-8c02-a64d0e6527ad","local_time":"20201224120646","is_ascension_mode":true,"campfire_choices":[{"data":"Sword Boomerang","floor":15,"key":"SMITH"},{"data":"Whirlwind","floor":23,"key":"SMITH"},{"data":"Limit Break","floor":27,"key":"SMITH"},{"floor":32,"key":"REST"},{"data":"Armaments","floor":40,"key":"SMITH"},{"data":"Pommel Strike","floor":42,"key":"SMITH"},{"data":"Heavy Blade","floor":49,"key":"SMITH"}],"circlet_count":0,"master_deck":["Strike_R","Strike_R","Strike_R","Defend_R","Defend_R","Defend_R","Defend_R","Bash","Pommel Strike+1","Armaments+1","Double Tap","Iron Wave","Pummel","Sword Boomerang+1","Limit Break+1","Whirlwind+1","Purity+1","Hyperbeam","Evaluate","Leg Sweep+1","Corruption","Evaluate+1","Heavy Blade+1","Shrug It Off","Master of Strategy","Regret","Acrobatics+1","Flame Barrier+1","Armaments+1"],"relics":["Burning Blood","NeowsBlessing","Bag of Preparation","Dream Catcher","Nunchaku","Lantern","Brimstone","Happy Flower","Sozu","InkBottle","PrismaticShard","Ice Cream","Du-Vu Doll","Cursed Key","Toxic Egg 2","CeramicFish","TungstenRod","Frozen Eye","Akabeko"],"acts_visited":["Exordium","TheCity","TheBeyond"],"potions_floor_usage":[13,24],"damage_taken":[{"damage":0,"enemies":"2 Louse","floor":1,"turns":1},{"damage":0,"enemies":"3 Sentries","floor":6,"turns":1},{"damage":0,"enemies":"Small Slimes","floor":7,"turns":1},{"damage":1,"enemies":"Jaw Worm","floor":8,"turns":5},{"damage":37,"enemies":"Gremlin Nob","floor":10,"turns":5},{"damage":12,"enemies":"3 Sentries","floor":13,"turns":4},{"damage":0,"enemies":"3 Louse","floor":14,"turns":2},{"damage":31,"enemies":"Hexaghost","floor":16,"turns":4},{"damage":12,"enemies":"3 Byrds","floor":18,"turns":5},{"damage":0,"enemies":"Spheric Guardian","floor":19,"turns":2},{"damage":16,"enemies":"Gremlin Leader","floor":24,"turns":4},{"damage":0,"enemies":"Cultist and Chosen","floor":25,"turns":3},{"damage":20,"enemies":"Snecko","floor":28,"turns":3},{"damage":22,"enemies":"Snake Plant","floor":29,"turns":3},{"damage":0,"enemies":"Centurion and Healer","floor":30,"turns":2},{"damage":10,"enemies":"Champ","floor":33,"turns":4},{"damage":0,"enemies":"Orb Walker","floor":35,"turns":2},{"damage":12,"enemies":"3 Darklings","floor":36,"turns":2},{"damage":19,"enemies":"4 Shapes","floor":38,"turns":1},{"damage":2,"enemies":"Nemesis","floor":41,"turns":3},{"damage":16,"enemies":"2 Orb Walkers","floor":45,"turns":3},{"damage":0,"enemies":"Writhing Mass","floor":47,"turns":3},{"damage":65,"enemies":"Time Eater","floor":50,"turns":6}],"seed_played":"5309330691917453042","potions_obtained":[{"floor":1,"key":"SkillPotion"},{"floor":8,"key":"Ancient Potion"},{"floor":10,"key":"LiquidMemories"},{"floor":16,"key":"FairyPotion"}],"is_trial":false,"path_per_floor":["M","?","?","$","?","E","M","M","T","E","?","$","E","M","R","B",null,"M","M","?","$","?","R","E","M","T","R","M","M","M","?","R","B",null,"M","M","$","M","?","R","E","R","T","?","?","?","M","$","R","B",null],"character_chosen":"IRONCLAD","items_purchased":["Armaments","Brimstone","Pummel","PrismaticShard","Heavy Blade","Shrug It Off","Frozen Eye","Akabeko","Flame Barrier+1","Armaments+1"],"campfire_rested":1,"item_purchase_floors":[4,12,12,21,37,37,48,48,48,48],"current_hp_per_floor":[80,80,68,68,57,63,69,74,74,43,43,43,37,43,43,18,65,59,65,65,65,65,65,55,61,61,61,47,31,37,37,61,57,74,80,74,74,61,61,61,65,65,65,65,55,75,80,80,80,21],"gold":108,"neow_bonus":"THREE_ENEMY_KILL","is_daily":false,"chose_seed":false,"campfire_upgraded":6,"win_rate":0.0,"timestamp":1608808006,"path_taken":["M","?","?","?","?","E","?","M","T","E","?","$","E","M","R","BOSS","M","M","?","$","?","R","E","M","T","R","M","M","M","?","R","BOSS","M","M","$","M","?","R","E","R","T","?","?","?","M","$","R","BOSS"],"items_purchased_type":["Card","Relic","Card","Relic","Card","Card","Relic","Relic","Card","Card"],"build_version":"2020-12-22","purchased_purges":3,"victory":true,"max_hp_per_floor":[80,80,80,80,80,80,80,80,80,80,80,80,80,80,80,80,80,80,80,80,80,80,80,80,80,80,80,80,80,80,80,80,80,80,80,80,80,80,80,80,80,80,80,80,80,80,80,80,80,80],"card_choices":[{"not_picked":["Sever Soul","Intimidate"],"picked":"Pommel Strike","floor":1},{"not_picked":["Twin Strike","Wild Strike"],"picked":"Double Tap","floor":6},{"not_picked":["Flex","Pommel Strike","Intimidate"],"picked":"SKIP","floor":7},{"not_picked":["Havoc","Warcry","Second Wind"],"picked":"SKIP","floor":8},{"not_picked":["Wild Strike","Heavy Blade"],"picked":"Iron Wave","floor":10},{"not_picked":["Uppercut","Havoc","Berserk"],"picked":"SKIP","floor":13},{"not_picked":["Armaments","Hemokinesis"],"picked":"Sword Boomerang","floor":14},{"not_picked":["Demon Form","Juggernaut"],"picked":"Limit Break","floor":16},{"not_picked":["Carnage","Dual Wield","True Grit+1"],"picked":"SKIP","floor":18},{"not_picked":["Warcry","Thunderclap","Searing Blow+1"],"picked":"SKIP","floor":19},{"not_picked":["Impatience+1","Pummel"],"picked":"Purity+1","floor":24},{"not_picked":["Impatience","CrushJoints","WaveOfTheHand"],"picked":"SKIP","floor":25},{"not_picked":["Bouncing Flask","All Out Attack","Choke"],"picked":"SKIP","floor":28},{"not_picked":["Wild Strike","JustLucky"],"picked":"Hyperbeam","floor":29},{"not_picked":["Coolheaded+1","Die Die Die"],"picked":"Evaluate","floor":30},{"not_picked":["Storm+1","Blind"],"picked":"Leg Sweep+1","floor":32},{"not_picked":["All For One","Fission"],"picked":"Corruption","floor":33},{"not_picked":["Forethought+1","Warcry"],"picked":"Evaluate+1","floor":35},{"not_picked":["Cleave","PathToVictory","Wild Strike"],"picked":"SKIP","floor":36},{"not_picked":["Body Slam","Clash","Dodge and Roll"],"picked":"SKIP","floor":38},{"not_picked":["Flash of Steel","Jack Of All Trades"],"picked":"Master of Strategy","floor":39},{"not_picked":["Halt+1","Reckless Charge+1","Body Slam+1"],"picked":"SKIP","floor":41},{"not_picked":["Dagger Spray","Sever Soul+1"],"picked":"Acrobatics+1","floor":47}],"player_experience":332358,"relics_obtained":[{"floor":6,"key":"Dream Catcher"},{"floor":9,"key":"Nunchaku"},{"floor":10,"key":"Lantern"},{"floor":13,"key":"Happy Flower"},{"floor":24,"key":"Ice Cream"},{"floor":26,"key":"Du-Vu Doll"},{"floor":41,"key":"Toxic Egg 2"},{"floor":43,"key":"CeramicFish"},{"floor":45,"key":"TungstenRod"}],"event_choices":[{"cards_removed":["Strike_R"],"damage_healed":0,"gold_gain":0,"player_choice":"Card Removal","damage_taken":0,"max_hp_gain":0,"max_hp_loss":0,"event_name":"The Cleric","floor":2,"gold_loss":50},{"damage_healed":0,"gold_gain":0,"player_choice":"Success","damage_taken":12,"relics_obtained":["Bag of Preparation"],"max_hp_gain":0,"max_hp_loss":0,"event_name":"Scrap Ooze","floor":3,"gold_loss":0},{"damage_healed":0,"gold_gain":75,"player_choice":"Gather Gold","damage_taken":11,"max_hp_gain":0,"max_hp_loss":0,"event_name":"World of Goop","floor":5,"gold_loss":0},{"damage_healed":0,"gold_gain":0,"player_choice":"Take Wound","damage_taken":0,"relics_obtained":["Golden Idol"],"max_hp_gain":0,"max_hp_loss":0,"event_name":"Golden Idol","floor":11,"gold_loss":0,"cards_obtained":["Injury"]},{"damage_healed":0,"gold_gain":0,"player_choice":"Opened","damage_taken":0,"relics_obtained":["InkBottle"],"max_hp_gain":0,"max_hp_loss":0,"event_name":"The Mausoleum","floor":20,"gold_loss":0,"cards_obtained":["Writhe"]},{"damage_healed":0,"gold_gain":0,"player_choice":"Read","damage_taken":0,"max_hp_gain":0,"max_hp_loss":0,"event_name":"The Library","floor":22,"gold_loss":0,"cards_obtained":["Whirlwind"]},{"cards_removed":["Injury"],"damage_healed":0,"gold_gain":0,"player_choice":"Elegance","damage_taken":0,"max_hp_gain":0,"max_hp_loss":0,"event_name":"Back to Basics","floor":31,"gold_loss":0},{"damage_healed":0,"gold_gain":0,"player_choice":"Memory 1","damage_taken":0,"max_hp_gain":0,"max_hp_loss":0,"event_name":"SensoryStone","floor":39,"gold_loss":0},{"damage_healed":0,"gold_gain":333,"player_choice":"Gave Idol","damage_taken":0,"max_hp_gain":0,"max_hp_loss":0,"event_name":"The Moai Head","floor":44,"relics_lost":["Golden Idol"],"gold_loss":0},{"damage_healed":0,"gold_gain":0,"player_choice":"Fight","damage_taken":0,"max_hp_gain":0,"max_hp_loss":0,"event_name":"Mysterious Sphere","floor":45,"gold_loss":0},{"damage_healed":20,"gold_gain":0,"player_choice":"Writhe","damage_taken":0,"max_hp_gain":0,"max_hp_loss":0,"event_name":"Winding Halls","floor":46,"gold_loss":0,"cards_obtained":["Writhe"]}],"is_beta":false,"boss_relics":[{"not_picked":["SlaversCollar","Calling Bell"],"picked":"Sozu"},{"not_picked":["Astrolabe","Fusion Hammer"],"picked":"Cursed Key"}],"items_purged_floors":[21,37,48],"is_endless":false,"potions_floor_spawned":[1,8,10,16,25,28,29,41,45],"ascension_level":5}}