{"host":"f0gpob8hq9vgebej","time":1608824308,"event":{"mods":["AchievementEnabler","BaseMod","Minty Spire (QoL Compilation)","Quick Restart","SuperFastMode"],"gold_per_floor":[117,127,141,152,152,152,77,95,118,134,166,166,66,78,78,155,155,174,89,105,105,105],"floor_reached":21,"playtime":608,"items_purged":["Doubt","Strike_G"],"score":302,"play_id":"bdca3b34-f514-401b-b16d-0fe8cebdb32e","local_time":"20201225003828","is_ascension_mode":true,"campfire_choices":[{"data":"Burst","floor":6.0,"key":"SMITH"},{"floor":12,"key":"REST"},{"data":"Noxious Fumes","floor":15,"key":"SMITH"}],"circlet_count":0,"master_deck":["AscendersBane","Strike_G","Strike_G","Strike_G","Strike_G","Defend_G","Defend_G","Defend_G","Defend_G","Defend_G","Survivor","Neutralize","Burst+1","Crippling Poison","Poisoned Stab","Prepared","Deep Breath","PiercingWail","Noxious Fumes+1","Dash","Corpse Explosion","Backflip"],"relics":["Ring of the Snake","Oddly Smooth Stone","Nunchaku","HoveringKite","Bag of Preparation"],"acts_visited":["Exordium","TheCity"],"potions_floor_usage":[11,11],"damage_taken":[{"damage":2.0,"enemies":"Jaw Worm","floor":1.0,"turns":9.0},{"damage":0.0,"enemies":"Cultist","floor":2.0,"turns":4.0},{"damage":13.0,"enemies":"Small Slimes","floor":3.0,"turns":4.0},{"damage":0.0,"enemies":"3 Louse","floor":4.0,"turns":1.0},{"damage":4.0,"enemies":"Exordium Wildlife","floor":8.0,"turns":5.0},{"damage":8.0,"enemies":"Large Slime","floor":10.0,"turns":8.0},{"damage":47,"enemies":"Gremlin Nob","floor":11,"turns":5},{"damage":0,"enemies":"Red Slaver","floor":14,"turns":5},{"damage":7,"enemies":"The Guardian","floor":16,"turns":11},{"damage":1,"enemies":"Chosen","floor":18,"turns":5},{"damage":9,"enemies":"Shell Parasite","floor":20,"turns":7}],"seed_played":"-4297097434816998532","potions_obtained":[{"floor":1.0,"key":"Regen Potion"},{"floor":3.0,"key":"Explosive Potion"},{"floor":8.0,"key":"SteroidPotion"},{"floor":10.0,"key":"CunningPotion"},{"floor":11,"key":"Block Potion"},{"floor":20,"key":"CultistPotion"}],"is_trial":false,"path_per_floor":["M","M","M","M","?","R","$","M","T","M","E","R","$","M","R","B",null,"M","?","M","$"],"character_chosen":"THE_SILENT","items_purchased":[],"campfire_rested":1,"item_purchase_floors":[],"current_hp_per_floor":[61,61,48,48,48,48,48,44,44,36,3,24,24,24,24,17,57,56,56,47,47,47],"gold":105,"neow_bonus":"ONE_RANDOM_RARE_CARD","is_daily":false,"chose_seed":false,"campfire_upgraded":2,"win_rate":0.0,"timestamp":1608824308,"path_taken":["M","M","M","M","?","R","?","M","T","?","E","R","$","M","R","BOSS","M","?","M","$"],"items_purchased_type":[],"build_version":"2020-12-22","purchased_purges":2,"victory":false,"max_hp_per_floor":[70,70,70,70,70,70,70,70,70,70,70,70,70,70,70,70,70,70,70,70,70,70],"card_choices":[{"not_picked":["Flying Knee","Quick Slash"],"picked":"Crippling Poison","floor":1.0},{"not_picked":["Quick Slash","Masterful Stab"],"picked":"Poisoned Stab","floor":2.0},{"not_picked":["Choke","Deflect","Underhanded Strike"],"picked":"SKIP","floor":3.0},{"not_picked":["Quick Slash","Noxious Fumes"],"picked":"Prepared","floor":4.0},{"not_picked":["Flying Knee","Bane"],"picked":"PiercingWail","floor":8.0},{"not_picked":["Endless Agony","Cloak And Dagger"],"picked":"Noxious Fumes","floor":10.0},{"not_picked":["Cloak And Dagger","Grand Finale"],"picked":"Dash","floor":11},{"not_picked":["Poisoned Stab","Eviscerate","Cloak And Dagger"],"picked":"SKIP","floor":14},{"not_picked":["Phantasmal Killer","Grand Finale"],"picked":"Corpse Explosion","floor":16},{"not_picked":["Accuracy","Dash"],"picked":"Backflip","floor":18},{"not_picked":["Backstab","Backflip","Deflect"],"picked":"SKIP","floor":20}],"player_experience":119460,"relics_obtained":[{"floor":9.0,"key":"Oddly Smooth Stone"},{"floor":11,"key":"Nunchaku"}],"event_choices":[{"damage_healed":0.0,"max_hp_gain":0.0,"max_hp_loss":0.0,"gold_gain":0.0,"event_name":"Match and Keep!","player_choice":"2 cards matched","floor":5.0,"gold_loss":0.0,"damage_taken":0.0,"cards_obtained":["Deep Breath","Doubt"]},{"damage_healed":0,"gold_gain":0,"player_choice":"Obtained Relic","damage_taken":0,"relics_obtained":["Bag of Preparation"],"max_hp_gain":0,"max_hp_loss":0,"event_name":"Addict","floor":19,"gold_loss":85}],"is_beta":false,"boss_relics":[{"not_picked":["Busted Crown","Philosopher\u0027s Stone"],"picked":"HoveringKite"}],"items_purged_floors":[7,13],"is_endless":false,"potions_floor_spawned":[1,3,8,10,11,20],"ascension_level":13}}