{"host":"mp3zbolja7t2zuvr","time":1608814420,"event":{"mods":["AchievementEnabler","BaseMod","Curses Come First","Minty Spire (QoL Compilation)","Permanent Neow","Relic Stats","StSLib","Synergy Search"],"gold_per_floor":[118,118,3,3,16,43,43,43,43,72,87,107,38,54,54,152,152,171,86,86,11,23,48,48,48,100,131,144,144,144,162,162,267,267,290,302,314,326,356,368,391,403,438,467,529,541,170,100,100,100,100,100,23,55,55],"floor_reached":56,"playtime":2854,"items_purged":["Hyperbeam"],"score":1503,"play_id":"2952eeb7-acbe-4c89-a463-3975867127ab","local_time":"20201224075340","is_ascension_mode":true,"campfire_choices":[{"floor":8,"key":"REST"},{"data":"Storm","floor":15,"key":"SMITH"},{"data":"Machine Learning","floor":24,"key":"SMITH"},{"data":"Defragment","floor":32,"key":"SMITH"},{"floor":40,"key":"DIG"},{"floor":42,"key":"REST"},{"floor":46,"key":"DIG"},{"floor":49,"key":"RECALL"},{"data":"Capacitor","floor":52,"key":"SMITH"}],"circlet_count":0,"master_deck":["Zap+1","Dualcast","Auto Shields","Force Field","Storm+1","Capacitor+1","Defragment+1","Sweeping Beam","Force Field","Machine Learning+1","Reboot","Echo Form","Buffer","Recycle","Loop","Turbo","Sweeping Beam","Lockon","Ghostly","Ghostly","Ghostly","Ghostly+1","Ghostly","Barrage","Coolheaded","Core Surge","CurseOfTheBell","Coolheaded","Defragment","Coolheaded","Defragment","Seek"],"relics":["Nuclear Battery","Bag of Preparation","Regal Pillow","MealTicket","Pandora\u0027s Box","Mango","Vajra","Juzu Bracelet","Bronze Scales","Enchiridion","Calling Bell","MawBank","Matryoshka","Shovel","Pantograph","Smiling Mask","Bag of Marbles","Blood Vial","TungstenRod","Lantern","Incense Burner","War Paint"],"acts_visited":["Exordium","TheCity","TheBeyond","TheEnding"],"potions_floor_usage":[6,14,27],"damage_taken":[{"damage":6.0,"enemies":"2 Louse","floor":1.0,"turns":3.0},{"damage":0.0,"enemies":"Cultist","floor":5.0,"turns":4.0},{"damage":23,"enemies":"Gremlin Nob","floor":6,"turns":5},{"damage":30,"enemies":"3 Sentries","floor":10,"turns":9},{"damage":0,"enemies":"Small Slimes","floor":11,"turns":4},{"damage":0,"enemies":"Exordium Wildlife","floor":12,"turns":4},{"damage":7,"enemies":"3 Louse","floor":14,"turns":4},{"damage":12,"enemies":"The Guardian","floor":16,"turns":12},{"damage":0,"enemies":"2 Thieves","floor":18,"turns":2},{"damage":16,"enemies":"3 Byrds","floor":22,"turns":5},{"damage":5,"enemies":"Book of Stabbing","floor":23,"turns":6},{"damage":2,"enemies":"Gremlin Leader","floor":27,"turns":4},{"damage":0,"enemies":"Sentry and Sphere","floor":28,"turns":4},{"damage":0,"enemies":"Snake Plant","floor":31,"turns":4},{"damage":6,"enemies":"Champ","floor":33,"turns":7},{"damage":0,"enemies":"3 Shapes","floor":35,"turns":4},{"damage":2,"enemies":"3 Darklings","floor":39,"turns":5},{"damage":20,"enemies":"Transient","floor":41,"turns":5},{"damage":1,"enemies":"Spire Growth","floor":44,"turns":5},{"damage":0,"enemies":"Mind Bloom Boss Battle","floor":45,"turns":6},{"damage":8,"enemies":"Donu and Deca","floor":50,"turns":11},{"damage":0,"enemies":"Shield and Spear","floor":54,"turns":5},{"damage":3,"enemies":"The Heart","floor":55,"turns":10}],"seed_played":"6176827691744707722","potions_obtained":[{"floor":1.0,"key":"ColorlessPotion"},{"floor":6,"key":"EssenceOfSteel"},{"floor":12,"key":"Weak Potion"},{"floor":14,"key":"FocusPotion"},{"floor":16,"key":"DistilledChaos"},{"floor":27,"key":"EssenceOfDarkness"},{"floor":33,"key":"DistilledChaos"},{"floor":39,"key":"GamblersBrew"}],"is_trial":false,"path_per_floor":["M","?","$","?","M","E","$","R","T","E","M","M","$","M","R","B",null,"M","?","?","$","M","E","R","?","T","E","M","?","$","M","R","B",null,"M","?","?","T","M","R","M","R","T","M","?","R","$","$","R","B",null,"R","$","E","B",null],"character_chosen":"DEFECT","items_purchased":["Force Field","Storm","Machine Learning","Defragment","Incense Burner","Coolheaded","Defragment","Seek"],"campfire_rested":2,"item_purchase_floors":[3,3,13,47,47,47,48,53],"current_hp_per_floor":[62,62,62,47,47,24,24,46,46,16,16,16,31,24,24,12,59,59,73,44,44,28,23,23,23,23,21,21,5,20,20,20,14,37,37,37,37,37,35,35,15,42,42,41,42,42,42,42,42,34,40,40,42,42,39],"gold":55,"neow_bonus":"BOSS_RELIC","is_daily":false,"chose_seed":false,"campfire_upgraded":4,"win_rate":0.0,"timestamp":1608814420,"path_taken":["M","?","?","?","M","E","$","R","T","E","M","M","$","M","R","BOSS","M","?","?","$","M","E","R","?","T","E","M","?","$","M","R","BOSS","M","?","?","?","M","R","M","R","T","M","?","R","?","$","R","BOSS","R","$","E","BOSS"],"items_purchased_type":["Card","Card","Card","Card","Relic","Card","Card","Card"],"build_version":"2020-12-22","purchased_purges":1,"victory":true,"max_hp_per_floor":[75,75,75,75,75,75,75,75,75,75,75,75,75,75,75,75,75,75,89,44,44,44,44,44,44,44,44,44,44,44,44,44,44,44,44,44,42,42,42,42,42,42,42,42,42,42,42,42,42,42,42,42,42,42,42],"relic_stats":{"Regal Pillow":15,"counters":[23,127],"Bag of Preparation":[40],"Juzu Bracelet":0,"War Paint":["Zap","Ghostly"],"MawBank":156,"Smiling Mask":0,"Blood Vial":1,"Shovel":2,"Bronze Scales":[305],"Pantograph":0,"MealTicket":32,"Pandora\u0027s Box":["Echo Form","Buffer","Recycle","Loop","Turbo","Hyperbeam","Sweeping Beam","Lockon"],"obtain_stats":[{"Regal Pillow":9,"Lantern":46,"Vajra":23,"Enchiridion":29,"Mango":19,"Bag of Preparation":6,"Juzu Bracelet":26,"Incense Burner":47,"War Paint":54,"MawBank":34,"Smiling Mask":40,"Nuclear Battery":0,"Calling Bell":34,"Blood Vial":43,"Matryoshka":34,"Shovel":34,"Bronze Scales":27,"Pantograph":38,"MealTicket":10,"Pandora\u0027s Box":17,"Bag of Marbles":43,"Cracked Core":0,"TungstenRod":45},{"Regal Pillow":3,"Lantern":20,"Vajra":11,"Enchiridion":13,"Mango":9,"Bag of Preparation":3,"Juzu Bracelet":11,"Incense Burner":20,"War Paint":22,"MawBank":15,"Smiling Mask":17,"Nuclear Battery":0,"Calling Bell":15,"Blood Vial":18,"Matryoshka":15,"Shovel":15,"Bronze Scales":12,"Pantograph":16,"MealTicket":4,"Pandora\u0027s Box":8,"Bag of Marbles":18,"Cracked Core":0,"TungstenRod":20},{"Regal Pillow":12,"Lantern":101,"Vajra":57,"Enchiridion":65,"Mango":47,"Bag of Preparation":12,"Juzu Bracelet":57,"Incense Burner":101,"War Paint":117,"MawBank":76,"Smiling Mask":85,"Nuclear Battery":0,"Calling Bell":76,"Blood Vial":90,"Matryoshka":76,"Shovel":76,"Bronze Scales":61,"Pantograph":80,"MealTicket":21,"Pandora\u0027s Box":45,"Bag of Marbles":90,"Cracked Core":0,"TungstenRod":101}],"TungstenRod":80},"card_choices":[{"not_picked":["Force Field","Conserve Battery"],"picked":"Auto Shields","floor":1.0},{"not_picked":["Go for the Eyes","Undo"],"picked":"Capacitor","floor":5.0},{"not_picked":["Compile Driver","Genetic Algorithm"],"picked":"Defragment","floor":6},{"not_picked":["Reboot","Rebound"],"picked":"Sweeping Beam","floor":10},{"not_picked":["Rebound","Conserve Battery","Streamline"],"picked":"SKIP","floor":11},{"not_picked":["Go for the Eyes","Leap"],"picked":"Force Field","floor":12},{"not_picked":["Fusion","Recycle","Gash"],"picked":"SKIP","floor":14},{"not_picked":["Hyperbeam","Thunder Strike"],"picked":"Reboot","floor":16},{"not_picked":["Tempest","Stack","Steam Power+1"],"picked":"SKIP","floor":18},{"not_picked":["Go for the Eyes","Heatsinks+1"],"picked":"Barrage","floor":22},{"not_picked":["Gash","Barrage+1","Rip and Tear"],"picked":"SKIP","floor":23},{"not_picked":["Biased Cognition","Self Repair"],"picked":"Coolheaded","floor":27},{"not_picked":["Compile Driver","Streamline+1","Barrage"],"picked":"SKIP","floor":28},{"not_picked":["BootSequence+1","Chaos","Leap"],"picked":"SKIP","floor":31},{"not_picked":["All For One","Biased Cognition"],"picked":"Core Surge","floor":33},{"not_picked":["Lockon+1","Auto Shields","Heatsinks+1"],"picked":"SKIP","floor":35},{"not_picked":["Barrage","Turbo","Go for the Eyes+1"],"picked":"SKIP","floor":39},{"not_picked":["Compile Driver+1","Turbo","Scrape"],"picked":"SKIP","floor":41},{"not_picked":["Recycle+1","Redo"],"picked":"Coolheaded","floor":44},{"not_picked":["Aggregate","Gash+1","Cold Snap"],"picked":"SKIP","floor":54}],"player_experience":112202,"relics_obtained":[{"floor":6,"key":"Bag of Preparation"},{"floor":9,"key":"Regal Pillow"},{"floor":10,"key":"MealTicket"},{"floor":23,"key":"Vajra"},{"floor":26,"key":"Juzu Bracelet"},{"floor":27,"key":"Bronze Scales"},{"floor":29,"key":"Enchiridion"},{"floor":34,"key":"MawBank"},{"floor":34,"key":"Matryoshka"},{"floor":34,"key":"Shovel"},{"floor":38,"key":"Pantograph"},{"floor":40,"key":"Smiling Mask"},{"floor":43,"key":"Bag of Marbles"},{"floor":43,"key":"Blood Vial"},{"floor":45,"key":"TungstenRod"},{"floor":46,"key":"Lantern"},{"floor":54,"key":"War Paint"}],"event_choices":[{"damage_healed":0.0,"max_hp_gain":0.0,"max_hp_loss":0.0,"gold_gain":0.0,"event_name":"Purifier","player_choice":"Ignored","floor":2.0,"gold_loss":0.0,"damage_taken":0.0},{"damage_healed":0.0,"max_hp_gain":0.0,"max_hp_loss":0.0,"gold_gain":0.0,"event_name":"Shining Light","player_choice":"Entered Light","floor":4.0,"gold_loss":0.0,"damage_taken":15.0,"cards_upgraded":["Strike_B","Defend_B"]},{"damage_healed":0,"gold_gain":0,"player_choice":"Obtained Relic","damage_taken":0,"relics_obtained":["Mango"],"max_hp_gain":0,"max_hp_loss":0,"event_name":"Addict","floor":19,"gold_loss":85},{"damage_healed":0,"gold_gain":0,"player_choice":"Became a Ghost","damage_taken":0,"max_hp_gain":0,"max_hp_loss":45,"event_name":"Ghosts","floor":20,"gold_loss":0,"cards_obtained":["Ghostly","Ghostly","Ghostly","Ghostly","Ghostly"]},{"damage_healed":0,"gold_gain":0,"player_choice":"Ignored","damage_taken":0,"max_hp_gain":0,"max_hp_loss":0,"event_name":"Vampires","floor":25,"gold_loss":0},{"damage_healed":0,"gold_gain":0,"player_choice":"Obtained Book","damage_taken":16,"max_hp_gain":0,"max_hp_loss":0,"event_name":"Cursed Tome","floor":29,"gold_loss":0},{"damage_healed":0,"gold_gain":0,"player_choice":"Memory 1","damage_taken":0,"max_hp_gain":0,"max_hp_loss":0,"event_name":"SensoryStone","floor":36,"gold_loss":0},{"damage_healed":0,"gold_gain":0,"player_choice":"Max HP","damage_taken":0,"max_hp_gain":0,"max_hp_loss":2,"event_name":"Winding Halls","floor":37,"gold_loss":0},{"damage_healed":0,"gold_gain":0,"player_choice":"Fight","damage_taken":0,"max_hp_gain":0,"max_hp_loss":0,"event_name":"MindBloom","floor":45,"gold_loss":0}],"is_beta":false,"boss_relics":[{"not_picked":["Astrolabe","Velvet Choker"],"picked":"Pandora\u0027s Box"},{"not_picked":["Snecko Eye","SacredBark"],"picked":"Calling Bell"}],"items_purged_floors":[21],"is_endless":false,"potions_floor_spawned":[1,6,12,14,16,22,27,28,33,39,41,44],"ascension_level":7}}