{"host":"0azimyi6n3ugndj4","time":1608831653,"event":{"mods":["2.2 Compatiblity","BaseMod","Bestiary","Conspire","Curses Come First","Defuse TimeMaze Blight","Hyrulean Relics","Infinite Spire","Minty Spire (QoL Compilation)","Relic Stats","Replay The Spire","StSLib","SuperFastMode","Uncapped","¡¼?Úª?ø«¡½REMEMod"],"gold_per_floor":[99,153,201,201,261,261,356,356,356,360,360],"floor_reached":10,"playtime":205,"items_purged":[],"score":282,"play_id":"4f3171a5-e75c-4ed8-baa1-60e5ccd441b5","local_time":"20201225024053","daily_mods":["Draft","Hoarder","Insanity","Chimera","Specialized","Vintage","ControlledChaos","Allstar","Diverse","Colorless Cards","Heirloom","Time Dilation","Flight","DeadlyEvents","Binary","Elite Swarm","Lethality","Midas","Night Terrors","Terminal","Binary"],"is_ascension_mode":true,"campfire_choices":[{"floor":6,"key":"REST"},{"floor":8,"key":"REST"}],"circlet_count":0,"master_deck":["Demon Form","Wraith Form v2","Echo Form","DevaForm","AscendersBane","Bash","Survivor","Zap","Eruption","Strike_R","Strike_B","Defend_R","Defend_G","Defend_P","Anger","Shrug It Off","Sword Boomerang","Halt","Clothesline","Hologram","EmptyBody","Purity","REME_SelfUpgrade","Shrug It Off","Deflect","Flex","Dagger Spray","Deflect","Beam Cell","Wild Strike","Redo","ThirdEye","Headbutt","Replay:ManipulateFuture","Sword Boomerang","Stack","Storm","Stack","Wild Strike","Havoc","PiercingWail","Perfected Strike","Catalyst","Cold Snap","Compile Driver","Go for the Eyes","Deep Breath","REME_Cut","Anger","BasicCrystalCard","Uppercut","Infernal Blade","Reflex","ThirdEye","Evaluate","Prepared","Flex","Slice","REME_Repentance","Burning Pact","Prostrate","Disarm","ReplayTheSpireMod:Corrosion Curse","Sword Boomerang","BasicCrystalCard","BasicCrystalCard","BasicCrystalCard","BasicCrystalCard","BasicCrystalCard","BasicCrystalCard","BasicCrystalCard","BasicCrystalCard","BasicCrystalCard","BasicCrystalCard","BasicCrystalCard","BasicCrystalCard","BasicCrystalCard","BasicCrystalCard","BasicCrystalCard","Outmaneuver","Outmaneuver","Outmaneuver","Leap","Leap","Leap","Havoc","Havoc","Havoc","Havoc","Havoc","Havoc+1","Deadly Poison","Deadly Poison","Deadly Poison","Heavy Blade","Heavy Blade","Heavy Blade","PanicButton","PanicButton","PanicButton","Hidden Blade","Hidden Blade","Hidden Blade","Conserve Battery","Conserve Battery","Conserve Battery","Evaluate","Evaluate","Evaluate","Flying Knee","Flying Knee","Flying Knee","Iron Wave","Iron Wave","Iron Wave","Rebound","Rebound","Rebound","REME_TheoryOfElimination","REME_TheoryOfElimination","REME_TheoryOfElimination","Go for the Eyes","Go for the Eyes","Go for the Eyes","ReplayTheSpireMod:Reroute Power","ReplayTheSpireMod:Reroute Power","ReplayTheSpireMod:Reroute Power","Ball Lightning+1","Ball Lightning+1","Ball Lightning+1"],"relics":["Snecko Eye","Unceasing Top","Busted Crown","Ring of Chaos","replay:Trail_Library","REME_ComplimentaryCards","Calipers","Bottled Lightning","infinitespire:Midas Blood","ReplayFunnel","zeldaRelics:CouragePiece"],"acts_visited":["Exordium"],"potions_floor_usage":[],"damage_taken":[{"damage":10,"enemies":"Jaw Worm","floor":2,"turns":2},{"damage":1,"enemies":"Cultist","floor":3,"turns":3},{"damage":0,"enemies":"2 Louse","floor":5,"turns":2},{"damage":34,"enemies":"3 Sentries","floor":7,"turns":8},{"damage":115,"enemies":"Gremlin Nob","floor":10,"turns":3}],"seed_played":"-5648244139279470137","potions_obtained":[{"floor":7,"key":"Elixir"}],"is_trial":true,"path_per_floor":["?","M","M","?","M","R","E","R","T","E"],"character_chosen":"DEFECT","items_purchased":[],"campfire_rested":2,"item_purchase_floors":[],"current_hp_per_floor":[64,54,53,53,53,59,25,52,51,0,0],"gold":360,"neow_bonus":"","is_daily":false,"chose_seed":false,"campfire_upgraded":0,"win_rate":0.0,"timestamp":1608831653,"path_taken":["?","?","M","?","M","R","E","R","T","E"],"items_purchased_type":[],"build_version":"2020-12-22","purchased_purges":0,"victory":false,"max_hp_per_floor":[69,68,67,66,65,59,58,52,51,51,51],"relic_stats":{"Busted Crown":2,"counters":[5,18],"Snecko Eye":[30,28,28,45],"obtain_stats":[{"ReplayFunnel":5,"Busted Crown":0,"Calipers":0,"Snecko Eye":0,"Ring of Chaos":0,"zeldaRelics:CouragePiece":7,"Bottled Lightning":2,"Unceasing Top":0,"replay:Trail_Library":0,"REME_ComplimentaryCards":0,"infinitespire:Midas Blood":3},{"ReplayFunnel":3,"Busted Crown":0,"Calipers":0,"Snecko Eye":0,"Ring of Chaos":0,"zeldaRelics:CouragePiece":4,"Bottled Lightning":1,"Unceasing Top":0,"replay:Trail_Library":0,"REME_ComplimentaryCards":0,"infinitespire:Midas Blood":2},{"ReplayFunnel":7,"Busted Crown":0,"Calipers":0,"Snecko Eye":0,"Ring of Chaos":0,"zeldaRelics:CouragePiece":15,"Bottled Lightning":2,"Unceasing Top":0,"replay:Trail_Library":0,"REME_ComplimentaryCards":0,"infinitespire:Midas Blood":5}],"Unceasing Top":[1]},"card_choices":[{"not_picked":["Beam Cell","Eviscerate"],"picked":"Outmaneuver","floor":0},{"not_picked":["Dark Shackles","Wireheading"],"picked":"Leap","floor":0},{"not_picked":["Perfected Strike","PathToVictory"],"picked":"Havoc","floor":0},{"not_picked":["Hemokinesis","Tantrum"],"picked":"Havoc","floor":0},{"not_picked":["Streamline","Iron Wave"],"picked":"Deadly Poison","floor":0},{"not_picked":["Replay:Hum","ThirdEye"],"picked":"Heavy Blade","floor":0},{"not_picked":["conspire:PoisonWeapons","Sword Boomerang"],"picked":"PanicButton","floor":0},{"not_picked":["Rebound","Skewer"],"picked":"Hidden Blade","floor":0},{"not_picked":["CutThroughFate","Noxious Fumes"],"picked":"Conserve Battery","floor":0},{"not_picked":["BowlingBash","Protect"],"picked":"Evaluate","floor":0},{"not_picked":["Cleave","Warcry"],"picked":"Flying Knee","floor":0},{"not_picked":["Crescendo","InnerPeace"],"picked":"Iron Wave","floor":0},{"not_picked":["ReplayTheSpireMod:Dual Polarity","Rupture"],"picked":"Rebound","floor":0},{"not_picked":["Replay:AtTheReady","Quick Slash"],"picked":"REME_TheoryOfElimination","floor":0},{"not_picked":["Undo","Replay:Poison Smokescreen"],"picked":"Go for the Eyes","floor":0}],"player_experience":1500767,"relics_obtained":[{"floor":2,"key":"Bottled Lightning"},{"floor":3,"key":"infinitespire:Midas Blood"},{"floor":5,"key":"ReplayFunnel"},{"floor":7,"key":"zeldaRelics:CouragePiece"},{"floor":9,"key":"zeldaRelics:CouragePiece"}],"event_choices":[],"is_beta":false,"boss_relics":[],"items_purged_floors":[],"is_endless":false,"potions_floor_spawned":[7],"killed_by":"Gremlin Nob","ascension_level":20}}