{"host":"15dd7v8o90xso62x","time":1608782963,"event":{"mods":["BaseMod","Minty Spire (QoL Compilation)","Quick Restart","StSLib"],"gold_per_floor":[113,131,150,150,161,161,186,186,233,244,72,93,93,110,110,182,182,195,208,45,61,77,93,107,107,132,132,149,149,177,177,177,254,254,266,286,302,227,247,273,273,306,306,306,316,127,127,146,146,146],"floor_reached":51,"playtime":2792,"items_purged":["Strike_B","Defend_B"],"score":1381,"play_id":"8f039c21-a1e4-4730-b9b4-1ed164ac580d","local_time":"20201224130923","is_ascension_mode":true,"campfire_choices":[{"data":"Sunder","floor":6.0,"key":"SMITH"},{"data":"Zap","floor":8.0,"key":"SMITH"},{"data":"Hologram","floor":13.0,"key":"SMITH"},{"data":"Dualcast","floor":15.0,"key":"SMITH"},{"data":"Chaos","floor":27.0,"key":"SMITH"},{"data":"Buffer","floor":29.0,"key":"SMITH"},{"data":"Blizzard","floor":32.0,"key":"SMITH"},{"data":"Skim","floor":41.0,"key":"SMITH"},{"data":"Strike_B","floor":44,"key":"PURGE"},{"data":"Heatsinks","floor":49,"key":"SMITH"}],"circlet_count":0,"master_deck":["AscendersBane","Defend_B","Defend_B","Defend_B","Zap+1","Dualcast+1","Glacier","Sweeping Beam","FTL","Sunder+1","Glacier","Hologram+1","Buffer+1","Coolheaded+1","Chaos+1","Blizzard+1","Cold Snap","Skim+1","Echo Form","Compile Driver+1","Self Repair+1","Heatsinks+1","Buffer+1"],"relics":["Cracked Core","NeowsBlessing","Meat on the Bone","Oddly Smooth Stone","Medical Kit","Odd Mushroom","Philosopher\u0027s Stone","Runic Capacitor","Lantern","DataDisk","Sozu","Peace Pipe","Mummified Hand"],"acts_visited":["Exordium","TheCity","TheBeyond"],"potions_floor_usage":[],"damage_taken":[{"damage":0.0,"enemies":"Jaw Worm","floor":1.0,"turns":1.0},{"damage":0.0,"enemies":"Small Slimes","floor":2.0,"turns":1.0},{"damage":0.0,"enemies":"Cultist","floor":3.0,"turns":1.0},{"damage":7.0,"enemies":"Large Slime","floor":5.0,"turns":4.0},{"damage":25.0,"enemies":"Lagavulin","floor":7.0,"turns":6.0},{"damage":7.0,"enemies":"Blue Slaver","floor":10.0,"turns":3.0},{"damage":0.0,"enemies":"The Mushroom Lair","floor":12.0,"turns":3.0},{"damage":0.0,"enemies":"Lots of Slimes","floor":14.0,"turns":2.0},{"damage":19.0,"enemies":"The Guardian","floor":16.0,"turns":11.0},{"damage":9.0,"enemies":"Shell Parasite","floor":18.0,"turns":9.0},{"damage":44.0,"enemies":"3 Byrds","floor":19.0,"turns":5.0},{"damage":0.0,"enemies":"Sentry and Sphere","floor":21.0,"turns":6.0},{"damage":21.0,"enemies":"Shelled Parasite and Fungi","floor":22.0,"turns":7.0},{"damage":0.0,"enemies":"Snecko","floor":23.0,"turns":5.0},{"damage":18.0,"enemies":"Snake Plant","floor":24.0,"turns":6.0},{"damage":13.0,"enemies":"Shelled Parasite and Fungi","floor":28.0,"turns":5.0},{"damage":14.0,"enemies":"Gremlin Leader","floor":30.0,"turns":9.0},{"damage":9.0,"enemies":"Champ","floor":33.0,"turns":14.0},{"damage":0.0,"enemies":"Orb Walker","floor":35.0,"turns":5.0},{"damage":0.0,"enemies":"3 Shapes","floor":36.0,"turns":5.0},{"damage":15.0,"enemies":"Jaw Worm Horde","floor":37.0,"turns":3.0},{"damage":0.0,"enemies":"Spire Growth","floor":39.0,"turns":5.0},{"damage":3.0,"enemies":"Nemesis","floor":40.0,"turns":9.0},{"damage":32,"enemies":"Reptomancer","floor":42,"turns":6},{"damage":0,"enemies":"Transient","floor":45,"turns":6},{"damage":0,"enemies":"3 Darklings","floor":48,"turns":4},{"damage":0,"enemies":"Donu and Deca","floor":50,"turns":9}],"seed_played":"-5412095601735460881","potions_obtained":[{"floor":5.0,"key":"Energy Potion"},{"floor":7.0,"key":"PotionOfCapacity"},{"floor":10.0,"key":"SpeedPotion"},{"floor":12.0,"key":"Strength Potion"},{"floor":22.0,"key":"Swift Potion"},{"floor":23.0,"key":"SneckoOil"},{"floor":24.0,"key":"Explosive Potion"},{"floor":28.0,"key":"Ancient Potion"},{"floor":33.0,"key":"EssenceOfDarkness"}],"is_trial":false,"path_per_floor":["M","M","M","?","M","R","E","R","T","M","$","?","R","M","R","B",null,"M","M","$","M","M","M","M","?","T","R","M","R","E","?","R","B",null,"M","M","M","$","M","E","R","E","T","R","M","$","?","M","R","B",null],"character_chosen":"DEFECT","items_purchased":["Medical Kit","Runic Capacitor","Heatsinks"],"campfire_rested":0,"item_purchase_floors":[11,20,46],"current_hp_per_floor":[64,64,64,57,50,50,25,25,25,30,30,42,42,42,42,35,62,53,21,21,33,24,36,30,30,30,30,29,29,27,27,27,30,61,61,61,46,46,46,43,43,23,23,23,55,55,55,65,65,71],"gold":146,"neow_bonus":"THREE_ENEMY_KILL","is_daily":false,"chose_seed":false,"campfire_upgraded":9,"win_rate":0.0,"timestamp":1608782963,"path_taken":["M","M","M","?","M","R","E","R","T","M","$","?","R","M","R","BOSS","M","M","$","M","M","M","M","?","T","R","?","R","E","?","R","BOSS","M","M","M","$","M","E","R","E","T","R","M","$","?","?","R","BOSS"],"items_purchased_type":["Relic","Relic","Card"],"build_version":"2020-12-22","purchased_purges":2,"victory":true,"max_hp_per_floor":[71,71,71,71,71,71,71,71,71,71,71,71,71,71,71,71,71,71,71,71,71,71,71,71,71,71,71,71,71,71,71,71,71,71,71,71,71,71,71,71,71,71,71,71,71,71,71,71,71,71],"card_choices":[{"not_picked":["Turbo","Steam"],"picked":"Glacier","floor":1.0},{"not_picked":["Beam Cell","Streamline"],"picked":"Sweeping Beam","floor":2.0},{"not_picked":["Reinforced Body","Beam Cell"],"picked":"FTL","floor":3.0},{"not_picked":["Redo","Go for the Eyes"],"picked":"Sunder","floor":5.0},{"not_picked":["Multi-Cast","Ball Lightning"],"picked":"Glacier","floor":7.0},{"not_picked":["Redo","Conserve Battery"],"picked":"Hologram","floor":10.0},{"not_picked":["Rebound","Sweeping Beam","Skim"],"picked":"SKIP","floor":14.0},{"not_picked":["Thunder Strike","All For One"],"picked":"Buffer","floor":16.0},{"not_picked":["Redo","Storm"],"picked":"Coolheaded+1","floor":18.0},{"not_picked":["Gash+1","Turbo"],"picked":"Chaos","floor":19.0},{"not_picked":["Steam","Hello World","Undo"],"picked":"SKIP","floor":21.0},{"not_picked":["Force Field","Go for the Eyes+1"],"picked":"Blizzard","floor":22.0},{"not_picked":["Gash","Leap"],"picked":"Cold Snap","floor":23.0},{"not_picked":["Cold Snap","Multi-Cast","Gash"],"picked":"SKIP","floor":24.0},{"not_picked":["Cold Snap","Steam Power"],"picked":"Skim","floor":28.0},{"not_picked":["Darkness","Hello World","Storm"],"picked":"SKIP","floor":30.0},{"not_picked":["Creative AI","Reboot"],"picked":"Echo Form","floor":33.0},{"not_picked":["White Noise","FTL+1","Doom and Gloom"],"picked":"SKIP","floor":35.0},{"not_picked":["Sunder","Melter"],"picked":"Compile Driver+1","floor":36.0},{"not_picked":["Chaos","Gash+1","Beam Cell"],"picked":"SKIP","floor":37.0},{"not_picked":["Heatsinks","Coolheaded","Compile Driver"],"picked":"SKIP","floor":39.0},{"not_picked":["Cold Snap","Rebound","Fusion"],"picked":"SKIP","floor":40.0},{"not_picked":["Coolheaded","Ball Lightning"],"picked":"Self Repair+1","floor":42},{"not_picked":["Doom and Gloom","Ball Lightning","Stack"],"picked":"SKIP","floor":45},{"not_picked":["Reinforced Body","Ball Lightning","Scrape"],"picked":"SKIP","floor":48}],"player_experience":939170,"relics_obtained":[{"floor":7.0,"key":"Meat on the Bone"},{"floor":9.0,"key":"Oddly Smooth Stone"},{"floor":12.0,"key":"Odd Mushroom"},{"floor":26.0,"key":"Lantern"},{"floor":30.0,"key":"DataDisk"},{"floor":42,"key":"Peace Pipe"},{"floor":43,"key":"Mummified Hand"}],"event_choices":[{"cards_removed":["Strike_B"],"damage_healed":0.0,"max_hp_gain":0.0,"max_hp_loss":0.0,"gold_gain":0.0,"event_name":"Golden Wing","player_choice":"Card Removal","floor":4.0,"gold_loss":0.0,"damage_taken":7.0},{"damage_healed":0.0,"max_hp_gain":0.0,"max_hp_loss":0.0,"gold_gain":0.0,"event_name":"Mushrooms","player_choice":"Fought Mushrooms","floor":12.0,"gold_loss":0.0,"damage_taken":0.0},{"cards_removed":["Strike_B"],"damage_healed":0.0,"max_hp_gain":0.0,"max_hp_loss":0.0,"gold_gain":0.0,"event_name":"Purifier","player_choice":"Purged","floor":25.0,"gold_loss":0.0,"damage_taken":0.0},{"damage_healed":0.0,"max_hp_gain":0.0,"max_hp_loss":0.0,"gold_gain":0.0,"event_name":"Cursed Tome","player_choice":"Ignored","floor":31.0,"gold_loss":0.0,"damage_taken":0.0},{"damage_healed":0,"gold_gain":0,"player_choice":"Copied","damage_taken":0,"max_hp_gain":0,"max_hp_loss":0,"event_name":"Duplicator","floor":47,"gold_loss":0,"cards_obtained":["Buffer"]}],"is_beta":false,"boss_relics":[{"not_picked":["Velvet Choker","Ectoplasm"],"picked":"Philosopher\u0027s Stone"},{"not_picked":["Runic Dome","Cursed Key"],"picked":"Sozu"}],"items_purged_floors":[38,46],"is_endless":false,"potions_floor_spawned":[5,7,10,12,22,23,24,28,33,36,37,40],"ascension_level":17}}