{"host":"ÇïÍ¥»¨¿ªÃÎÀïÏã","time":1608815249,"event":{"mods":["ATMod(°¢èªMod)","BaseMod","Custom Start","Minty Spire (QoL Compilation)","StSLib","¡¾ÒÅÎï¿¨ÅÆ¡¿REMEMod"],"gold_per_floor":[111,186,186,38,57,88,105,140,140,140,65,65,84,110,110,214,214,231,231,7,7,7,7,19,46,46,46,46,117,120,120],"floor_reached":30,"playtime":843,"items_purged":["Strike_B"],"score":405,"play_id":"fd70ed44-af06-4461-9137-14367a98767f","local_time":"20201224210729","is_ascension_mode":true,"campfire_choices":[{"data":"Turbo","floor":10.0,"key":"SMITH"},{"data":"AT_WaterDrop","floor":12.0,"key":"SMITH"},{"data":"Capacitor","floor":15.0,"key":"SMITH"},{"floor":23.0,"key":"REST"},{"floor":27.0,"key":"REST"}],"circlet_count":0,"master_deck":["Strike_B","Strike_B","Defend_B","Defend_B","Defend_B","Defend_B","Zap","Dualcast","AT_FamilyPortrait","Electrodynamics","AT_DarkMatter","AT_WaterDrop+1","Turbo+1","Rainbow","Capacitor+1","AT_RightCognition","Storm"],"relics":["Cracked Core","AT_ATBox","REME_ComplimentaryCards","NeowsBlessing","Chemical X","Lantern","Molten Egg 2","Oddly Smooth Stone","Gambling Chip","Busted Crown","ClockworkSouvenir","REME_ArchaeologicalTools"],"acts_visited":["Exordium","TheCity"],"potions_floor_usage":[],"damage_taken":[{"damage":0.0,"enemies":"Small Slimes","floor":1.0,"turns":1.0},{"damage":0.0,"enemies":"Jaw Worm","floor":5.0,"turns":1.0},{"damage":0.0,"enemies":"Gremlin Nob","floor":6.0,"turns":1.0},{"damage":0.0,"enemies":"2 Louse","floor":7.0,"turns":2.0},{"damage":18.0,"enemies":"Lagavulin","floor":8.0,"turns":5.0},{"damage":4.0,"enemies":"Large Slime","floor":13.0,"turns":4.0},{"damage":18.0,"enemies":"3 Sentries","floor":14.0,"turns":4.0},{"damage":2.0,"enemies":"The Guardian","floor":16.0,"turns":8.0},{"damage":24.0,"enemies":"2 Thieves","floor":18.0,"turns":4.0},{"damage":0.0,"enemies":"Spheric Guardian","floor":24.0,"turns":4.0},{"damage":23.0,"enemies":"Book of Stabbing","floor":25.0,"turns":5.0},{"damage":0.0,"enemies":"Cultist and Chosen","floor":29.0,"turns":3.0},{"damage":0,"enemies":"Shelled Parasite and Fungi","floor":30,"turns":1}],"seed_played":"4960734124256831573","potions_obtained":[{"floor":1.0,"key":"DuplicationPotion"},{"floor":7.0,"key":"EssenceOfDarkness"},{"floor":14.0,"key":"Strength Potion"},{"floor":16.0,"key":"BlessingOfTheForge"},{"floor":24.0,"key":"Energy Potion"}],"is_trial":false,"path_per_floor":["M","?","?","$","M","E","M","E","T","R","$","R","M","E","R","B",null,"M","?","$","?","$","R","M","E","T","R","?","M","M"],"character_chosen":"DEFECT","items_purchased":["Chemical X","ClockworkSouvenir","Storm"],"campfire_rested":2,"item_purchase_floors":[4,20,20],"current_hp_per_floor":[68,57,57,57,57,57,57,39,39,39,39,39,35,17,17,15,60,36,36,36,22,22,46,46,23,23,47,47,47,47,47],"gold":120,"neow_bonus":"THREE_ENEMY_KILL","is_daily":false,"chose_seed":false,"campfire_upgraded":3,"win_rate":0.0,"timestamp":1608815249,"path_taken":["M","?","?","$","M","E","M","E","T","R","?","R","M","E","R","BOSS","M","?","$","?","?","R","?","E","T","R","?","M","?"],"items_purchased_type":["Relic","Relic","Card"],"build_version":"2020-12-18","purchased_purges":1,"victory":false,"max_hp_per_floor":[75,75,75,75,75,75,75,75,75,75,75,75,75,75,75,75,75,75,75,75,80,80,80,80,80,80,80,80,80,80,80],"card_choices":[{"not_picked":["Cold Snap","Heatsinks"],"picked":"AT_DarkMatter","floor":1.0},{"not_picked":["Steam Power","Go for the Eyes"],"picked":"Turbo","floor":5.0},{"not_picked":["Go for the Eyes","Aggregate"],"picked":"Rainbow","floor":6.0},{"not_picked":["Sweeping Beam","Rip and Tear","Cold Snap"],"picked":"SKIP","floor":7.0},{"not_picked":["AT_ThunderBolt","BootSequence"],"picked":"Capacitor","floor":8.0},{"not_picked":["Aggregate","Conserve Battery","Compile Driver+1"],"picked":"SKIP","floor":13.0},{"not_picked":["Rip and Tear+1","Steam Power","Compile Driver+1"],"picked":"SKIP","floor":14.0},{"not_picked":["Hyperbeam+1","Machine Learning"],"picked":"AT_RightCognition","floor":16.0},{"not_picked":["Rebound+1"],"picked":"SKIP","floor":18.0},{"not_picked":["Scrape+1"],"picked":"SKIP","floor":24.0},{"not_picked":["Streamline+1"],"picked":"SKIP","floor":25.0},{"not_picked":["Beam Cell+1"],"picked":"SKIP","floor":29.0}],"player_experience":454916,"relics_obtained":[{"floor":6.0,"key":"Lantern"},{"floor":8.0,"key":"Molten Egg 2"},{"floor":9.0,"key":"Oddly Smooth Stone"},{"floor":14.0,"key":"Gambling Chip"},{"floor":25.0,"key":"REME_ArchaeologicalTools"}],"event_choices":[{"damage_healed":0.0,"max_hp_gain":0.0,"max_hp_loss":0.0,"gold_gain":75.0,"event_name":"World of Goop","player_choice":"Gather Gold","floor":2.0,"gold_loss":0.0,"damage_taken":11.0},{"damage_healed":0.0,"max_hp_gain":0.0,"max_hp_loss":0.0,"gold_gain":0.0,"cards_transformed":["Strike_B"],"event_name":"Living Wall","player_choice":"Change","floor":3.0,"gold_loss":0.0,"damage_taken":0.0,"cards_obtained":["AT_WaterDrop"]},{"damage_healed":0.0,"max_hp_gain":0.0,"max_hp_loss":0.0,"gold_gain":0.0,"event_name":"Vampires","player_choice":"Ignored","floor":19.0,"gold_loss":0.0,"damage_taken":0.0},{"damage_healed":0.0,"max_hp_gain":5.0,"max_hp_loss":0.0,"gold_gain":0.0,"event_name":"Forgotten Altar","player_choice":"Shed Blood","floor":21.0,"gold_loss":0.0,"damage_taken":19.0},{"damage_healed":0.0,"max_hp_gain":0.0,"max_hp_loss":0.0,"gold_gain":0.0,"event_name":"Match and Keep!","player_choice":"0 cards matched","floor":28.0,"gold_loss":0.0,"damage_taken":0.0,"cards_obtained":[]}],"is_beta":true,"boss_relics":[{"not_picked":["Ectoplasm","Tiny House"],"picked":"Busted Crown"}],"items_purged_floors":[11],"is_endless":false,"potions_floor_spawned":[1,7,14,16,24],"killed_by":"Shelled Parasite and Fungi","ascension_level":8}}