{"host":"hzyv8pm5uot6l4n9","time":1608829989,"event":{"mods":["Aspiration","Astrologer","BaseMod","Better Note","Better Third Choice","BetterRewards","Downfall","Energized Spire","GifTheSpireLib","GungeonMod","Minty Spire (QoL Compilation)","Quick Restart","Replay The Spire","Shade Mod","StSLib","Stuff the Spire","The Necromancer"],"gold_per_floor":[99,99,206,206,220,220,247,266,69,103,114,289,214,2,19,115,115,315,335,347,358,391,391,391,403,428,438,363,388,388,388,408,505,605,605,617,617,717,736,736,736,756,756,394,394,319,172,204,220,220,220,220,220],"floor_reached":52,"playtime":2996,"items_purged":["Blood_for_Blood"],"score":1004,"play_id":"b4fadbb7-0d62-479d-96e6-0b085a26d302","local_time":"20201224181309","is_ascension_mode":true,"campfire_choices":[{"data":"Strike_W","floor":1,"key":"PURGE"},{"data":"Blood_Curse","floor":6,"key":"SMITH"},{"data":"Negative_Energy_Mist","floor":13,"key":"SMITH"},{"data":"Chill_Blood","floor":28,"key":"SMITH"},{"data":"Corrupt","floor":30,"key":"SMITH"},{"floor":43,"key":"RECALL"},{"data":"Summon_Undead","floor":46,"key":"SMITH"}],"circlet_count":0,"master_deck":["Negative_Energy_Arrows+1","Bone_Wall","Chill_Blood+1","Death_March_Dance","Blood_Curse+1","Negative_Energy_Javelin","Bone_Prison","Exploit","Sadistic Nature","Negative_Energy_Mist+1","Toxic_Smoke_Screen","Consume_Illness","Grasp_Heart","Life_Tap+1","Negative_Energy_Burst","Violent_Necrosis+1","Grasp_Heart","Negative_Energy_Bomb","Epidemic","Pandemic","Negative_Energy_Mist","Spectral_Walk","Negative_Energy_Javelin","Cloudkill","Corrupt+1","Hellfire","Necrotic_Claws","Summon_Undead+1","Necrotic_Claws+1","expansioncontent:DefensiveStance","expansioncontent:DefensiveStance","Death_Knell","Summon_Undead+1"],"relics":["Vampire_Amulet","Omamori","StuffTheSpire:Gunfinga","downfall:HeartBlessingBlue","StuffTheSpire:BottledEssence","Pandora\u0027s Box","Blue Doll","downfall:KnowingSkull","Pocketwatch","ReplayTheSpireMod:Lightbulb","downfall:HeartBlessingGreen","Snack Pack","Replay:Wanted Poster","Bottled Flame","ReplayTheSpireMod:Ninjato","DemoMod:Orange","downfall:HeartBlessingRed","War Paint","Mummified Hand"],"acts_visited":["Exordium","TheCity","TheBeyond","TheEnding"],"potions_floor_usage":[5,10,26,26,26,32,49],"damage_taken":[{"damage":3,"enemies":"Cultist","floor":5,"turns":5},{"damage":0,"enemies":"2 Louse","floor":8,"turns":1},{"damage":0,"enemies":"downfall:FleeingMerchant","floor":9,"turns":4},{"damage":17,"enemies":"3 Sentries","floor":10,"turns":9},{"damage":0,"enemies":"Small Slimes","floor":11,"turns":3},{"damage":0,"enemies":"downfall:FleeingMerchant","floor":14,"turns":4},{"damage":0,"enemies":"Exordium Wildlife","floor":15,"turns":3},{"damage":39,"enemies":"downfall:Silent","floor":16,"turns":8},{"damage":4,"enemies":"Shell Parasite","floor":19,"turns":3},{"damage":13,"enemies":"3 Byrds","floor":20,"turns":3},{"damage":11,"enemies":"3 Cultists","floor":21,"turns":4},{"damage":0,"enemies":"downfall:FleeingMerchant","floor":22,"turns":5},{"damage":6,"enemies":"Snake Plant","floor":25,"turns":3},{"damage":19,"enemies":"Slavers","floor":26,"turns":2},{"damage":0,"enemies":"Snecko","floor":27,"turns":4},{"damage":0,"enemies":"Gremlin Leader","floor":29,"turns":5},{"damage":20,"enemies":"Sentry and Sphere","floor":32,"turns":4},{"damage":18,"enemies":"downfall:Defect","floor":33,"turns":6},{"damage":5,"enemies":"Orb Walker","floor":36,"turns":2},{"damage":7,"enemies":"3 Darklings","floor":39,"turns":3},{"damage":28,"enemies":"Jaw Worm Horde","floor":42,"turns":3},{"damage":20,"enemies":"Giant Head","floor":48,"turns":8},{"damage":9,"enemies":"Sphere and 2 Shapes","floor":49,"turns":5},{"damage":2,"enemies":"downfall:Ironclad","floor":50,"turns":6},{"damage":85,"enemies":"downfall:CharBossMerchant","floor":52,"turns":5}],"seed_played":"5596709710821028541","potions_obtained":[{"floor":4,"key":"Elixir"},{"floor":4,"key":"Energy Potion"},{"floor":4,"key":"Adrenaline Potion"},{"floor":5,"key":"Elixir"},{"floor":10,"key":"Dexterity Potion"},{"floor":21,"key":"SkillPotion"},{"floor":25,"key":"Swift Potion"},{"floor":26,"key":"sneckomod:MuddlingPotion"},{"floor":29,"key":"Guardian:BlockOnCardUsePotion"},{"floor":32,"key":"SpeedPotion"},{"floor":39,"key":"Weak Potion"},{"floor":49,"key":"EssenceOfSteel"}],"is_trial":false,"path_per_floor":["R","T","?","?","M","R","T","M","$","E","M","?","R","$","M","B",null,"R","M","M","M","$","?","T","M","E","M","R","E","R","?","M","B",null,"R","M","?","?","M","T","T","M","R","$","?","R","$","E","M","B",null,"E"],"character_chosen":"NECROMANCER","items_purchased":["Sadistic Nature","StuffTheSpire:BottledEssence","Consume_Illness","Spectral_Walk","Blue Doll","expansioncontent:DefensiveStance","DemoMod:Orange","War Paint"],"campfire_rested":0,"item_purchase_floors":[9,14,14,22,22,44,44,47],"current_hp_per_floor":[75,75,75,75,74,74,74,75,75,64,68,68,78,78,82,45,75,75,73,66,61,63,59,59,55,42,44,44,54,54,54,38,28,71,71,68,68,68,65,65,65,43,43,55,55,55,55,39,36,38,82,0,0],"gold":220,"neow_bonus":"UPGRADE_CARD","is_daily":false,"chose_seed":false,"campfire_upgraded":5,"win_rate":0.0,"timestamp":1608829989,"path_taken":["R","?","?","?","M","R","T","?","?","E","M","?","R","?","M","BOSS","R","M","M","M","$","?","T","M","E","?","R","E","R","?","M","BOSS","R","M","?","?","?","?","T","M","R","?","?","R","$","E","M","BOSS","E"],"items_purchased_type":["Card","Relic","Card","Card","Relic","Card","Relic","Relic"],"build_version":"2020-12-22","purchased_purges":1,"victory":false,"max_hp_per_floor":[75,75,75,75,75,75,75,75,75,75,75,75,85,85,85,85,85,85,85,85,85,85,85,85,85,85,85,85,85,85,85,85,85,85,85,85,85,85,85,85,85,85,85,97,97,97,97,97,97,97,97,97,97],"card_choices":[{"not_picked":["Strike_from_Beyond","Death_Knell"],"picked":"Chill_Blood","floor":3},{"not_picked":["Corrupt","Bone_Armory"],"picked":"Death_March_Dance","floor":3},{"not_picked":["Shackles_Of_Pain","Finger_Of_Death"],"picked":"Blood_Curse","floor":3},{"not_picked":["Vampiric_Strike","Blood_Is_Power"],"picked":"Negative_Energy_Javelin","floor":5},{"not_picked":["Detonate_Bones","Strike_from_Beyond"],"picked":"Bone_Prison","floor":8},{"not_picked":["Consume_Illness","Uncharnel"],"picked":"Exploit","floor":9},{"not_picked":["Life_Tap","Acid_Javelin","Death_Coil"],"picked":"SKIP","floor":10},{"not_picked":["Death_Knell","Consume_Illness"],"picked":"Negative_Energy_Mist","floor":11},{"not_picked":["Life_Tap","Death_Coil"],"picked":"Toxic_Smoke_Screen","floor":14},{"not_picked":["Bones_to_Steel","Blood_Curse","Cloudkill"],"picked":"SKIP","floor":15},{"not_picked":["Blood_Magic","Blood_Wake"],"picked":"Grasp_Heart","floor":16},{"not_picked":["Bone_Shift","Finger_Of_Death"],"picked":"Negative_Energy_Mist","floor":19},{"not_picked":["Blood_Is_Power","Vampiric_Strike"],"picked":"Epidemic","floor":20},{"not_picked":["Bone_Spikes","Negative_Energy_Mist"],"picked":"Pandemic","floor":21},{"not_picked":["Blood_Whip","Bone_Spikes+1"],"picked":"Negative_Energy_Mist","floor":22},{"not_picked":["Blood_Is_Power","Blood_Whip"],"picked":"Negative_Energy_Javelin","floor":25},{"not_picked":["Finger_Of_Death+1","Death_Coil"],"picked":"Cloudkill","floor":26},{"not_picked":["Shackles_Of_Pain","Death_March_Dance","Negative_Energy_Sphere"],"picked":"SKIP","floor":27},{"not_picked":["Negative_Energy_Mist","Shackles_Of_Pain"],"picked":"Corrupt","floor":29},{"not_picked":["Death_Coil","Bones_to_Steel","Finger_Of_Death+1"],"picked":"SKIP","floor":32},{"not_picked":["Summon_Death_Knight","Grasp_Heart"],"picked":"Hellfire","floor":33},{"not_picked":["Bone_Armory+1","Death_Coil+1"],"picked":"Summon_Undead","floor":36},{"not_picked":["Negative_Energy_Mist+1","Flesh_Made_Foul","Scare+1"],"picked":"SKIP","floor":39},{"not_picked":["Vampiric_Strike+1","Finger_Of_Death"],"picked":"Necrotic_Claws+1","floor":42},{"not_picked":["Death_Knell","Blood_for_Blood","Bones_to_Steel"],"picked":"SKIP","floor":48},{"not_picked":["Negative_Energy_Sphere","Thousand_Bone_Knives+1"],"picked":"Summon_Undead+1","floor":49}],"player_experience":575395,"relics_obtained":[{"floor":2,"key":"Omamori"},{"floor":10,"key":"StuffTheSpire:Gunfinga"},{"floor":24,"key":"Pocketwatch"},{"floor":26,"key":"ReplayTheSpireMod:Lightbulb"},{"floor":29,"key":"Snack Pack"},{"floor":40,"key":"Bottled Flame"},{"floor":41,"key":"ReplayTheSpireMod:Ninjato"},{"floor":48,"key":"Mummified Hand"}],"event_choices":[{"damage_healed":0,"gold_gain":0,"player_choice":"Got Potions","damage_taken":0,"max_hp_gain":0,"max_hp_loss":0,"event_name":"Lab","floor":4,"gold_loss":0},{"damage_healed":0,"gold_gain":0,"cards_transformed":["Negative_Energy_Mist"],"player_choice":"Transformed","damage_taken":0,"max_hp_gain":0,"max_hp_loss":0,"event_name":"Transmorgrifier","floor":45,"gold_loss":0,"cards_obtained":["Death_Knell"]}],"is_beta":false,"boss_relics":[{"not_picked":["energizedSpire:RedRose","energizedSpire:EnergizedDie"],"picked":"Pandora\u0027s Box"},{"not_picked":["Black Star","Ring of Chaos"],"picked":"Replay:Wanted Poster"}],"items_purged_floors":[22],"is_endless":false,"potions_floor_spawned":[5,10,11,15,16,21,25,26,29,32,39,49],"killed_by":"downfall:CharBossMerchant","ascension_level":5}}