{"host":"1637j8siz7lzgd5k","time":1608806979,"event":{"mods":["BaseMod","Colored Map","Minty Spire (QoL Compilation)","StSLib","SuperFastMode"],"gold_per_floor":[112,37,37,49,49,84,103,118,145,145,169,203,203,72,72,72,72],"floor_reached":16,"playtime":183,"items_purged":["Strike_R"],"score":316,"play_id":"969df72c-a749-413a-9c0d-a185c95f9792","local_time":"20201224194939","is_ascension_mode":true,"campfire_choices":[{"data":"Bash","floor":13,"key":"SMITH"},{"data":"Hemokinesis","floor":15,"key":"SMITH"}],"circlet_count":0,"master_deck":["AscendersBane","Strike_R+1","Strike_R","Defend_R","Defend_R","Defend_R","Defend_R+1","Bash+1","Offering","Hemokinesis+1","Wild Strike"],"relics":["Burning Blood","NeowsBlessing","Lantern","Centennial Puzzle","Strawberry","Odd Mushroom","Ancient Tea Set"],"acts_visited":["Exordium"],"potions_floor_usage":[12],"damage_taken":[{"damage":0,"enemies":"Jaw Worm","floor":1,"turns":1},{"damage":0,"enemies":"2 Louse","floor":4,"turns":1},{"damage":0,"enemies":"3 Sentries","floor":6,"turns":1},{"damage":0,"enemies":"Cultist","floor":7,"turns":3},{"damage":13,"enemies":"Gremlin Gang","floor":8,"turns":5},{"damage":12,"enemies":"The Mushroom Lair","floor":11,"turns":3},{"damage":8,"enemies":"Gremlin Nob","floor":12,"turns":1},{"damage":93,"enemies":"The Guardian","floor":16,"turns":11}],"seed_played":"-376973336957080290","potions_obtained":[{"floor":6,"key":"FairyPotion"},{"floor":11,"key":"AttackPotion"},{"floor":12,"key":"Dexterity Potion"}],"is_trial":false,"path_per_floor":["M","?","?","M","?","E","M","M","T","?","?","E","R","$","R","B"],"character_chosen":"IRONCLAD","items_purchased":["Wild Strike"],"campfire_rested":0,"item_purchase_floors":[14],"current_hp_per_floor":[74,74,51,57,57,63,69,62,69,69,63,61,61,61,61,0,0],"gold":72,"neow_bonus":"THREE_ENEMY_KILL","is_daily":false,"chose_seed":false,"campfire_upgraded":2,"win_rate":0.0,"timestamp":1608806979,"path_taken":["M","?","?","M","?","E","?","?","T","?","?","E","R","$","R","BOSS"],"items_purchased_type":["Card"],"build_version":"2020-12-22","purchased_purges":1,"victory":false,"max_hp_per_floor":[75,75,75,75,75,75,75,75,82,82,82,82,82,82,82,82,82],"card_choices":[{"not_picked":["Anger","Twin Strike","Sword Boomerang"],"picked":"SKIP","floor":1},{"not_picked":["Warcry","Sever Soul","Sword Boomerang"],"picked":"SKIP","floor":4},{"not_picked":["Rage","Thunderclap","Bloodletting"],"picked":"SKIP","floor":6},{"not_picked":["Burning Pact","Sentinel"],"picked":"Offering","floor":7},{"not_picked":["Rage","Havoc","Sword Boomerang"],"picked":"SKIP","floor":8},{"not_picked":["Bloodletting","True Grit","Cleave"],"picked":"SKIP","floor":12}],"player_experience":815140,"relics_obtained":[{"floor":5,"key":"Lantern"},{"floor":6,"key":"Centennial Puzzle"},{"floor":9,"key":"Strawberry"},{"floor":11,"key":"Odd Mushroom"},{"floor":12,"key":"Ancient Tea Set"}],"event_choices":[{"cards_removed":["Strike_R"],"damage_healed":0,"gold_gain":0,"player_choice":"Card Removal","damage_taken":0,"max_hp_gain":0,"max_hp_loss":0,"event_name":"The Cleric","floor":2,"gold_loss":75},{"damage_healed":0,"gold_gain":0,"player_choice":"Entered Light","damage_taken":23,"max_hp_gain":0,"max_hp_loss":0,"event_name":"Shining Light","floor":3,"gold_loss":0,"cards_upgraded":["Strike_R","Defend_R"]},{"damage_healed":0,"gold_gain":0,"player_choice":"Relic","damage_taken":0,"max_hp_gain":0,"max_hp_loss":0,"event_name":"Wheel of Change","floor":5,"gold_loss":0},{"damage_healed":0,"gold_gain":0,"cards_transformed":["Strike_R"],"player_choice":"Change","damage_taken":0,"max_hp_gain":0,"max_hp_loss":0,"event_name":"Living Wall","floor":10,"gold_loss":0,"cards_obtained":["Hemokinesis"]},{"damage_healed":0,"gold_gain":0,"player_choice":"Fought Mushrooms","damage_taken":0,"max_hp_gain":0,"max_hp_loss":0,"event_name":"Mushrooms","floor":11,"gold_loss":0}],"is_beta":false,"boss_relics":[],"items_purged_floors":[14],"is_endless":false,"potions_floor_spawned":[6,11,12],"killed_by":"The Guardian","ascension_level":20}}