{"host":"4ag909k4xupnj24b","time":1608859626,"event":{"mods":["BaseMod","Minty Spire (QoL Compilation)","StSLib"],"gold_per_floor":[114,126,142,155,6,6,17,17,17,17,32,44,64,16,16,114,114,128,145,155,155,12,12,46,46,70,101,101,112,112,75,75,180,230,248,1,1,1,19,44,44,56,82,0,0,15,15,15,15,15,15],"floor_reached":50,"playtime":5386,"items_purged":["Strike_G"],"score":853,"play_id":"46dd8a70-4011-4d7f-b7fd-5c2a50236f59","local_time":"20201224172706","is_ascension_mode":true,"campfire_choices":[{"data":"Infinite Blades","floor":6.0,"key":"SMITH"},{"data":"Footwork","floor":8.0,"key":"SMITH"},{"data":"Cloak And Dagger","floor":10.0,"key":"SMITH"},{"floor":15.0,"key":"REST"},{"floor":23.0,"key":"REST"},{"floor":25.0,"key":"REST"},{"data":"Setup","floor":28.0,"key":"SMITH"},{"floor":32.0,"key":"REST"},{"floor":41,"key":"REST"},{"data":"Adrenaline","floor":45,"key":"SMITH"},{"data":"Accuracy","floor":49,"key":"SMITH"}],"circlet_count":0,"master_deck":["AscendersBane","Defend_G","Defend_G","Defend_G","Defend_G","Survivor","Neutralize","Accuracy+1","Crippling Poison+1","Cloak And Dagger+1","Accuracy+1","Infinite Blades+1","Dagger Throw+1","Footwork+1","Well Laid Plans","Finisher+1","Predator","Dodge and Roll","Adrenaline+1","PiercingWail","Expertise","Blade Dance+1","Underhanded Strike","Adrenaline","Setup+1","Blur","Burst","Dodge and Roll","Finisher","Panache","Mind Blast+1","Thinking Ahead","Backflip+1","Cloak And Dagger","Madness","Madness"],"relics":["Astrolabe","Kunai","Empty Cage","Nunchaku","Regal Pillow","Whetstone","Sundial","Tiny House","Eternal Feather","Juzu Bracelet","Red Mask"],"acts_visited":["Exordium","TheCity","TheBeyond"],"potions_floor_usage":[40,40,50],"damage_taken":[{"damage":2.0,"enemies":"Cultist","floor":1.0,"turns":5.0},{"damage":7.0,"enemies":"Jaw Worm","floor":2.0,"turns":5.0},{"damage":0.0,"enemies":"Small Slimes","floor":3.0,"turns":3.0},{"damage":9.0,"enemies":"Blue Slaver","floor":4.0,"turns":5.0},{"damage":7.0,"enemies":"2 Fungi Beasts","floor":7.0,"turns":4.0},{"damage":11.0,"enemies":"Lots of Slimes","floor":11.0,"turns":4.0},{"damage":9.0,"enemies":"Looter","floor":12.0,"turns":3.0},{"damage":8.0,"enemies":"Large Slime","floor":13.0,"turns":8.0},{"damage":0.0,"enemies":"Hexaghost","floor":16.0,"turns":8.0},{"damage":6.0,"enemies":"Shell Parasite","floor":18.0,"turns":7.0},{"damage":4.0,"enemies":"Chosen","floor":19.0,"turns":4.0},{"damage":29.0,"enemies":"Snecko","floor":20.0,"turns":6.0},{"damage":28.0,"enemies":"Gremlin Leader","floor":24.0,"turns":4.0},{"damage":19.0,"enemies":"Slavers","floor":27.0,"turns":4.0},{"damage":25.0,"enemies":"Snake Plant","floor":29.0,"turns":4.0},{"damage":8.0,"enemies":"Colosseum Slavers","floor":30.0,"turns":3.0},{"damage":18.0,"enemies":"Champ","floor":33.0,"turns":9.0},{"damage":17,"enemies":"3 Darklings","floor":35,"turns":4},{"damage":0,"enemies":"3 Shapes","floor":39,"turns":4},{"damage":60,"enemies":"Nemesis","floor":40,"turns":8},{"damage":17,"enemies":"Writhing Mass","floor":42,"turns":6},{"damage":6,"enemies":"Sphere and 2 Shapes","floor":46,"turns":6},{"damage":71,"enemies":"Awakened One","floor":50,"turns":6}],"seed_played":"1319854759306516872","potions_obtained":[{"floor":3.0,"key":"Fire Potion"},{"floor":7.0,"key":"Regen Potion"},{"floor":13.0,"key":"SteroidPotion"},{"floor":18.0,"key":"Energy Potion"},{"floor":20.0,"key":"Strength Potion"},{"floor":29.0,"key":"LiquidMemories"},{"floor":33.0,"key":"Regen Potion"},{"floor":34.0,"key":"Fruit Juice"},{"floor":35,"key":"BlessingOfTheForge"},{"floor":42,"key":"Weak Potion"},{"floor":46,"key":"Poison Potion"}],"is_trial":false,"path_per_floor":["M","M","M","M","$","R","M","R","T","R","M","M","M","$","R","B",null,"M","M","M","?","$","R","E","R","T","E","R","M","?","$","R","B",null,"M","$","?","?","M","E","R","M","T","?","R","M","?","?","R","B"],"character_chosen":"THE_SILENT","items_purchased":["Footwork","Dodge and Roll","Nunchaku","Blur","Panache","Mind Blast"],"campfire_rested":5,"item_purchase_floors":[5,14,22,31,36,36],"current_hp_per_floor":[61,54,54,45,45,45,38,38,38,38,27,18,10,10,31,31,60,54,50,21,21,21,42,26,62,62,43,43,18,10,10,46,28,70,53,53,53,53,53,8,65,48,48,48,66,60,60,50,71,0,0],"gold":15,"neow_bonus":"BOSS_RELIC","is_daily":false,"chose_seed":false,"campfire_upgraded":6,"win_rate":0.0,"timestamp":1608859626,"path_taken":["M","M","M","M","$","R","M","R","T","R","M","M","M","$","R","BOSS","M","M","?","?","?","R","E","R","T","E","R","M","?","$","R","BOSS","M","$","?","?","?","E","R","M","T","?","R","M","?","?","R","BOSS"],"items_purchased_type":["Card","Card","Relic","Card","Card","Card"],"build_version":"2020-12-22","purchased_purges":1,"victory":false,"max_hp_per_floor":[70,70,70,70,70,70,70,70,70,70,70,70,70,70,70,70,70,70,70,70,70,70,70,70,70,70,70,70,70,70,70,70,70,80,80,80,80,80,80,80,80,80,80,80,80,80,80,80,80,80,80],"card_choices":[{"not_picked":["Quick Slash","Blur"],"picked":"Cloak And Dagger","floor":1.0},{"not_picked":["Flechettes","Bane"],"picked":"Accuracy","floor":2.0},{"not_picked":["Dash","Backflip"],"picked":"Infinite Blades","floor":3.0},{"not_picked":["Deflect","Bane"],"picked":"Dagger Throw","floor":4.0},{"not_picked":["Deflect","Dodge and Roll"],"picked":"Well Laid Plans","floor":7.0},{"not_picked":["Acrobatics","PiercingWail"],"picked":"Finisher","floor":11.0},{"not_picked":["Dagger Throw","Infinite Blades"],"picked":"Predator","floor":12.0},{"not_picked":["Outmaneuver","Dagger Throw"],"picked":"Backstab","floor":13.0},{"not_picked":["Phantasmal Killer","Wraith Form v2"],"picked":"Adrenaline","floor":16.0},{"not_picked":["Catalyst+1","Endless Agony"],"picked":"PiercingWail","floor":18.0},{"not_picked":["Deflect","Sucker Punch"],"picked":"Expertise","floor":19.0},{"not_picked":["Poisoned Stab","Heel Hook+1"],"picked":"Blade Dance+1","floor":20.0},{"not_picked":["Masterful Stab","Acrobatics"],"picked":"Adrenaline","floor":24.0},{"not_picked":["Unload","Acrobatics"],"picked":"Setup","floor":27.0},{"not_picked":["PiercingWail","Heel Hook","Blade Dance"],"picked":"SKIP","floor":29.0},{"not_picked":["Glass Knife","Storm of Steel"],"picked":"Burst","floor":33.0},{"not_picked":["Prepared","PiercingWail+1"],"picked":"Dodge and Roll","floor":34.0},{"not_picked":["Bane+1","Burst"],"picked":"Finisher","floor":35},{"not_picked":["Mind Blast","Finesse"],"picked":"Thinking Ahead","floor":37},{"not_picked":["PiercingWail","Catalyst+1","Prepared"],"picked":"SKIP","floor":39},{"not_picked":["Prepared+1","Dodge and Roll","Backflip"],"picked":"SKIP","floor":40},{"not_picked":["Deflect+1","Dodge and Roll"],"picked":"Backflip+1","floor":42},{"not_picked":["Dagger Throw","Escape Plan"],"picked":"Cloak And Dagger","floor":46}],"player_experience":795170,"relics_obtained":[{"floor":9.0,"key":"Kunai"},{"floor":24.0,"key":"Regal Pillow"},{"floor":26.0,"key":"Whetstone"},{"floor":27.0,"key":"Sundial"},{"floor":40,"key":"Eternal Feather"},{"floor":43,"key":"Juzu Bracelet"}],"event_choices":[{"damage_healed":0.0,"max_hp_gain":0.0,"max_hp_loss":0.0,"gold_gain":0.0,"cards_transformed":["Grand Finale"],"event_name":"Transmorgrifier","player_choice":"Transformed","floor":21.0,"gold_loss":0.0,"damage_taken":0.0,"cards_obtained":["Underhanded Strike"]},{"damage_healed":0.0,"max_hp_gain":0.0,"max_hp_loss":0.0,"gold_gain":0.0,"event_name":"Colosseum","player_choice":"Fight","floor":30.0,"gold_loss":0.0,"damage_taken":0.0},{"damage_healed":0.0,"max_hp_gain":0.0,"max_hp_loss":0.0,"gold_gain":0.0,"event_name":"Colosseum","player_choice":"Fled From Nobs","floor":30.0,"gold_loss":0.0,"damage_taken":0.0},{"damage_healed":0,"gold_gain":0,"player_choice":"Memory 1","damage_taken":0,"max_hp_gain":0,"max_hp_loss":0,"event_name":"SensoryStone","floor":37,"gold_loss":0},{"damage_healed":0,"gold_gain":0,"player_choice":"Upgraded","damage_taken":0,"max_hp_gain":0,"max_hp_loss":0,"event_name":"Upgrade Shrine","floor":38,"gold_loss":0,"cards_upgraded":["Mind Blast"]},{"damage_healed":0,"gold_gain":0,"player_choice":"Paid","damage_taken":0,"relics_obtained":["Red Mask"],"max_hp_gain":0,"max_hp_loss":0,"event_name":"Tomb of Lord Red Mask","floor":44,"gold_loss":82},{"cards_removed":["Backstab"],"damage_healed":0,"gold_gain":0,"player_choice":"Removed Attack","damage_taken":0,"max_hp_gain":0,"max_hp_loss":0,"event_name":"Falling","floor":47,"gold_loss":0},{"damage_healed":0,"gold_gain":0,"player_choice":"Embrace Madness","damage_taken":10,"max_hp_gain":0,"max_hp_loss":0,"event_name":"Winding Halls","floor":48,"gold_loss":0,"cards_obtained":["Madness","Madness"]}],"is_beta":false,"boss_relics":[{"not_picked":["Coffee Dripper","Ectoplasm"],"picked":"Empty Cage"},{"not_picked":["Black Star","Philosopher\u0027s Stone"],"picked":"Tiny House"}],"items_purged_floors":[5],"is_endless":false,"potions_floor_spawned":[3,7,13,18,20,29,30,33,35,42,46],"killed_by":"Awakened One","ascension_level":10}}