{"host":"az8lnyxx7l5ect6t","time":1608850356,"event":{"mods":["2.2 Compatiblity","AchievementEnabler","Aspiration","BaseMod","Bestiary","Better Third Choice","Block Reminder","Challenge The Spire","Curses Come First","Defuse TimeMaze Blight","Displayed Cursed Tome","Downfall","Halation","Hubris","Infinite Spire","Keyboard Shortcuts","Minty Spire (QoL Compilation)","MonsterHotkey","Quick Restart","Relic Stats","Replay The Spire","Spicy Shops","StSLib","The Blue Laboratory","Thieving Mod","Treasure Hunter","Uncapped","Unknown Chances","Wandering Minibosses"],"gold_per_floor":[117,117,49,62,62,72,72,102,102,102,102,102,102,102],"floor_reached":12,"playtime":525,"items_purged":[],"score":76,"play_id":"b7e340f5-c435-4536-9cd3-9eefdffb1302","local_time":"20201224175236","is_ascension_mode":false,"campfire_choices":[{"data":"Guardian:DecasProtection","floor":7,"key":"SMITH"},{"data":"Guardian:TwinSlam","floor":9,"key":"SMITH"},{"data":"Guardian:TwinSlam","floor":11,"key":"SMITH"}],"circlet_count":0,"master_deck":["Guardian:Strike_Guardian","Guardian:Strike_Guardian","Guardian:Strike_Guardian","Guardian:Defend_Guardian","Guardian:Defend_Guardian","Guardian:Defend_Guardian","Guardian:Defend_Guardian","Guardian:CurlUp","Guardian:TwinSlam+1","Guardian:PiercingHide","Guardian:DecasProtection+1","TH:CursedSword"],"relics":["halation:SimulatedSpire","halation:KoshaPiece","hubris:MobiusCoin"],"acts_visited":["Exordium"],"potions_floor_usage":[],"damage_taken":[{"damage":2,"enemies":"2 Louse","floor":1,"turns":3},{"damage":3,"enemies":"Jaw Worm","floor":4,"turns":6},{"damage":0,"enemies":"Small Slimes","floor":6,"turns":4},{"damage":64,"enemies":"Gremlin Nob","floor":8,"turns":7},{"damage":13,"enemies":"3 Sentries","floor":12,"turns":4}],"seed_played":"4987462689927133303","potions_obtained":[{"floor":4,"key":"blueLaboratory:BottledHope"},{"floor":8,"key":"blueLaboratory:Moonshine"}],"is_trial":false,"path_per_floor":["M","?","$","M","?","M","R","E","R","T","R","E"],"character_chosen":"GUARDIAN","items_purchased":["Guardian:DecasProtection"],"campfire_rested":0,"item_purchase_floors":[3],"current_hp_per_floor":[78,80,80,77,70,70,70,6,6,6,6,0,0,0],"gold":102,"neow_bonus":"SIMULATED_SPIRE","is_daily":false,"chose_seed":false,"campfire_upgraded":3,"win_rate":0.0,"timestamp":1608850356,"path_taken":["M","?","$","M","?","M","R","E","R","T","R","E"],"items_purchased_type":["Card"],"build_version":"2020-12-22","purchased_purges":0,"victory":false,"max_hp_per_floor":[80,80,80,80,80,80,80,80,80,80,80,80,80,80],"relic_stats":{"counters":[5,24],"obtain_stats":[{"hubris:MobiusCoin":10,"halation:SimulatedSpire":0,"Guardian:ModeShifter":0,"halation:KoshaPiece":8},{"hubris:MobiusCoin":4,"halation:SimulatedSpire":0,"Guardian:ModeShifter":0,"halation:KoshaPiece":4},{"hubris:MobiusCoin":20,"halation:SimulatedSpire":0,"Guardian:ModeShifter":0,"halation:KoshaPiece":20}]},"card_choices":[{"not_picked":["Guardian:Suspension","Guardian:SentryBeam"],"picked":"Guardian:PiercingHide","floor":1},{"not_picked":["Guardian:BronzeOrb","Guardian:TemporalStrike"],"picked":"Guardian:Gem_Orange","floor":4},{"not_picked":["Guardian:ChargeCore","Guardian:TemporalStrike","Guardian:GemFinder"],"picked":"SKIP","floor":6},{"not_picked":["TH:BikiniMail","TH:PixieDust"],"picked":"SKIP","floor":8},{"not_picked":["Guardian:TimeBomb","Guardian:GemFinder","Guardian:CrystalBeam"],"picked":"SKIP","floor":8},{"not_picked":["TH:EnergyPotion"],"picked":"TH:CursedSword","floor":10}],"player_experience":687958,"relics_obtained":[{"floor":8,"key":"halation:KoshaPiece"},{"floor":10,"key":"hubris:MobiusCoin"}],"event_choices":[{"cards_removed":["Guardian:Strike_Guardian"],"damage_healed":0,"gold_gain":0,"player_choice":"Card Removal","damage_taken":7,"max_hp_gain":0,"max_hp_loss":0,"event_name":"Golden Wing","floor":5,"gold_loss":0}],"is_beta":false,"boss_relics":[],"items_purged_floors":[],"is_endless":false,"potions_floor_spawned":[4,8],"killed_by":"3 Sentries","ascension_level":0}}