{"host":"6pgtslebjnyv5xmi","time":1608794723,"event":{"mods":["AchievementEnabler","BaseMod","Colored Map","Minty Spire (QoL Compilation)","Rare Cards Sparkle","StSLib","SuperFastMode","The Dragon Tamer","everything is the same but u backflip on backflip"],"gold_per_floor":[112,124,199,225,60,60,93,93,93,93,159,195,195,228,228,356,356,381,381,381,306,306,306,330,366,389,241,255,126,170,191,191,317,317,335,335,668,638,283,283,505,505,505,367,381,393,407,407,407,407,407],"floor_reached":50,"playtime":2410,"items_purged":["Strike_R+1","Strike_R+1","Strike_R+1"],"score":752,"play_id":"9e540021-071a-492c-b12a-fd0ed0916608","local_time":"20201224162523","is_ascension_mode":true,"campfire_choices":[{"data":"Apotheosis","floor":6.0,"key":"SMITH"},{"floor":10.0,"key":"REST"},{"floor":15.0,"key":"RECALL"},{"floor":23.0,"key":"REST"},{"floor":32.0,"key":"REST"},{"floor":40.0,"key":"REST"},{"floor":49.0,"key":"REST"}],"circlet_count":0,"master_deck":["Strike_R+1","Strike_R+1","Defend_R+1","Defend_R+1","Defend_R+1","Defend_R+1","Ghostly Armor","Apotheosis+1","Demon Form","Disarm","Pummel","Feed","Spot Weakness","J.A.X.","Heavy Blade","Pummel","Entrench+1","Heavy Blade","Flex","Shockwave","Limit Break","Shrug It Off+1","Madness","Madness","Dark Shackles","Dark Shackles","Seeing Red+1"],"relics":["Black Blood","NeowsBlessing","Lantern","Mercury Hourglass","Regal Pillow","Juzu Bracelet","Pantograph","Art of War","Fusion Hammer","Happy Flower","Medical Kit","Red Mask","Membership Card","Pen Nib","Oddly Smooth Stone","PreservedInsect","Vajra"],"acts_visited":["Exordium","TheCity","TheBeyond"],"potions_floor_usage":[50],"damage_taken":[{"damage":0.0,"enemies":"Jaw Worm","floor":1.0,"turns":1.0},{"damage":0.0,"enemies":"Small Slimes","floor":2.0,"turns":1.0},{"damage":0.0,"enemies":"3 Sentries","floor":7.0,"turns":1.0},{"damage":27.0,"enemies":"3 Sentries","floor":11.0,"turns":6.0},{"damage":6.0,"enemies":"Gremlin Nob","floor":12.0,"turns":4.0},{"damage":24.0,"enemies":"3 Sentries","floor":14.0,"turns":6.0},{"damage":11.0,"enemies":"The Guardian","floor":16.0,"turns":7.0},{"damage":20.0,"enemies":"2 Thieves","floor":18.0,"turns":4.0},{"damage":23.0,"enemies":"3 Byrds","floor":24.0,"turns":4.0},{"damage":28.0,"enemies":"Slavers","floor":25.0,"turns":3.0},{"damage":3.0,"enemies":"Snake Plant","floor":28.0,"turns":4.0},{"damage":26.0,"enemies":"Masked Bandits","floor":30.0,"turns":4.0},{"damage":3.0,"enemies":"Centurion and Healer","floor":31.0,"turns":3.0},{"damage":50.0,"enemies":"Collector","floor":33.0,"turns":4.0},{"damage":28.0,"enemies":"3 Darklings","floor":35.0,"turns":5.0},{"damage":12.0,"enemies":"3 Shapes","floor":45.0,"turns":9.0},{"damage":17.0,"enemies":"Transient","floor":46.0,"turns":5.0},{"damage":26.0,"enemies":"3 Darklings","floor":47.0,"turns":5.0},{"damage":107,"enemies":"Donu and Deca","floor":50,"turns":6}],"seed_played":"5131974339568830531","potions_obtained":[{"floor":2.0,"key":"ColorlessPotion"},{"floor":11.0,"key":"Energy Potion"},{"floor":12.0,"key":"ColorlessPotion"},{"floor":25.0,"key":"Ancient Potion"},{"floor":31.0,"key":"SkillPotion"},{"floor":35.0,"key":"PowerPotion"},{"floor":38.0,"key":"EssenceOfSteel"},{"floor":38.0,"key":"SkillPotion"}],"is_trial":false,"path_per_floor":["M","M","?","T","$","R","E","?","T","R","?","E","?","E","R","B",null,"M","?","?","?","?","R","M","E","T","$","M","$","?","M","R","B",null,"M","?","?","?","$","R","?","?","T","$","M","M","M","?","R","B"],"character_chosen":"IRONCLAD","items_purchased":["Apotheosis","Medical Kit","Flex","Membership Card","Pen Nib","Oddly Smooth Stone","Vajra"],"campfire_rested":5,"item_purchase_floors":[5,27,29,39,39,39,44],"current_hp_per_floor":[78,80,69,69,69,69,75,55,55,80,59,59,59,41,41,61,75,61,61,61,61,61,80,67,49,49,49,52,52,36,39,81,48,81,65,53,53,53,53,92,92,87,87,87,87,82,68,68,92,0,0],"gold":407,"neow_bonus":"THREE_ENEMY_KILL","is_daily":false,"chose_seed":false,"campfire_upgraded":1,"win_rate":0.0,"timestamp":1608794723,"path_taken":["M","M","?","?","?","R","E","?","T","R","?","E","?","E","R","BOSS","M","?","?","?","?","R","M","E","T","?","M","$","?","M","R","BOSS","M","?","?","?","$","R","?","?","T","$","M","M","M","?","R","BOSS"],"items_purchased_type":["Card","Relic","Card","Relic","Relic","Relic","Relic"],"build_version":"2020-12-22","purchased_purges":3,"victory":false,"max_hp_per_floor":[80,80,80,80,80,80,80,80,80,80,80,80,80,80,80,80,80,80,80,80,80,80,80,84,88,88,88,88,88,92,92,92,92,92,92,92,92,92,92,92,92,92,92,92,92,92,92,92,92,92,92],"card_choices":[{"not_picked":["Headbutt","Metallicize"],"picked":"Uppercut","floor":1.0},{"not_picked":["Disarm","Sever Soul"],"picked":"Ghostly Armor","floor":2.0},{"not_picked":["Searing Blow","Thunderclap"],"picked":"Demon Form","floor":7.0},{"not_picked":["Armaments","Feel No Pain"],"picked":"Disarm","floor":12.0},{"not_picked":["True Grit","Disarm","Feel No Pain"],"picked":"SKIP","floor":14.0},{"not_picked":["Immolate","Barricade"],"picked":"Feed","floor":16.0},{"not_picked":["Shockwave","Intimidate"],"picked":"Spot Weakness","floor":18.0},{"not_picked":["Spot Weakness","Perfected Strike"],"picked":"Pummel","floor":24.0},{"not_picked":["Anger","Dropkick+1"],"picked":"Entrench+1","floor":25.0},{"not_picked":["Shrug It Off","Bloodletting"],"picked":"Heavy Blade","floor":28.0},{"not_picked":["Pommel Strike","Ghostly Armor"],"picked":"Shockwave","floor":31.0},{"not_picked":["Reaper","Feed"],"picked":"Limit Break","floor":33.0},{"not_picked":["Infernal Blade+1","Havoc+1"],"picked":"Shrug It Off+1","floor":35.0},{"not_picked":["Impatience","Trip"],"picked":"Dark Shackles","floor":42.0},{"not_picked":["Enlightenment","Bandage Up"],"picked":"Dark Shackles","floor":42.0},{"not_picked":["Cleave","Wild Strike","Infernal Blade"],"picked":"SKIP","floor":45.0},{"not_picked":["Twin Strike+1","Iron Wave","Dropkick"],"picked":"SKIP","floor":46.0},{"not_picked":["True Grit+1","Twin Strike+1"],"picked":"Seeing Red+1","floor":47.0}],"player_experience":435132,"relics_obtained":[{"floor":4.0,"key":"Lantern"},{"floor":7.0,"key":"Mercury Hourglass"},{"floor":9.0,"key":"Regal Pillow"},{"floor":12.0,"key":"Pantograph"},{"floor":14.0,"key":"Art of War"},{"floor":25.0,"key":"Happy Flower"},{"floor":30.0,"key":"Red Mask"},{"floor":43.0,"key":"PreservedInsect"}],"event_choices":[{"damage_healed":0.0,"max_hp_gain":0.0,"max_hp_loss":0.0,"gold_gain":75.0,"event_name":"World of Goop","player_choice":"Gather Gold","floor":3.0,"gold_loss":0.0,"damage_taken":11.0},{"damage_healed":0.0,"max_hp_gain":0.0,"max_hp_loss":0.0,"gold_gain":0.0,"event_name":"Golden Idol","player_choice":"Take Damage","floor":8.0,"gold_loss":0.0,"damage_taken":20.0,"relics_obtained":["Golden Idol"]},{"damage_healed":0.0,"max_hp_gain":0.0,"max_hp_loss":0.0,"gold_gain":30.0,"event_name":"Dead Adventurer","player_choice":"Searched \u00273\u0027 times","floor":11.0,"gold_loss":0.0,"damage_taken":0.0,"relics_obtained":["Juzu Bracelet"]},{"damage_healed":0.0,"max_hp_gain":0.0,"max_hp_loss":0.0,"gold_gain":0.0,"event_name":"Match and Keep!","player_choice":"1 cards matched","floor":13.0,"gold_loss":0.0,"damage_taken":0.0,"cards_obtained":["Pummel"]},{"damage_healed":0.0,"max_hp_gain":0.0,"max_hp_loss":0.0,"gold_gain":0.0,"event_name":"Drug Dealer","player_choice":"Obtain J.A.X.","floor":19.0,"gold_loss":0.0,"damage_taken":0.0,"cards_obtained":["J.A.X."]},{"damage_healed":0.0,"max_hp_gain":0.0,"max_hp_loss":0.0,"gold_gain":0.0,"event_name":"Back to Basics","player_choice":"Simplicity","floor":20.0,"gold_loss":0.0,"damage_taken":0.0,"cards_upgraded":["Strike_R","Strike_R","Strike_R","Strike_R","Strike_R","Defend_R","Defend_R","Defend_R","Defend_R"]},{"cards_removed":["Bash"],"damage_healed":0.0,"max_hp_gain":0.0,"max_hp_loss":0.0,"gold_gain":0.0,"event_name":"Beggar","player_choice":"Gave Gold","floor":21.0,"gold_loss":75.0,"damage_taken":0.0},{"damage_healed":0.0,"max_hp_gain":0.0,"max_hp_loss":0.0,"gold_gain":0.0,"event_name":"The Library","player_choice":"Read","floor":22.0,"gold_loss":0.0,"damage_taken":0.0,"cards_obtained":["Heavy Blade"]},{"damage_healed":0.0,"max_hp_gain":0.0,"max_hp_loss":0.0,"gold_gain":0.0,"event_name":"Masked Bandits","player_choice":"Fought Bandits","floor":30.0,"gold_loss":0.0,"damage_taken":0.0},{"damage_healed":0.0,"max_hp_gain":0.0,"max_hp_loss":0.0,"gold_gain":0.0,"event_name":"Winding Halls","player_choice":"Embrace Madness","floor":36.0,"gold_loss":0.0,"damage_taken":12.0,"cards_obtained":["Madness","Madness"]},{"damage_healed":0.0,"max_hp_gain":0.0,"max_hp_loss":0.0,"gold_gain":333.0,"event_name":"The Moai Head","player_choice":"Gave Idol","floor":37.0,"relics_lost":["Golden Idol"],"gold_loss":0.0,"damage_taken":0.0},{"damage_healed":0.0,"max_hp_gain":0.0,"max_hp_loss":0.0,"gold_gain":0.0,"event_name":"The Woman in Blue","player_choice":"Bought 2 Potions","floor":38.0,"gold_loss":0.0,"damage_taken":0.0},{"damage_healed":0.0,"max_hp_gain":0.0,"max_hp_loss":0.0,"gold_gain":222.0,"event_name":"Tomb of Lord Red Mask","player_choice":"Wore Mask","floor":41.0,"gold_loss":0.0,"damage_taken":0.0},{"damage_healed":0.0,"max_hp_gain":0.0,"max_hp_loss":0.0,"gold_gain":0.0,"event_name":"SensoryStone","player_choice":"Memory 2","floor":42.0,"gold_loss":0.0,"damage_taken":5.0},{"cards_removed":["Uppercut"],"damage_healed":0.0,"max_hp_gain":0.0,"max_hp_loss":0.0,"gold_gain":0.0,"event_name":"Falling","player_choice":"Removed Attack","floor":48.0,"gold_loss":0.0,"damage_taken":0.0}],"is_beta":false,"boss_relics":[{"not_picked":["Ectoplasm","Calling Bell"],"picked":"Fusion Hammer"},{"not_picked":["Philosopher\u0027s Stone","Cursed Key"],"picked":"Black Blood"}],"items_purged_floors":[29,39,44],"is_endless":false,"potions_floor_spawned":[2,11,12,25,31,35,45],"killed_by":"Donu and Deca","ascension_level":7}}