{"host":"2461dio7vetlq1z3","time":1608782237,"event":{"mods":["2.2 Compatiblity","AchievementEnabler","Aspiration","BaseMod","Better Third Choice","Hermit","Marisa????????","Minty Spire (QoL Compilation)","Relic Stats","Spicy Shops","StSLib","The Runesmith","Waifu the Spire"],"gold_per_floor":[117,136,152,152,172,172,205,218,244,244,273,283,296,325,325,401,401,416,69,119,133,1,1,14,14,39,56,85,85,103,133,133,212,212,229,245,296,350,350,350,380,380,380,380,392,392,404,419,419,419,419,419,13,43,43],"floor_reached":56,"playtime":3574,"items_purged":["Strike_B","Defend_B","Zap"],"score":2107,"play_id":"fcf36cd7-5a49-4e16-9d0a-a73ad46ea7fa","local_time":"20201224045717","is_ascension_mode":true,"campfire_choices":[{"floor":6,"key":"REST"},{"data":"Compile Driver","floor":10,"key":"SMITH"},{"data":"Coolheaded","floor":15,"key":"SMITH"},{"data":"Machine Learning","floor":23,"key":"SMITH"},{"floor":29,"key":"REST"},{"floor":32,"key":"REST"},{"floor":40,"key":"REST"},{"floor":42,"key":"REST"},{"floor":44,"key":"REST"},{"floor":46,"key":"RECALL"},{"data":"Buffer","floor":49,"key":"SMITH"},{"data":"Echo Form","floor":52,"key":"SMITH"}],"circlet_count":0,"master_deck":["AscendersBane","Strike_B","Strike_B","Defend_B","Defend_B","Defend_B","Dualcast","Compile Driver+1","Gash","Gash","Gash","Conserve Battery","Coolheaded+1","Sunder","Gash","Echo Form+1","Machine Learning+1","CurseOfTheBell","Hologram","Doubt","Reinforced Body","Core Surge","Hologram+1","Glacier","Echo Form","Glacier","Go for the Eyes+1","Self Repair","Machine Learning+1","Gash","Reinforced Body+1","All For One","Writhe","Gash","Skim","Glacier+1","Skim","Buffer+1","Hologram"],"relics":["Cracked Core","aspiration:Nostalgia","Runesmith:BrokenRuby","Torii","Anchor","Ornamental Fan","Question Card","Calling Bell","Vajra","Shuriken","FossilizedHelix","Bag of Preparation","CaptainsWheel","Bag of Marbles","Art of War","Dream Catcher","Cursed Key","CatCart","Prayer Wheel","Lantern","Kunai","Bronze Scales"],"acts_visited":["Exordium","TheCity","TheBeyond","TheEnding"],"potions_floor_usage":[7,11,11,11,14,18,33,38,41,55,55],"damage_taken":[{"damage":12,"enemies":"Jaw Worm","floor":1,"turns":3},{"damage":1,"enemies":"Cultist","floor":2,"turns":3},{"damage":6,"enemies":"2 Louse","floor":3,"turns":3},{"damage":6,"enemies":"Large Slime","floor":5,"turns":5},{"damage":14,"enemies":"Lagavulin","floor":7,"turns":7},{"damage":0,"enemies":"Looter","floor":8,"turns":3},{"damage":8,"enemies":"Gremlin Nob","floor":11,"turns":3},{"damage":1,"enemies":"Red Slaver","floor":12,"turns":3},{"damage":2,"enemies":"Lots of Slimes","floor":13,"turns":3},{"damage":7,"enemies":"3 Sentries","floor":14,"turns":5},{"damage":17,"enemies":"The Guardian","floor":16,"turns":8},{"damage":11,"enemies":"2 Thieves","floor":18,"turns":3},{"damage":0,"enemies":"Spheric Guardian","floor":21,"turns":3},{"damage":7,"enemies":"3 Cultists","floor":24,"turns":5},{"damage":0,"enemies":"Chosen and Byrds","floor":27,"turns":5},{"damage":9,"enemies":"Gremlin Leader","floor":28,"turns":6},{"damage":0,"enemies":"Centurion and Healer","floor":30,"turns":5},{"damage":24,"enemies":"Book of Stabbing","floor":31,"turns":6},{"damage":21,"enemies":"Automaton","floor":33,"turns":8},{"damage":0,"enemies":"3 Darklings","floor":35,"turns":5},{"damage":1,"enemies":"Orb Walker","floor":36,"turns":3},{"damage":20,"enemies":"Orin","floor":37,"turns":9},{"damage":26,"enemies":"2 Orb Walkers","floor":38,"turns":6},{"damage":31,"enemies":"Reptomancer","floor":41,"turns":8},{"damage":7,"enemies":"Sphere and 2 Shapes","floor":45,"turns":5},{"damage":0,"enemies":"Jaw Worm Horde","floor":47,"turns":3},{"damage":0,"enemies":"Transient","floor":48,"turns":6},{"damage":30,"enemies":"Donu and Deca","floor":50,"turns":7},{"damage":33,"enemies":"Shield and Spear","floor":54,"turns":5},{"damage":16,"enemies":"The Heart","floor":55,"turns":8}],"seed_played":"4323078735405492779","potions_obtained":[{"floor":1,"key":"Strength Potion"},{"floor":5,"key":"EntropicBrew"},{"floor":7,"key":"DuplicationPotion"},{"floor":11,"key":"Regen Potion"},{"floor":14,"key":"Swift Potion"},{"floor":18,"key":"PowerPotion"},{"floor":33,"key":"Strength Potion"},{"floor":35,"key":"DuplicationPotion"},{"floor":45,"key":"FearPotion"},{"floor":48,"key":"SmokeBomb"},{"floor":54,"key":"Strength Potion"}],"is_trial":false,"path_per_floor":["M","M","M","?","M","R","E","M","T","R","E","M","M","E","R","B",null,"M","$","?","M","$","R","M","?","T","M","E","R","M","E","R","B",null,"M","M","?","?","?","R","E","R","T","R","M","R","M","M","R","B",null,"R","$","E","B",null],"character_chosen":"DEFECT","items_purchased":["Bag of Preparation","CaptainsWheel","Kunai"],"campfire_rested":6,"item_purchase_floors":[19,22,53],"current_hp_per_floor":[52,51,45,45,39,60,46,46,46,46,38,37,35,42,42,25,60,49,49,42,42,42,42,35,35,35,35,26,47,47,23,44,23,59,59,58,38,12,12,33,2,23,23,44,44,44,51,58,58,28,60,60,60,27,11],"gold":43,"neow_bonus":"NOSTALGIA","is_daily":false,"chose_seed":false,"campfire_upgraded":5,"win_rate":0.0,"timestamp":1608782237,"path_taken":["M","M","M","?","M","R","E","?","T","R","E","M","M","E","R","BOSS","M","?","?","?","$","R","M","?","T","M","E","R","M","E","R","BOSS","M","M","?","?","?","R","E","R","T","R","?","R","M","M","R","BOSS","R","$","E","BOSS"],"items_purchased_type":["Relic","Relic","Relic"],"build_version":"2020-12-22","purchased_purges":3,"victory":true,"max_hp_per_floor":[71,71,71,71,71,71,71,71,71,71,71,71,71,71,71,71,71,71,71,71,71,71,71,71,71,71,71,71,71,71,71,71,71,71,71,71,71,71,71,71,71,71,71,71,71,71,71,71,71,71,71,71,71,71,71],"relic_stats":{"Torii":37,"counters":[30,152],"Bag of Preparation":[36],"Question Card":26,"Cursed Key":1,"Dream Catcher":4,"Ornamental Fan":[308],"Shuriken":[70],"Bronze Scales":[96],"Prayer Wheel":3,"Art of War":[3],"Kunai":[13],"obtain_stats":[{"Runesmith:BrokenRuby":0,"Lantern":41,"Torii":7,"aspiration:Nostalgia":0,"Vajra":17,"Bag of Preparation":19,"Question Card":14,"Cursed Key":34,"Calling Bell":17,"Anchor":9,"CaptainsWheel":22,"Dream Catcher":31,"Ornamental Fan":11,"Shuriken":17,"Bronze Scales":54,"Prayer Wheel":38,"Bag of Marbles":26,"Art of War":28,"Kunai":53,"CatCart":37,"Cracked Core":0,"FossilizedHelix":17},{"Runesmith:BrokenRuby":0,"Lantern":24,"Torii":5,"aspiration:Nostalgia":0,"Vajra":11,"Bag of Preparation":12,"Question Card":10,"Cursed Key":19,"Calling Bell":11,"Anchor":6,"CaptainsWheel":13,"Dream Catcher":18,"Ornamental Fan":7,"Shuriken":11,"Bronze Scales":29,"Prayer Wheel":23,"Bag of Marbles":14,"Art of War":16,"Kunai":28,"CatCart":22,"Cracked Core":0,"FossilizedHelix":11},{"Runesmith:BrokenRuby":0,"Lantern":118,"Torii":21,"aspiration:Nostalgia":0,"Vajra":46,"Bag of Preparation":49,"Question Card":38,"Cursed Key":87,"Calling Bell":46,"Anchor":24,"CaptainsWheel":52,"Dream Catcher":79,"Ornamental Fan":27,"Shuriken":46,"Bronze Scales":144,"Prayer Wheel":110,"Bag of Marbles":57,"Art of War":68,"Kunai":139,"CatCart":104,"Cracked Core":0,"FossilizedHelix":46}]},"card_choices":[{"not_picked":["Recycle","Loop"],"picked":"Compile Driver","floor":1},{"not_picked":["Conserve Battery","Redo"],"picked":"Gash","floor":2},{"not_picked":["Compile Driver","Steam"],"picked":"Gash","floor":3},{"not_picked":["Barrage","Amplify"],"picked":"Gash","floor":5},{"not_picked":["Storm","Go for the Eyes"],"picked":"Conserve Battery","floor":7},{"not_picked":["Barrage","Go for the Eyes","Redo"],"picked":"SKIP","floor":8},{"not_picked":["Darkness","Hologram"],"picked":"Coolheaded","floor":11},{"not_picked":["Ball Lightning","Lockon"],"picked":"Sunder","floor":12},{"not_picked":["Undo","Turbo"],"picked":"Gash","floor":13},{"not_picked":["Go for the Eyes","Steam"],"picked":"Echo Form","floor":14},{"not_picked":["Reboot","Fission","Thunder Strike"],"picked":"Machine Learning","floor":16},{"not_picked":["Stack","Redo","Beam Cell"],"picked":"Hologram","floor":18},{"not_picked":["Steam Power","Doom and Gloom","Blizzard","Double Energy"],"picked":"SKIP","floor":21},{"not_picked":["Steam Power","Doom and Gloom","Blizzard","Double Energy"],"picked":"SKIP","floor":21},{"not_picked":["Redo","Barrage","Ball Lightning","Sunder"],"picked":"SKIP","floor":24},{"not_picked":["aspiration:Polymerization","Sweeping Beam","White Noise"],"picked":"Reinforced Body","floor":27},{"not_picked":["Compile Driver","Storm","Go for the Eyes"],"picked":"Core Surge","floor":28},{"not_picked":["Cold Snap","Heatsinks","Lockon","Conserve Battery"],"picked":"SKIP","floor":30},{"not_picked":["Barrage+1","Ball Lightning","Defragment"],"picked":"Hologram+1","floor":31},{"not_picked":["Chill","Beam Cell","Gash"],"picked":"Glacier","floor":32},{"not_picked":["Multi-Cast","Seek","Buffer"],"picked":"Echo Form","floor":33},{"not_picked":["Rebound+1","Steam","Turbo","Go for the Eyes"],"picked":"SKIP","floor":35},{"not_picked":["Stack+1","Compile Driver","Rebound"],"picked":"Glacier","floor":36},{"not_picked":["Redo+1","Ball Lightning","Barrage+1"],"picked":"Go for the Eyes+1","floor":37},{"not_picked":["Steam Power+1","Go for the Eyes+1","Steam"],"picked":"Self Repair","floor":38},{"not_picked":["Leap","Go for the Eyes","Glacier"],"picked":"Gash","floor":40},{"not_picked":["BootSequence","Beam Cell","Aggregate+1"],"picked":"Reinforced Body+1","floor":41},{"not_picked":["aspiration:Polymerization","Compile Driver","Scrape"],"picked":"All For One","floor":42},{"not_picked":["Coolheaded","Go for the Eyes","Hologram"],"picked":"Gash","floor":44},{"not_picked":["Rip and Tear","Go for the Eyes","Turbo"],"picked":"Skim","floor":45},{"not_picked":["Coolheaded","Stack","Darkness+1","Doom and Gloom"],"picked":"SKIP","floor":45},{"not_picked":["Static Discharge","Loop+1","Undo"],"picked":"Glacier+1","floor":47},{"not_picked":["Sweeping Beam","Conserve Battery","Stack+1"],"picked":"Skim","floor":47},{"not_picked":["Streamline","Consume","Undo"],"picked":"Buffer","floor":48},{"not_picked":["Streamline","Barrage+1","Doom and Gloom","Conserve Battery"],"picked":"SKIP","floor":48},{"not_picked":["Storm","FTL","Barrage"],"picked":"Hologram","floor":54}],"player_experience":986993,"relics_obtained":[{"floor":7,"key":"Torii"},{"floor":9,"key":"Anchor"},{"floor":11,"key":"Ornamental Fan"},{"floor":14,"key":"Question Card"},{"floor":17,"key":"Vajra"},{"floor":17,"key":"Shuriken"},{"floor":17,"key":"FossilizedHelix"},{"floor":26,"key":"Bag of Marbles"},{"floor":28,"key":"Art of War"},{"floor":31,"key":"Dream Catcher"},{"floor":37,"key":"CatCart"},{"floor":38,"key":"Prayer Wheel"},{"floor":41,"key":"Lantern"},{"floor":54,"key":"Bronze Scales"}],"event_choices":[{"cards_removed":["Strike_B"],"damage_healed":0,"gold_gain":0,"player_choice":"Offered Basic","damage_taken":0,"max_hp_gain":0,"max_hp_loss":0,"event_name":"Bonfire Elementals","floor":4,"gold_loss":0},{"damage_healed":0,"gold_gain":50,"player_choice":"Touch","damage_taken":7,"max_hp_gain":0,"max_hp_loss":0,"event_name":"FaceTrader","floor":20,"gold_loss":0},{"damage_healed":0,"gold_gain":0,"player_choice":"Ignored","damage_taken":0,"max_hp_gain":0,"max_hp_loss":0,"event_name":"Vampires","floor":25,"gold_loss":0},{"damage_healed":0,"gold_gain":0,"player_choice":"Fight","damage_taken":0,"max_hp_gain":0,"max_hp_loss":0,"event_name":"OrinTheCat","floor":37,"gold_loss":0},{"damage_healed":0,"gold_gain":0,"player_choice":"Fight","damage_taken":0,"max_hp_gain":0,"max_hp_loss":0,"event_name":"Mysterious Sphere","floor":38,"gold_loss":0},{"damage_healed":0,"gold_gain":0,"player_choice":"Copied","damage_taken":0,"max_hp_gain":0,"max_hp_loss":0,"event_name":"Duplicator","floor":39,"gold_loss":0,"cards_obtained":["Machine Learning"]}],"is_beta":false,"boss_relics":[{"not_picked":["aspiration:FutureDiary","Busted Crown"],"picked":"Calling Bell"},{"not_picked":["Black Star","aspiration:SecretTechniqueScroll"],"picked":"Cursed Key"}],"items_purged_floors":[19,19,53],"is_endless":false,"potions_floor_spawned":[1,5,7,8,11,14,18,24,27,33,35,37,45,48,54],"ascension_level":19}}