{"host":"2j5d0uw0vihq8b8w","time":1608805361,"event":{"mods":["2.2 Compatiblity","AchievementEnabler","BaseMod","BetterRewards","Colored Map","Colored Powertips","Custom Start","DeckTracker","Hermit","Lobotomy","Minty Spire (QoL Compilation)","Permanent Neow","Quick Restart","Rare Cards Sparkle","StSLib","SuperFastMode"],"gold_per_floor":[117,130,130,130,130,130,166,166,166,201,201,76,115,130,130,228,228,248,248,173,173,188,188,42,83,83,99,99,99],"floor_reached":28,"playtime":1138,"items_purged":["Strike_G","Pain"],"score":554,"play_id":"1a0f3d22-1e67-4be1-98b6-2317441095f7","local_time":"20201224192241","is_ascension_mode":true,"campfire_choices":[{"data":"Neutralize","floor":6.0,"key":"SMITH"},{"data":"Backflip","floor":8.0,"key":"SMITH"},{"data":"Concentrate","floor":11.0,"key":"SMITH"},{"data":"Reflex","floor":15.0,"key":"SMITH"},{"floor":23.0,"key":"REST"}],"circlet_count":0,"master_deck":["AscendersBane","Strike_G","Strike_G","Strike_G","Defend_G","Defend_G","Defend_G","Defend_G","Survivor","Neutralize+1","Backflip+1","Envenom+1","Slice","Concentrate+1","Reflex+1","Bane","Phantasmal Killer","Tactician","Predator","Well Laid Plans"],"relics":["Ring of the Snake","NeowsBlessing","Golden Idol","Eternal Feather","The Courier","Nunchaku","MealTicket","HoveringKite","WarpedTongs","Boot"],"acts_visited":["Exordium","TheCity"],"potions_floor_usage":[25,28],"damage_taken":[{"damage":0.0,"enemies":"2 Louse","floor":1.0,"turns":1.0},{"damage":0.0,"enemies":"Jaw Worm","floor":2.0,"turns":1.0},{"damage":0.0,"enemies":"Gremlin Nob","floor":7.0,"turns":1.0},{"damage":18.0,"enemies":"Lagavulin","floor":10.0,"turns":8.0},{"damage":33.0,"enemies":"3 Sentries","floor":13.0,"turns":13.0},{"damage":0.0,"enemies":"Cultist","floor":14.0,"turns":4.0},{"damage":20.0,"enemies":"Slime Boss","floor":16.0,"turns":8.0},{"damage":8.0,"enemies":"3 Byrds","floor":18.0,"turns":5.0},{"damage":22.0,"enemies":"Shell Parasite","floor":22.0,"turns":5.0},{"damage":19,"enemies":"Book of Stabbing","floor":25,"turns":6},{"damage":18,"enemies":"Shelled Parasite and Fungi","floor":27,"turns":4},{"damage":26,"enemies":"Slavers","floor":28,"turns":1}],"seed_played":"-8739090371830565360","potions_obtained":[{"floor":7.0,"key":"PowerPotion"},{"floor":10.0,"key":"SpeedPotion"},{"floor":14.0,"key":"ColorlessPotion"},{"floor":22.0,"key":"Weak Potion"},{"floor":25,"key":"FearPotion"}],"is_trial":false,"path_per_floor":["M","M","?","?","?","R","E","R","T","E","R","$","E","M","R","B",null,"M","?","?","?","M","R","$","E","T","M","E"],"character_chosen":"THE_SILENT","items_purchased":["Reflex","Predator"],"campfire_rested":1,"item_purchase_floors":[12,24],"current_hp_per_floor":[59,59,52,52,52,52,52,60,60,42,51,51,18,18,27,7,47,39,39,39,39,17,44,59,40,40,22,0,0],"gold":99,"neow_bonus":"THREE_ENEMY_KILL","is_daily":false,"chose_seed":false,"campfire_upgraded":4,"win_rate":0.0,"timestamp":1608805361,"path_taken":["M","M","?","?","?","R","E","R","T","E","R","?","E","M","R","BOSS","M","?","?","?","?","R","$","E","T","M","E"],"items_purchased_type":["Card","Card"],"build_version":"2020-12-22","purchased_purges":2,"victory":false,"max_hp_per_floor":[66,66,66,66,60,60,60,60,60,60,60,60,60,60,60,60,60,60,60,60,60,60,60,60,60,60,60,60,60],"card_choices":[{"not_picked":["Underhanded Strike","PiercingWail"],"picked":"Backflip","floor":1.0},{"not_picked":["Prepared","Blade Dance"],"picked":"Envenom","floor":2.0},{"not_picked":["Eviscerate","Night Terror"],"picked":"Slice","floor":7.0},{"not_picked":["Masterful Stab","Prepared"],"picked":"Concentrate","floor":10.0},{"not_picked":["Dagger Throw","Flying Knee","Eviscerate"],"picked":"SKIP","floor":13.0},{"not_picked":["Poisoned Stab","Bouncing Flask"],"picked":"Bane","floor":14.0},{"not_picked":["Wraith Form v2","Burst"],"picked":"Phantasmal Killer","floor":16.0},{"not_picked":["Outmaneuver","Poisoned Stab","Slice"],"picked":"SKIP","floor":18.0},{"not_picked":["Prepared+1","Accuracy"],"picked":"Tactician","floor":22.0},{"not_picked":["Outmaneuver","Phantasmal Killer","Sucker Punch"],"picked":"SKIP","floor":25},{"not_picked":["Slice","Underhanded Strike+1"],"picked":"Well Laid Plans","floor":27}],"player_experience":720707,"relics_obtained":[{"floor":7.0,"key":"Eternal Feather"},{"floor":9.0,"key":"The Courier"},{"floor":10.0,"key":"Nunchaku"},{"floor":13.0,"key":"MealTicket"},{"floor":25,"key":"Boot"}],"event_choices":[{"cards_removed":["Defend_G"],"damage_healed":0.0,"max_hp_gain":0.0,"max_hp_loss":0.0,"gold_gain":0.0,"event_name":"Golden Wing","player_choice":"Card Removal","floor":3.0,"gold_loss":0.0,"damage_taken":7.0},{"damage_healed":0.0,"max_hp_gain":0.0,"max_hp_loss":0.0,"gold_gain":0.0,"event_name":"Living Wall","player_choice":"Grow","floor":4.0,"gold_loss":0.0,"damage_taken":0.0,"cards_upgraded":["Envenom"]},{"damage_healed":0.0,"max_hp_gain":0.0,"max_hp_loss":6.0,"gold_gain":0.0,"event_name":"Golden Idol","player_choice":"Lose Max HP","floor":5.0,"gold_loss":0.0,"damage_taken":0.0,"relics_obtained":["Golden Idol"]},{"damage_healed":0.0,"max_hp_gain":0.0,"max_hp_loss":0.0,"gold_gain":0.0,"event_name":"The Mausoleum","player_choice":"Ignored","floor":19.0,"gold_loss":0.0,"damage_taken":0.0},{"cards_removed":["Strike_G"],"damage_healed":0.0,"max_hp_gain":0.0,"max_hp_loss":0.0,"gold_gain":0.0,"event_name":"Beggar","player_choice":"Gave Gold","floor":20.0,"gold_loss":75.0,"damage_taken":0.0},{"damage_healed":0.0,"max_hp_gain":0.0,"max_hp_loss":0.0,"gold_gain":0.0,"event_name":"Accursed Blacksmith","player_choice":"Rummage","floor":21.0,"gold_loss":0.0,"damage_taken":0.0,"relics_obtained":["WarpedTongs"],"cards_obtained":["Pain"]}],"is_beta":false,"boss_relics":[{"not_picked":["SlaversCollar","Snecko Eye"],"picked":"HoveringKite"}],"items_purged_floors":[12,24],"is_endless":false,"potions_floor_spawned":[7,10,14,22,25],"killed_by":"Slavers","ascension_level":20}}