{"host":"i1ibt4vxe0effuru","time":1608784419,"event":{"mods":["AchievementEnabler","BaseMod","Card Forge","Minty Spire (QoL Compilation)","Quick Restart","Shop Mod","StSLib"],"gold_per_floor":[111,127,140,105,105,130,130,130,157,183,183,215,232,232,232,304,304,320,339,355,105,105,105,138,153,180,214,231,265,277,308,308,382,382,392,172,192,192,211,237,237,237,237,271,271,284,319,335,335,335],"floor_reached":51,"playtime":973,"items_purged":[],"score":2405,"play_id":"2b6b83ba-8a9d-4a3b-a445-97b5909a702f","local_time":"20201224143339","is_ascension_mode":true,"campfire_choices":[{"floor":7,"key":"REST"},{"floor":11,"key":"REST"},{"floor":15,"key":"REST"},{"floor":23,"key":"REST"},{"floor":32,"key":"REST"},{"floor":42,"key":"REST"},{"floor":49,"key":"REST"}],"circlet_count":0,"master_deck":["AscendersBane","Skewer+1","Prepared+1","Reflex+1","Concentrate+1","Tactician+1"],"relics":["Ring of the Snake","Hammer of Thor","Seething Fire","Anvil of the Gods","PreservedInsect","MealTicket","Toxic Egg 2","Molten Egg 2","Membership Card","Bag of Preparation","Ancient Tea Set","Red Mask","Whetstone","Meat on the Bone","Toy Ornithopter","Art of War","Runic Pyramid","Centennial Puzzle","Pantograph","Bird Faced Urn","Omamori","WarpedTongs","Orichalcum","Regal Pillow"],"acts_visited":["Exordium","TheCity","TheBeyond"],"potions_floor_usage":[45],"damage_taken":[{"damage":8,"enemies":"2 Louse","floor":1,"turns":4},{"damage":0,"enemies":"Jaw Worm","floor":2,"turns":1},{"damage":0,"enemies":"Cultist","floor":3,"turns":1},{"damage":0,"enemies":"Lagavulin","floor":6,"turns":1},{"damage":0,"enemies":"3 Sentries","floor":10,"turns":1},{"damage":0,"enemies":"Gremlin Nob","floor":12,"turns":1},{"damage":0,"enemies":"Looter","floor":13,"turns":1},{"damage":0,"enemies":"Hexaghost","floor":16,"turns":1},{"damage":0,"enemies":"Chosen","floor":18,"turns":1},{"damage":0,"enemies":"Shell Parasite","floor":19,"turns":1},{"damage":0,"enemies":"Snake Plant","floor":20,"turns":1},{"damage":0,"enemies":"Masked Bandits","floor":24,"turns":1},{"damage":0,"enemies":"Cultist and Chosen","floor":25,"turns":1},{"damage":0,"enemies":"Slavers","floor":27,"turns":1},{"damage":0,"enemies":"Centurion and Healer","floor":28,"turns":1},{"damage":0,"enemies":"Book of Stabbing","floor":29,"turns":1},{"damage":0,"enemies":"Snecko","floor":30,"turns":1},{"damage":0,"enemies":"Gremlin Leader","floor":31,"turns":1},{"damage":0,"enemies":"Automaton","floor":33,"turns":1},{"damage":0,"enemies":"Orb Walker","floor":35,"turns":1},{"damage":0,"enemies":"3 Darklings","floor":37,"turns":1},{"damage":0,"enemies":"Spire Growth","floor":39,"turns":1},{"damage":0,"enemies":"Reptomancer","floor":40,"turns":1},{"damage":0,"enemies":"Giant Head","floor":44,"turns":1},{"damage":42,"enemies":"4 Shapes","floor":45,"turns":1},{"damage":35,"enemies":"Sphere and 2 Shapes","floor":46,"turns":1},{"damage":0,"enemies":"Nemesis","floor":47,"turns":1},{"damage":0,"enemies":"Maw","floor":48,"turns":1},{"damage":0,"enemies":"Awakened One","floor":50,"turns":2}],"seed_played":"8385825411534443350","potions_obtained":[{"floor":1,"key":"FearPotion"},{"floor":10,"key":"Weak Potion"},{"floor":27,"key":"SmokeBomb"}],"is_trial":false,"path_per_floor":["M","M","M","?","?","E","R","$","T","E","R","E","M","?","R","B",null,"M","M","M","$","?","R","?","M","T","E","M","E","M","E","R","B",null,"M","$","M","?","M","E","?","R","T","E","M","M","E","M","R","B",null],"character_chosen":"THE_SILENT","items_purchased":["Membership Card","Bag of Preparation","Centennial Puzzle","Pantograph"],"campfire_rested":7,"item_purchase_floors":[21,21,36,36],"current_hp_per_floor":[57,57,57,72,77,77,77,77,77,77,77,77,77,77,77,77,77,77,77,77,77,77,77,77,77,77,77,77,77,77,77,77,77,77,77,77,77,77,77,77,77,77,77,77,40,17,29,41,77,77],"gold":335,"neow_bonus":"TEN_PERCENT_HP_BONUS","is_daily":false,"chose_seed":false,"campfire_upgraded":0,"win_rate":0.0,"timestamp":1608784419,"path_taken":["M","M","M","?","?","E","R","?","T","E","R","E","M","?","R","BOSS","M","M","?","$","?","R","?","M","T","E","M","E","M","E","R","BOSS","M","$","M","?","?","E","?","R","T","E","M","M","E","M","R","BOSS"],"items_purchased_type":["Relic","Relic","Relic","Relic"],"build_version":"2020-12-22","purchased_purges":0,"victory":true,"max_hp_per_floor":[72,72,72,72,77,77,77,77,77,77,77,77,77,77,77,77,77,77,77,77,77,77,77,77,77,77,77,77,77,77,77,77,77,77,77,77,77,77,77,77,77,77,77,77,77,77,77,77,77,77],"card_choices":[{"not_picked":["Accuracy","Dagger Spray","Catalyst"],"picked":"SKIP","floor":1},{"not_picked":["Prepared","Acrobatics","Concentrate"],"picked":"SKIP","floor":2},{"not_picked":["Dagger Throw","Dodge and Roll","PiercingWail"],"picked":"SKIP","floor":3},{"not_picked":["Endless Agony","Tactician","Grand Finale"],"picked":"SKIP","floor":6},{"not_picked":["Acrobatics+1","Cloak And Dagger+1","Sucker Punch"],"picked":"SKIP","floor":10},{"not_picked":["Calculated Gamble+1","PiercingWail+1","Crippling Poison+1"],"picked":"SKIP","floor":12},{"not_picked":["Eviscerate+1","Skewer+1","Footwork"],"picked":"SKIP","floor":13},{"not_picked":["Outmaneuver+1","Flying Knee+1","Sucker Punch+1"],"picked":"SKIP","floor":18},{"not_picked":["Endless Agony+1","Outmaneuver+1","Tactician+1"],"picked":"SKIP","floor":19},{"not_picked":["Cloak And Dagger+1","Sucker Punch+1","Flechettes+1"],"picked":"SKIP","floor":20},{"not_picked":["Eviscerate+1","Deadly Poison+1","Dagger Throw+1"],"picked":"SKIP","floor":25},{"not_picked":["Finisher+1","Prepared+1","Dash+1"],"picked":"SKIP","floor":27},{"not_picked":["Wraith Form v2","Riddle With Holes+1","Bane+1"],"picked":"SKIP","floor":28},{"not_picked":["Caltrops","Reflex+1","Outmaneuver+1"],"picked":"SKIP","floor":29},{"not_picked":["Flying Knee+1","All Out Attack+1","Poisoned Stab+1"],"picked":"SKIP","floor":30},{"not_picked":["Riddle With Holes+1","Blade Dance+1","PiercingWail+1"],"picked":"SKIP","floor":31},{"not_picked":["Poisoned Stab+1","Blade Dance+1","Leg Sweep+1"],"picked":"SKIP","floor":35},{"not_picked":["Backstab+1","Cloak And Dagger+1","Slice+1"],"picked":"SKIP","floor":37},{"not_picked":["Bouncing Flask+1","Dodge and Roll+1","Blade Dance+1"],"picked":"SKIP","floor":39},{"not_picked":["Cloak And Dagger+1","Dodge and Roll+1","Crippling Poison+1"],"picked":"SKIP","floor":40},{"not_picked":["Caltrops","Glass Knife+1","Acrobatics+1"],"picked":"SKIP","floor":44},{"not_picked":["Noxious Fumes","Reflex+1","Cloak And Dagger+1"],"picked":"SKIP","floor":46},{"not_picked":["Prepared+1","PiercingWail+1","Dagger Throw+1"],"picked":"SKIP","floor":47},{"not_picked":["Dagger Throw+1","Expertise+1","Prepared+1"],"picked":"SKIP","floor":48}],"player_experience":168236,"relics_obtained":[{"floor":6,"key":"PreservedInsect"},{"floor":9,"key":"MealTicket"},{"floor":10,"key":"Toxic Egg 2"},{"floor":12,"key":"Molten Egg 2"},{"floor":24,"key":"Red Mask"},{"floor":26,"key":"Whetstone"},{"floor":27,"key":"Meat on the Bone"},{"floor":29,"key":"Toy Ornithopter"},{"floor":31,"key":"Art of War"},{"floor":40,"key":"Omamori"},{"floor":44,"key":"Orichalcum"},{"floor":47,"key":"Regal Pillow"}],"event_choices":[{"damage_healed":18,"gold_gain":0,"player_choice":"Healed","damage_taken":0,"max_hp_gain":0,"max_hp_loss":0,"event_name":"The Cleric","floor":4,"gold_loss":35},{"damage_healed":0,"gold_gain":0,"player_choice":"Donut","damage_taken":0,"max_hp_gain":5,"max_hp_loss":0,"event_name":"Big Fish","floor":5,"gold_loss":0},{"damage_healed":0,"gold_gain":0,"player_choice":"Full Heal","damage_taken":0,"max_hp_gain":0,"max_hp_loss":0,"event_name":"Wheel of Change","floor":14,"gold_loss":0},{"damage_healed":0,"gold_gain":0,"player_choice":"Opened","damage_taken":0,"relics_obtained":["Ancient Tea Set"],"max_hp_gain":0,"max_hp_loss":0,"event_name":"The Mausoleum","floor":22,"gold_loss":0,"cards_obtained":["Writhe"]},{"damage_healed":0,"gold_gain":0,"player_choice":"Fought Bandits","damage_taken":0,"max_hp_gain":0,"max_hp_loss":0,"event_name":"Masked Bandits","floor":24,"gold_loss":0},{"cards_removed":["Tactician"],"damage_healed":0,"gold_gain":0,"player_choice":"Gave Card","damage_taken":0,"relics_obtained":["Bird Faced Urn"],"max_hp_gain":0,"max_hp_loss":0,"event_name":"WeMeetAgain","floor":38,"gold_loss":0},{"damage_healed":0,"gold_gain":0,"player_choice":"Rummage","damage_taken":0,"relics_obtained":["WarpedTongs"],"max_hp_gain":0,"max_hp_loss":0,"event_name":"Accursed Blacksmith","floor":41,"gold_loss":0,"cards_obtained":["Pain"]}],"is_beta":false,"boss_relics":[{"not_picked":["Astrolabe","Cursed Key","Philosopher\u0027s Stone"]},{"not_picked":["Ring of the Serpent","Snecko Eye"],"picked":"Runic Pyramid"}],"items_purged_floors":[],"is_endless":false,"potions_floor_spawned":[1,2,10,13,19,27,28,30,33,37,40,48],"ascension_level":17}}