{"host":"wg33yb1rgt3nbe17","time":1608777469,"event":{"mods":["AchievementEnabler","BaseMod","Colored Map","Minty Spire (QoL Compilation)","Permanent Neow","Relic Stats","StSLib"],"gold_per_floor":[18,34,34,52,52,92,41,41,41,41,54,54,68,68,68,68,68],"floor_reached":16,"playtime":489,"items_purged":[],"score":190,"play_id":"230c8e95-4fcd-4487-9f4c-ecea5820781a","local_time":"20201223213749","is_ascension_mode":true,"campfire_choices":[{"floor":8,"key":"REST"},{"data":"Havoc","floor":10,"key":"SMITH"},{"floor":15,"key":"REST"}],"circlet_count":0,"master_deck":["AscendersBane","Strike_R","Strike_R","Strike_R","Strike_R","Defend_R","Defend_R","Defend_R","Defend_R","Bash","Pommel Strike","Havoc+1","Pommel Strike","Dark Embrace","Havoc+1","Entrench"],"relics":["Burning Blood","Dead Branch","Golden Idol","Bag of Preparation","StoneCalendar","Sundial"],"acts_visited":["Exordium"],"potions_floor_usage":[2,6],"damage_taken":[{"damage":15,"enemies":"Small Slimes","floor":1,"turns":3},{"damage":12,"enemies":"Jaw Worm","floor":2,"turns":3},{"damage":6,"enemies":"Cultist","floor":4,"turns":3},{"damage":27,"enemies":"3 Sentries","floor":6,"turns":8},{"damage":25,"enemies":"3 Louse","floor":11,"turns":5},{"damage":2,"enemies":"2 Fungi Beasts","floor":13,"turns":4},{"damage":37,"enemies":"Slime Boss","floor":16,"turns":4}],"seed_played":"-7563801042726295955","potions_obtained":[{"floor":1,"key":"ElixirPotion"},{"floor":2,"key":"BloodPotion"}],"is_trial":false,"path_per_floor":["M","M","?","M","?","E","$","R","T","R","M","?","M","?","R","B"],"character_chosen":"IRONCLAD","items_purchased":["Havoc"],"campfire_rested":2,"item_purchase_floors":[7],"current_hp_per_floor":[59,53,53,53,18,10,10,30,30,30,11,11,15,15,35,0,0],"gold":68,"neow_bonus":"ONE_RARE_RELIC","is_daily":false,"chose_seed":false,"campfire_upgraded":1,"win_rate":0.0,"timestamp":1608777469,"path_taken":["M","M","?","M","?","E","?","R","T","R","?","?","M","?","R","BOSS"],"items_purchased_type":["Card"],"build_version":"2020-12-22","purchased_purges":0,"victory":false,"max_hp_per_floor":[75,75,68,68,68,68,68,68,68,68,68,68,68,68,68,68,68],"relic_stats":{"counters":[7,30],"Golden Idol":18,"Sundial":[4],"Dead Branch":[57],"StoneCalendar":[0],"Bag of Preparation":[8],"obtain_stats":[{"Golden Idol":3,"Sundial":9,"Dead Branch":0,"StoneCalendar":6,"Bag of Preparation":5,"Burning Blood":0},{"Golden Idol":2,"Sundial":4,"Dead Branch":0,"StoneCalendar":4,"Bag of Preparation":3,"Burning Blood":0},{"Golden Idol":6,"Sundial":17,"Dead Branch":0,"StoneCalendar":17,"Bag of Preparation":9,"Burning Blood":0}],"Burning Blood":36},"card_choices":[{"not_picked":["Rage","Thunderclap"],"picked":"Pommel Strike","floor":1},{"not_picked":["Bloodletting","Seeing Red"],"picked":"Havoc","floor":2},{"not_picked":["Blood for Blood","Thunderclap"],"picked":"Pommel Strike","floor":4},{"not_picked":["Havoc","Thunderclap"],"picked":"Dark Embrace","floor":6},{"not_picked":["Blood for Blood","Heavy Blade","Wild Strike"],"picked":"SKIP","floor":11},{"not_picked":["Anger","Body Slam"],"picked":"Entrench","floor":13}],"player_experience":537643,"relics_obtained":[{"floor":6,"key":"StoneCalendar"},{"floor":9,"key":"Sundial"}],"event_choices":[{"damage_healed":0,"gold_gain":0,"player_choice":"Lose Max HP","damage_taken":0,"relics_obtained":["Golden Idol"],"max_hp_gain":0,"max_hp_loss":7,"event_name":"Golden Idol","floor":3,"gold_loss":0},{"damage_healed":0,"gold_gain":0,"player_choice":"Success","damage_taken":35,"relics_obtained":["Bag of Preparation"],"max_hp_gain":0,"max_hp_loss":0,"event_name":"Scrap Ooze","floor":5,"gold_loss":0},{"damage_healed":0,"gold_gain":0,"player_choice":"Grow","damage_taken":0,"max_hp_gain":0,"max_hp_loss":0,"event_name":"Living Wall","floor":12,"gold_loss":0,"cards_upgraded":["Havoc"]},{"cards_removed":["Strike_R"],"damage_healed":0,"gold_gain":0,"player_choice":"Offered Basic","damage_taken":0,"max_hp_gain":0,"max_hp_loss":0,"event_name":"Bonfire Elementals","floor":14,"gold_loss":0}],"is_beta":false,"boss_relics":[],"items_purged_floors":[],"is_endless":false,"potions_floor_spawned":[1,2],"killed_by":"Slime Boss","ascension_level":18}}