{"host":"18wi9kpcl4eah7pe","time":1608799149,"event":{"mods":["BaseMod","Colored Powertips","Downfall","Minty Spire (QoL Compilation)","StSLib"],"gold_per_floor":[99,84,84,84,84,103,151,76,95,195,217,242,242,164,183,292,292,292,315,308,336,354,354,354,77,99,99,119,137,137,159,169,270,270,270,293,24,38,48,48,48,48],"floor_reached":40,"playtime":2430,"items_purged":[],"score":407,"play_id":"4a499c07-c107-46b8-9c3a-18f1c2de9a78","local_time":"20201224023909","is_ascension_mode":false,"campfire_choices":[{"floor":1,"key":"RECALL"},{"data":"hexamod:RadiantFlame","floor":8,"key":"SMITH"},{"data":"hexamod:GhostOfSpirePresent","floor":13,"key":"SMITH"},{"data":"hexamod:HexaLevel","floor":18,"key":"SMITH"},{"floor":23,"key":"REST"},{"floor":30,"key":"REST"},{"data":"hexamod:EmpoweringStance","floor":35,"key":"SMITH"}],"circlet_count":0,"master_deck":["hexamod:Strike","hexamod:Strike","hexamod:Strike","hexamod:Strike","hexamod:Defend","hexamod:Defend","hexamod:Defend","hexamod:Defend","hexamod:Sear","hexamod:Float","hexamod:SecondSeal","hexamod:FirstSeal","hexamod:ShieldOfDarkness","hexamod:RadiantFlame+1","hexamod:GhostOfSpirePresent+1","hexamod:ThirdSeal","hexamod:DynamicBlow+1","hexamod:EmpoweringStance+1","hexamod:WildfireWeapon","hexamod:SwordOfDarkness","hexamod:RecurringNightmare","hexamod:TimeOfNeed+1","hexamod:HeatMetal","hexamod:HexaLevel+1","hexamod:SixthSeal","hexamod:SoulSteal+1","hexamod:SearingWound","hexamod:HauntingEcho+1","hexamod:SkipABeat","hexamod:ThermalTransfer","hexamod:GhostOfSpireFuture","hexamod:VolcanoVisage+1","hexamod:Incineration","hexamod:NightmareGuise+1","hexamod:SwordOfDarkness+1","hexamod:ThermalTransfer","hexamod:PowerFromBeyond","hexamod:NightmareGuise","hexamod:NecessarySacrifice+1","hexamod:Again+1","hexamod:EmpoweringStance+1","CurseOfTheBell","hexamod:ChargedBarrage","hexamod:Hexaguard+1","hexamod:BurningTouch+1","hexamod:Firestarter+1","hexamod:PowerFromBeyond","hexamod:SpectersWail"],"relics":["hexamod:SpiritBrand","Blood Vial","downfall:HeartBlessingRed","Meat on the Bone","Shuriken","Calling Bell","Pen Nib","InkBottle","Du-Vu Doll","Pantograph"],"acts_visited":["Exordium","TheCity","TheBeyond"],"potions_floor_usage":[9,19,22,22,28,29,33,36],"damage_taken":[{"damage":0,"enemies":"downfall:FleeingMerchant","floor":2,"turns":4},{"damage":0,"enemies":"Cultist","floor":5,"turns":1},{"damage":0,"enemies":"2 Louse","floor":6,"turns":5},{"damage":1,"enemies":"Jaw Worm","floor":9,"turns":2},{"damage":5,"enemies":"Large Slime","floor":11,"turns":8},{"damage":13,"enemies":"Red Slaver","floor":12,"turns":6},{"damage":9,"enemies":"downfall:FleeingMerchant","floor":14,"turns":4},{"damage":24,"enemies":"Gremlin Gang","floor":15,"turns":5},{"damage":33,"enemies":"downfall:Watcher","floor":16,"turns":10},{"damage":37,"enemies":"Shell Parasite","floor":19,"turns":7},{"damage":9,"enemies":"downfall:FleeingMerchant","floor":20,"turns":4},{"damage":37,"enemies":"Chosen","floor":21,"turns":7},{"damage":8,"enemies":"Centurion and Healer","floor":22,"turns":6},{"damage":9,"enemies":"downfall:FleeingMerchant","floor":25,"turns":4},{"damage":20,"enemies":"Snecko","floor":26,"turns":5},{"damage":25,"enemies":"3 Cultists","floor":28,"turns":5},{"damage":10,"enemies":"Cultist and Chosen","floor":29,"turns":5},{"damage":34,"enemies":"Snecko","floor":31,"turns":7},{"damage":7,"enemies":"Centurion and Healer","floor":32,"turns":5},{"damage":35,"enemies":"downfall:Ironclad","floor":33,"turns":9},{"damage":46,"enemies":"3 Darklings","floor":36,"turns":8},{"damage":19,"enemies":"downfall:FleeingMerchant","floor":37,"turns":4},{"damage":14,"enemies":"Orb Walker","floor":38,"turns":5},{"damage":50,"enemies":"Spire Growth","floor":39,"turns":7},{"damage":39,"enemies":"Jaw Worm Horde","floor":40,"turns":3}],"seed_played":"7915281879517578170","potions_obtained":[{"floor":6,"key":"Fire Potion"},{"floor":9,"key":"champ:CounterPotion"},{"floor":15,"key":"SpeedPotion"},{"floor":16,"key":"LiquidMemories"},{"floor":21,"key":"champ:CounterPotion"},{"floor":26,"key":"FairyPotion"},{"floor":27,"key":"Guardian:BlockOnCardUsePotion"},{"floor":27,"key":"SkillPotion"},{"floor":31,"key":"Explosive Potion"},{"floor":32,"key":"ColorlessPotion"}],"is_trial":false,"path_per_floor":["R","$","?","?","M","M","T","R","M","?","M","M","R","$","M","B",null,"R","M","$","M","M","R","T","$","M","?","M","M","R","M","M","B",null,"R","M","$","M","M","M"],"character_chosen":"THE_SPIRIT","items_purchased":["hexamod:RecurringNightmare","Shuriken","Pantograph"],"campfire_rested":2,"item_purchase_floors":[14,25,37],"current_hp_per_floor":[77,77,77,70,70,77,77,77,77,77,77,71,71,71,49,25,77,77,47,47,19,20,43,43,55,49,49,45,49,72,40,47,33,77,77,50,52,40,35,0,0,0],"gold":48,"neow_bonus":"TEN_PERCENT_HP_BONUS","is_daily":false,"chose_seed":false,"campfire_upgraded":4,"win_rate":0.0,"timestamp":1608799149,"path_taken":["R","?","?","?","M","M","T","R","?","?","M","M","R","$","M","BOSS","R","M","$","M","M","R","T","$","M","?","?","?","R","M","M","BOSS","R","M","$","M","M","M"],"items_purchased_type":["Card","Relic","Relic"],"build_version":"2020-12-22","purchased_purges":0,"victory":false,"max_hp_per_floor":[77,77,77,77,77,77,77,77,77,77,77,77,77,77,77,77,77,77,77,77,77,77,77,77,77,77,77,77,77,77,77,77,77,77,77,77,77,77,77,77,77,77],"card_choices":[{"not_picked":["hexamod:InspiringFlames","hexamod:Hexaguard"],"picked":"hexamod:SecondSeal","floor":2},{"not_picked":["hexamod:AdvancingGuard","hexamod:RecurringNightmare"],"picked":"hexamod:ShieldOfDarkness","floor":5},{"not_picked":["hexamod:FastForward","hexamod:NightmareGuise"],"picked":"hexamod:RadiantFlame","floor":6},{"not_picked":["hexamod:RetreatToShadows","hexamod:InspiringFlames"],"picked":"hexamod:GhostOfSpirePresent","floor":9},{"not_picked":["hexamod:SpectersWail","hexamod:GhostLash"],"picked":"hexamod:ThirdSeal","floor":11},{"not_picked":["hexamod:NightmareGuise","hexamod:NightmareStrike"],"picked":"hexamod:DynamicBlow","floor":12},{"not_picked":["hexamod:SpectralAdrenaline","hexamod:SpectersWail"],"picked":"hexamod:EmpoweringStance","floor":12},{"not_picked":["hexamod:GhostShield","hexamod:HeatCrush"],"picked":"hexamod:WildfireWeapon","floor":14},{"not_picked":["hexamod:InspiringFlames","hexamod:RainOfEmbers"],"picked":"hexamod:SwordOfDarkness","floor":14},{"not_picked":["hexamod:SpectersWail","hexamod:FastForward"],"picked":"hexamod:TimeOfNeed","floor":15},{"not_picked":["hexamod:NightmareStrike","hexamod:RadiantFlame"],"picked":"hexamod:HeatMetal","floor":15},{"not_picked":["hexamod:EmpoweringStance","hexamod:FifthSeal"],"picked":"hexamod:HexaLevel","floor":16},{"not_picked":["hexamod:ParanormalForm","hexamod:VolcanoVisage"],"picked":"hexamod:SixthSeal","floor":16},{"not_picked":["hexamod:SecondSeal","hexamod:RetreatToShadows+1"],"picked":"hexamod:SoulSteal","floor":19},{"not_picked":["hexamod:Incineration","hexamod:ShieldOfDarkness"],"picked":"hexamod:SearingWound","floor":20},{"not_picked":["hexamod:FastForward","hexamod:NightmareStrike"],"picked":"hexamod:HauntingEcho+1","floor":20},{"not_picked":["hexamod:ThirdSeal","hexamod:BurningTouch"],"picked":"hexamod:SkipABeat","floor":21},{"not_picked":["hexamod:GhostShield+1","hexamod:GhostLash+1"],"picked":"hexamod:ThermalTransfer","floor":21},{"not_picked":["hexamod:Rewind","hexamod:PowerFromBeyond"],"picked":"hexamod:GhostOfSpireFuture","floor":22},{"not_picked":["hexamod:BurningTouch","hexamod:RadiantFlame"],"picked":"hexamod:VolcanoVisage","floor":22},{"not_picked":["hexamod:Hexaguard","hexamod:EtherealExpedition+1"],"picked":"hexamod:Incineration","floor":25},{"not_picked":["hexamod:ThermalTransfer","hexamod:StepThrough"],"picked":"hexamod:NightmareGuise+1","floor":25},{"not_picked":["hexamod:GhostShield","hexamod:SpectersWail"],"picked":"hexamod:SwordOfDarkness","floor":26},{"not_picked":["hexamod:GhostShield","hexamod:SpectersWail+1"],"picked":"hexamod:ThermalTransfer","floor":28},{"not_picked":["hexamod:UnleashSpirits","hexamod:HeatCrush"],"picked":"hexamod:PowerFromBeyond","floor":29},{"not_picked":["hexamod:RainOfEmbers","hexamod:BacktrackSmack"],"picked":"hexamod:NightmareGuise","floor":31},{"not_picked":["hexamod:NightmareGuise","hexamod:GhostOfSpirePast"],"picked":"hexamod:NecessarySacrifice+1","floor":31},{"not_picked":["hexamod:RadiantFlame","hexamod:SwordOfDarkness"],"picked":"hexamod:Again+1","floor":32},{"not_picked":["hexamod:VolcanoVisage","hexamod:TimeOfNeed"],"picked":"hexamod:EmpoweringStance","floor":33},{"not_picked":["hexamod:FastForward","hexamod:RainOfEmbers+1"],"picked":"hexamod:ChargedBarrage","floor":36},{"not_picked":["hexamod:Haunt","hexamod:BacktrackSmack"],"picked":"hexamod:Hexaguard+1","floor":36},{"not_picked":["hexamod:SecondSeal","hexamod:GhostOfSpirePast"],"picked":"hexamod:BurningTouch+1","floor":37},{"not_picked":["hexamod:GhostShield","hexamod:BurningTouch"],"picked":"hexamod:Firestarter+1","floor":38},{"not_picked":["hexamod:ShieldOfDarkness","hexamod:GhostLash"],"picked":"hexamod:PowerFromBeyond","floor":39},{"not_picked":["hexamod:GhostOfSpirePast+1","hexamod:NightmareStrike"],"picked":"hexamod:SpectersWail","floor":39}],"player_experience":843111,"relics_obtained":[{"floor":7,"key":"Blood Vial"},{"floor":24,"key":"Meat on the Bone"},{"floor":34,"key":"Pen Nib"},{"floor":34,"key":"InkBottle"},{"floor":34,"key":"Du-Vu Doll"}],"event_choices":[{"damage_healed":0,"gold_gain":0,"player_choice":"Got Potions","damage_taken":0,"max_hp_gain":0,"max_hp_loss":0,"event_name":"Lab","floor":27,"gold_loss":0}],"is_beta":false,"boss_relics":[{"not_picked":["Runic Dome","Philosopher\u0027s Stone","Cursed Key"]},{"not_picked":["Coffee Dripper","hexamod:IceCube"],"picked":"Calling Bell"}],"items_purged_floors":[],"is_endless":false,"potions_floor_spawned":[6,9,15,16,21,26,31,32],"killed_by":"Jaw Worm Horde","ascension_level":0}}