{"host":"l66odvkqh04jpxx0","time":1608793365,"event":{"mods":["BaseMod","Colored Powertips","Conspire","Luminous","Minty Spire (QoL Compilation)","Replay The Spire","StSLib","The Construct","The Cursed","The Mystic","The Servant 0.9.4"],"gold_per_floor":[115,134,144,200,216,242,242,208,257,220,233,233,233,249,249,249,249],"floor_reached":16,"playtime":1858,"items_purged":[],"score":102,"play_id":"93da8050-d40e-487e-86af-a218efc68868","local_time":"20201224150245","is_ascension_mode":false,"campfire_choices":[{"floor":12,"key":"REST"},{"data":"Clothesline","floor":15,"key":"SMITH"}],"circlet_count":0,"master_deck":["Strike_R+1","Strike_R","Strike_R","Strike_R","Defend_R","Defend_R","Defend_R","Defend_R","Bash","Clothesline+1","Iron Wave","Seeing Red","Bloodletting","Cleave+1","Armaments","Armaments+1","Feed"],"relics":["Burning Blood","Eternal Feather","conspire:TopHat"],"acts_visited":["Exordium"],"potions_floor_usage":[6,16,16],"damage_taken":[{"damage":1,"enemies":"Cultist","floor":1,"turns":4},{"damage":1,"enemies":"2 Louse","floor":2,"turns":3},{"damage":0,"enemies":"Jaw Worm","floor":3,"turns":6},{"damage":19,"enemies":"Large Slime","floor":5,"turns":9},{"damage":47,"enemies":"Lagavulin","floor":6,"turns":8},{"damage":0,"enemies":"Exordium Wildlife","floor":11,"turns":3},{"damage":1,"enemies":"2 Fungi Beasts","floor":14,"turns":3},{"damage":78,"enemies":"Hexaghost","floor":16,"turns":16}],"seed_played":"-131465261571468324","potions_obtained":[{"floor":1,"key":"BloodPotion"},{"floor":3,"key":"Adrenaline Potion"},{"floor":11,"key":"PowerPotion"}],"is_trial":false,"path_per_floor":["M","M","M","?","M","E","?","$","T","$","M","R","?","M","R","B"],"character_chosen":"IRONCLAD","items_purchased":["Cleave+1","Armaments"],"campfire_rested":1,"item_purchase_floors":[8,10],"current_hp_per_floor":[80,80,80,80,67,42,42,42,42,42,48,80,64,69,78,0,0],"gold":249,"neow_bonus":"TRANSFORM_CARD","is_daily":false,"chose_seed":false,"campfire_upgraded":1,"win_rate":0.0,"timestamp":1608793365,"path_taken":["M","?","M","?","M","E","?","$","T","$","M","R","?","?","R","BOSS"],"items_purchased_type":["Card","Card"],"build_version":"2020-12-22","purchased_purges":0,"victory":false,"max_hp_per_floor":[80,80,80,80,80,80,80,80,80,80,80,80,80,80,80,80,80],"card_choices":[{"not_picked":["Blood for Blood","Cleave"],"picked":"Feel No Pain","floor":1},{"not_picked":["ReplayTheSpireMod:LeadingStrike","Twin Strike","Flex"],"picked":"SKIP","floor":2},{"not_picked":["Warcry","Flex"],"picked":"Iron Wave","floor":3},{"not_picked":["Burning Pact","Feel No Pain","Intimidate"],"picked":"SKIP","floor":5},{"not_picked":["Bloodletting","Power Through"],"picked":"Seeing Red","floor":6},{"not_picked":["Clash","ReplayTheSpireMod:Stacked","Intimidate"],"picked":"SKIP","floor":11},{"not_picked":["Perfected Strike","Intimidate"],"picked":"Feed","floor":14}],"player_experience":31821,"relics_obtained":[{"floor":6,"key":"Eternal Feather"},{"floor":9,"key":"conspire:TopHat"}],"event_choices":[{"damage_healed":0,"gold_gain":56,"player_choice":"Gained Gold","damage_taken":0,"max_hp_gain":0,"max_hp_loss":0,"event_name":"Golden Wing","floor":4,"gold_loss":0},{"damage_healed":0,"gold_gain":0,"cards_transformed":["Feel No Pain"],"player_choice":"Change","damage_taken":0,"max_hp_gain":0,"max_hp_loss":0,"event_name":"Living Wall","floor":7,"gold_loss":0,"cards_obtained":["Bloodletting"]},{"damage_healed":0,"gold_gain":0,"player_choice":"Entered Light","damage_taken":16,"max_hp_gain":0,"max_hp_loss":0,"event_name":"Shining Light","floor":13,"gold_loss":0,"cards_upgraded":["Armaments","Strike_R"]}],"is_beta":false,"boss_relics":[],"items_purged_floors":[],"is_endless":false,"potions_floor_spawned":[1,3,11],"killed_by":"Hexaghost","ascension_level":0}}