{"host":"bbld1ic1uj90ldt9","time":1608804691,"event":{"mods":["2.2 Compatiblity","AchievementEnabler","Act Like it!","BaseMod","Better Third Choice","Conspire","Downfall","Emptier Cage","Gensokyo","Hallownest","Hermit","Highlight Path","Hubris","Marisa????????","Minty Spire (QoL Compilation)","Random Character Button","Replay The Spire","StSLib","The Animator","The Bug Knight","The Cursed","The Disciple","The Hierophant","The Jungle","The Runesmith","The Servant 0.9.4"],"gold_per_floor":[115,115,130,140,70,104,104,138,188,199,232,256,276,316,316,388,388,407,424,440,459,459,459,472,472,472],"floor_reached":25,"playtime":2683,"items_purged":[],"score":352,"play_id":"8bf9fc81-85e2-4ede-8846-93283daa22ef","local_time":"20201224111131","is_ascension_mode":true,"campfire_choices":[{"data":"Neutralize","floor":7,"key":"SMITH"},{"floor":15,"key":"REST"},{"floor":23,"key":"REST"}],"circlet_count":0,"master_deck":["AscendersBane","Strike_G+1","Strike_G+1","Strike_G+1","Strike_G+1","Strike_G+1","Defend_G+1","Defend_G+1","Defend_G+1","Defend_G+1","Defend_G+1","Survivor","Neutralize+1","Toxin Wave","Deadly Poison","Flying Knee","Bane","Catalyst","Fluid Movement","Blur","Deflect","Replay:Poison Smokescreen","hubris:SlightOfHand","Leg Sweep","Corpse Explosion","Outmaneuver","Deflect","Deadly Poison","PiercingWail+1","ReplayTheSpireMod:Scrap Shanks"],"relics":["Ring of the Snake","Hallownest:StagBellRelic1","Pantograph","Girya","Omamori","Regal Pillow","Ancient Tea Set","Replay:Wax Seal","Honey Jar"],"acts_visited":["Hallownest:Greenpath","TheCity"],"potions_floor_usage":[8,10,11,13,16,21,25],"damage_taken":[{"damage":9,"enemies":"Hallownest:monsterHuskGuard","floor":1,"turns":7},{"damage":1,"enemies":"Hallownest:2_Tiktiks_and_1_Crawlid","floor":3,"turns":4},{"damage":2,"enemies":"2_ Uuma","floor":4,"turns":7},{"damage":3,"enemies":"Hallownest:eliteVengeflyKing","floor":6,"turns":8},{"damage":25,"enemies":"Hallownest:eliteCrystalGuardian","floor":8,"turns":6},{"damage":2,"enemies":"Hallownest:MossCreep_and_Mosskin","floor":10,"turns":6},{"damage":7,"enemies":"Hallownest:eliteVengeflyKing","floor":11,"turns":9},{"damage":15,"enemies":"Hallownest:1_Baldur_1_Crawlid_1_Warrior","floor":13,"turns":6},{"damage":32,"enemies":"Hallownest:BossHornet","floor":16,"turns":9},{"damage":0,"enemies":"Shell Parasite","floor":18,"turns":6},{"damage":10,"enemies":"Chosen","floor":19,"turns":7},{"damage":16,"enemies":"Snake Plant","floor":20,"turns":6},{"damage":3,"enemies":"3 Cultists","floor":21,"turns":3},{"damage":26,"enemies":"Shelled Parasite and Fungi","floor":24,"turns":6},{"damage":53,"enemies":"Gremlin Leader","floor":25,"turns":7}],"seed_played":"-2137935293404977538","potions_obtained":[{"floor":3,"key":"Strength Potion"},{"floor":6,"key":"Slimebound:ThreeZeroPotion"},{"floor":8,"key":"EssenceOfSteel"},{"floor":10,"key":"Explosive Potion"},{"floor":14,"key":"Dexterity Potion"},{"floor":16,"key":"Adrenaline Potion"},{"floor":19,"key":"Elixir"},{"floor":24,"key":"CultistPotion"}],"is_trial":false,"path_per_floor":["M","?","M","M","?","E","R","E","T","M","E","T","M","?","R","B",null,"M","M","M","M","?","R","M","E"],"character_chosen":"THE_SILENT","items_purchased":[],"campfire_rested":2,"item_purchase_floors":[],"current_hp_per_floor":[61,61,60,58,58,55,55,30,30,28,21,21,6,6,44,37,67,67,57,41,38,38,76,50,0,0],"gold":472,"neow_bonus":"TEN_PERCENT_HP_BONUS","is_daily":false,"chose_seed":false,"campfire_upgraded":1,"win_rate":0.0,"timestamp":1608804691,"path_taken":["M","?","M","M","?","E","R","E","T","M","E","?","?","?","R","BOSS","M","M","M","M","?","R","M","E"],"items_purchased_type":[],"build_version":"2020-12-22","purchased_purges":0,"victory":false,"max_hp_per_floor":[77,77,77,77,77,77,77,77,77,77,77,77,77,77,77,77,77,77,77,77,77,77,77,77,77,77],"card_choices":[{"not_picked":["Cloak And Dagger","Acrobatics"],"picked":"Toxin Wave","floor":1},{"not_picked":["hubris:SlightOfHand","Slice"],"picked":"Flying Knee","floor":3},{"not_picked":["Acrobatics","Hidden Blade"],"picked":"Bane","floor":4},{"not_picked":["Cloak And Dagger","Dagger Throw"],"picked":"Catalyst","floor":6},{"not_picked":["Sucker Punch","Finisher"],"picked":"Fluid Movement","floor":8},{"not_picked":["Bane","hubris:Counter"],"picked":"Blur","floor":10},{"not_picked":["Flechettes","Dagger Throw"],"picked":"Deflect","floor":11},{"not_picked":["Night Terror","hubris:SlightOfHand"],"picked":"Replay:Poison Smokescreen","floor":13},{"not_picked":["Sucker Punch","Escape Plan"],"picked":"hubris:SlightOfHand","floor":14},{"not_picked":["conspire:DoublingDagger","Blade Dance"],"picked":"Leg Sweep","floor":14},{"not_picked":["Envenom","After Image"],"picked":"Corpse Explosion","floor":16},{"not_picked":["Blade Dance","Backstab","Cloak And Dagger+1"],"picked":"Outmaneuver","floor":18},{"not_picked":["Heel Hook","ReplayTheSpireMod:Shiv Toss","Dagger Spray"],"picked":"Deflect","floor":19},{"not_picked":["Endless Agony","Slice","ReplayTheSpireMod:Exploit Weakness"],"picked":"Deadly Poison","floor":20},{"not_picked":["Dagger Throw","Poisoned Stab+1","Leg Sweep"],"picked":"PiercingWail+1","floor":21},{"not_picked":["Outmaneuver","Hidden Blade","hubris:SlightOfHand"],"picked":"ReplayTheSpireMod:Scrap Shanks","floor":24}],"player_experience":2152197,"relics_obtained":[{"floor":6,"key":"Pantograph"},{"floor":8,"key":"Girya"},{"floor":9,"key":"Omamori"},{"floor":11,"key":"Regal Pillow"},{"floor":12,"key":"Ancient Tea Set"},{"floor":14,"key":"Replay:Wax Seal"}],"event_choices":[{"damage_healed":0,"gold_gain":0,"player_choice":"Simplicity","damage_taken":0,"max_hp_gain":0,"max_hp_loss":10,"event_name":"betterThird:BetterWriting","floor":22,"gold_loss":0}],"is_beta":false,"boss_relics":[{"not_picked":["conspire:SlowCooker","hubris:GrandSneckoEye"],"picked":"Honey Jar"}],"items_purged_floors":[],"is_endless":false,"potions_floor_spawned":[3,6,8,10,16,19,24],"killed_by":"Gremlin Leader","ascension_level":13}}