{"host":"sav7uxregyirlf69","time":1608778761,"event":{"mods":["AchievementEnabler","BaseMod","Colored Map","DeckTracker","Keyboard Shortcuts","Minty Spire (QoL Compilation)","READ ME - Guardian Mod","StSLib","SuperFastMode"],"gold_per_floor":[110,120,120,220,237,237,256,270,295,295,310,325,79,109,109,204,204,219,238,163,198,216,216,216],"floor_reached":23,"playtime":553,"items_purged":["Strike_B"],"score":405,"play_id":"547038de-05f6-49a5-be5e-b09a5338bbae","local_time":"20201224115921","is_ascension_mode":true,"campfire_choices":[{"data":"Zap","floor":6,"key":"SMITH"},{"data":"Coolheaded","floor":10,"key":"SMITH"},{"data":"Apotheosis","floor":15,"key":"SMITH"}],"circlet_count":0,"master_deck":["AscendersBane","Strike_B","Strike_B","Strike_B","Defend_B","Defend_B","Defend_B","Zap+1","Dualcast","Hello World","Undo","Coolheaded+1","Go for the Eyes","Barrage","Apotheosis+1","BootSequence","Chaos"],"relics":["Cracked Core","Nunchaku","Oddly Smooth Stone","Orichalcum","Happy Flower","Fusion Hammer","Red Mask"],"acts_visited":["Exordium","TheCity"],"potions_floor_usage":[11,12,19,21,23],"damage_taken":[{"damage":2,"enemies":"Jaw Worm","floor":1,"turns":3},{"damage":2,"enemies":"2 Louse","floor":2,"turns":2},{"damage":0,"enemies":"Cultist","floor":5,"turns":3},{"damage":6,"enemies":"Exordium Thugs","floor":7,"turns":5},{"damage":8,"enemies":"2 Fungi Beasts","floor":8,"turns":5},{"damage":0,"enemies":"3 Louse","floor":11,"turns":4},{"damage":11,"enemies":"Exordium Thugs","floor":12,"turns":4},{"damage":0,"enemies":"Lagavulin","floor":14,"turns":6},{"damage":0,"enemies":"Hexaghost","floor":16,"turns":10},{"damage":4,"enemies":"Chosen","floor":18,"turns":4},{"damage":12,"enemies":"Shell Parasite","floor":19,"turns":3},{"damage":40,"enemies":"Masked Bandits","floor":21,"turns":4},{"damage":5,"enemies":"Centurion and Healer","floor":22,"turns":9},{"damage":29,"enemies":"Slavers","floor":23,"turns":3}],"seed_played":"5106939840338391403","potions_obtained":[{"floor":1,"key":"Fire Potion"},{"floor":5,"key":"SteroidPotion"},{"floor":8,"key":"SmokeBomb"},{"floor":11,"key":"Strength Potion"},{"floor":14,"key":"DistilledChaos"},{"floor":18,"key":"ColorlessPotion"},{"floor":21,"key":"FairyPotion"}],"is_trial":false,"path_per_floor":["M","M","?","?","M","R","M","M","T","R","M","M","$","E","R","B",null,"M","M","?","?","M","E"],"character_chosen":"DEFECT","items_purchased":["Apotheosis"],"campfire_rested":0,"item_purchase_floors":[13],"current_hp_per_floor":[66,64,61,61,61,61,55,47,47,47,47,36,36,36,36,36,65,61,49,49,9,4,0,0],"gold":216,"neow_bonus":"RANDOM_COMMON_RELIC","is_daily":false,"chose_seed":false,"campfire_upgraded":3,"win_rate":0.0,"timestamp":1608778761,"path_taken":["M","M","?","?","M","R","M","M","T","R","M","?","?","E","R","BOSS","M","M","?","?","M","E"],"items_purchased_type":["Card"],"build_version":"2020-12-22","purchased_purges":1,"victory":false,"max_hp_per_floor":[75,75,75,75,75,75,75,75,75,75,75,75,75,75,75,75,75,75,75,75,75,75,75,75],"card_choices":[{"not_picked":["Steam","Stack"],"picked":"Hello World","floor":1},{"not_picked":["Redo","Double Energy","Doom and Gloom"],"picked":"SKIP","floor":2},{"not_picked":["Steam Power","Beam Cell"],"picked":"Undo","floor":5},{"not_picked":["Blizzard","Redo","Scrape"],"picked":"SKIP","floor":7},{"not_picked":["Barrage","Rip and Tear"],"picked":"Coolheaded","floor":8},{"not_picked":["Genetic Algorithm","Stack"],"picked":"Go for the Eyes","floor":11},{"not_picked":["Beam Cell","Melter"],"picked":"Barrage","floor":12},{"not_picked":["Barrage","Steam","Beam Cell"],"picked":"SKIP","floor":14},{"not_picked":["Coolheaded","Compile Driver","Undo"],"picked":"SKIP","floor":18},{"not_picked":["Coolheaded","Compile Driver","Undo"],"picked":"SKIP","floor":18},{"not_picked":["Go for the Eyes","Beam Cell"],"picked":"BootSequence","floor":19},{"not_picked":["Turbo","Redo+1"],"picked":"Chaos","floor":21},{"not_picked":["Auto Shields","Scrape","Beam Cell"],"picked":"SKIP","floor":22}],"player_experience":996381,"relics_obtained":[{"floor":9,"key":"Orichalcum"},{"floor":14,"key":"Happy Flower"},{"floor":21,"key":"Red Mask"}],"event_choices":[{"damage_healed":0,"gold_gain":0,"player_choice":"Success","damage_taken":3,"relics_obtained":["Oddly Smooth Stone"],"max_hp_gain":0,"max_hp_loss":0,"event_name":"Scrap Ooze","floor":3,"gold_loss":0},{"damage_healed":0,"gold_gain":100,"player_choice":"Pray","damage_taken":0,"max_hp_gain":0,"max_hp_loss":0,"event_name":"Golden Shrine","floor":4,"gold_loss":0},{"cards_removed":["Defend_B"],"damage_healed":0,"gold_gain":0,"player_choice":"Gave Gold","damage_taken":0,"max_hp_gain":0,"max_hp_loss":0,"event_name":"Beggar","floor":20,"gold_loss":75},{"damage_healed":0,"gold_gain":0,"player_choice":"Fought Bandits","damage_taken":0,"max_hp_gain":0,"max_hp_loss":0,"event_name":"Masked Bandits","floor":21,"gold_loss":0}],"is_beta":false,"boss_relics":[{"not_picked":["Nuclear Battery","Tiny House"],"picked":"Fusion Hammer"}],"items_purged_floors":[13],"is_endless":false,"potions_floor_spawned":[1,5,8,11,14,18,21],"killed_by":"Slavers","ascension_level":10}}