{"host":"r53pw7z744tg3fxg","time":1608841093,"event":{"mods":["AchievementEnabler","BaseMod","Colored Map","Colored Powertips","Highlight Path","Minty Spire (QoL Compilation)","Quick Restart","Transform Curses"],"gold_per_floor":[119,138,166,15,38,38,74,98,98,132,132,132,132,156,156,269,269,288,37,46,68,77,77,77,113,113,113,134,154,173,173,173,286,286,309,318,332,332,332,376,396,396,396,437,10,10,64,64,64],"floor_reached":48,"playtime":3496,"items_purged":[],"score":860,"play_id":"640481a5-2425-4012-879e-356e347aa70c","local_time":"20201224131813","is_ascension_mode":true,"campfire_choices":[{"floor":6.0,"key":"REST"},{"floor":13.0,"key":"REST"},{"data":"Eruption","floor":15.0,"key":"SMITH"},{"floor":23.0,"key":"REST"},{"floor":27.0,"key":"REST"},{"data":"ForeignInfluence","floor":32.0,"key":"SMITH"},{"floor":42.0,"key":"REST"},{"floor":46,"key":"REST"}],"circlet_count":0,"master_deck":["Strike_P","Strike_P","Strike_P","Strike_P","Defend_P","Defend_P","Defend_P","Defend_P","Eruption+1","Vigilance","BowlingBash","BattleHymn","WheelKick","PathToVictory","Evaluate","Wallop","EmptyFist","Wish","FearNoEvil","Necronomicurse","FollowUp+1","RitualDagger","ThirdEye","SandsOfTime","FlurryOfBlows","ForeignInfluence+1","DevaForm","ClearTheMind+1","Discovery","Swivel+1","TalkToTheHand+1"],"relics":["PureWater","CeramicFish","Sling","Ancient Tea Set","The Courier","Yang","Question Card","Snecko Eye","Pen Nib","Happy Flower","Necronomicon","Letter Opener","Omamori","SlaversCollar","Oddly Smooth Stone","Sundial","Akabeko","Blood Vial","Mummified Hand","Bag of Marbles","Anchor"],"acts_visited":["Exordium","TheCity","TheBeyond"],"potions_floor_usage":[48],"damage_taken":[{"damage":4.0,"enemies":"Jaw Worm","floor":1.0,"turns":4.0},{"damage":0.0,"enemies":"Small Slimes","floor":2.0,"turns":2.0},{"damage":0.0,"enemies":"2 Louse","floor":3.0,"turns":2.0},{"damage":15.0,"enemies":"Exordium Wildlife","floor":5.0,"turns":5.0},{"damage":31.0,"enemies":"Lagavulin","floor":7.0,"turns":6.0},{"damage":5.0,"enemies":"Large Slime","floor":8.0,"turns":4.0},{"damage":2.0,"enemies":"3 Sentries","floor":10.0,"turns":4.0},{"damage":8.0,"enemies":"Blue Slaver","floor":14.0,"turns":2.0},{"damage":0.0,"enemies":"Slime Boss","floor":16.0,"turns":5.0},{"damage":11.0,"enemies":"Spheric Guardian","floor":18.0,"turns":3.0},{"damage":19.0,"enemies":"3 Byrds","floor":21.0,"turns":4.0},{"damage":0.0,"enemies":"Gremlin Leader","floor":25.0,"turns":3.0},{"damage":0.0,"enemies":"Centurion and Healer","floor":28.0,"turns":3.0},{"damage":0.0,"enemies":"3 Cultists","floor":29.0,"turns":2.0},{"damage":12.0,"enemies":"Snake Plant","floor":30.0,"turns":2.0},{"damage":63.0,"enemies":"Collector","floor":33.0,"turns":6.0},{"damage":23.0,"enemies":"3 Darklings","floor":35.0,"turns":3.0},{"damage":20.0,"enemies":"Orb Walker","floor":37.0,"turns":4.0},{"damage":13.0,"enemies":"Giant Head","floor":40.0,"turns":5.0},{"damage":4.0,"enemies":"Jaw Worm Horde","floor":41.0,"turns":2.0},{"damage":12,"enemies":"Reptomancer","floor":44,"turns":4},{"damage":48,"enemies":"2 Orb Walkers","floor":48,"turns":5}],"seed_played":"-3630699214059738052","potions_obtained":[{"floor":5.0,"key":"LiquidBronze"},{"floor":7.0,"key":"Fire Potion"},{"floor":10.0,"key":"StancePotion"},{"floor":21.0,"key":"Explosive Potion"},{"floor":30.0,"key":"LiquidBronze"},{"floor":33.0,"key":"ColorlessPotion"},{"floor":37.0,"key":"GamblersBrew"},{"floor":44,"key":"Energy Potion"}],"is_trial":false,"path_per_floor":["M","M","M","$","M","R","E","M","T","E","?","?","R","M","R","B",null,"M","$","?","M","?","R","?","E","T","R","M","M","M","?","R","B",null,"M","?","M","?","?","E","M","R","T","E","$","R","T","?"],"character_chosen":"WATCHER","items_purchased":["Sling","Pen Nib","Happy Flower","Blood Vial","Mummified Hand","Bag of Marbles"],"campfire_rested":6,"item_purchase_floors":[4,19,19,45,45,45],"current_hp_per_floor":[61,61,61,61,46,67,36,31,31,29,17,41,62,54,54,54,68,57,57,41,22,16,37,37,37,37,58,58,58,46,70,70,7,56,33,33,13,13,31,18,14,35,35,23,23,44,44,0,0],"gold":64,"neow_bonus":"RANDOM_COMMON_RELIC","is_daily":false,"chose_seed":false,"campfire_upgraded":2,"win_rate":0.0,"timestamp":1608841093,"path_taken":["M","M","M","$","M","R","E","M","T","E","?","?","R","M","R","BOSS","M","$","?","M","?","R","?","E","T","R","M","M","M","?","R","BOSS","M","?","M","?","?","E","M","R","T","E","?","R","?","?"],"items_purchased_type":["Relic","Relic","Relic","Relic","Relic","Relic"],"build_version":"2020-12-22","purchased_purges":0,"victory":false,"max_hp_per_floor":[72,72,72,72,72,72,72,72,72,72,72,72,72,72,72,72,72,72,72,72,72,72,72,72,72,72,72,72,72,72,72,72,72,72,72,72,72,72,72,72,72,72,72,72,72,72,72,72,72],"card_choices":[{"not_picked":["Crescendo","FlyingSleeves"],"picked":"BowlingBash","floor":1.0},{"not_picked":["Pray","CrushJoints"],"picked":"BattleHymn","floor":2.0},{"not_picked":["Consecrate","EmptyFist"],"picked":"WheelKick","floor":3.0},{"not_picked":["ClearTheMind","Protect"],"picked":"PathToVictory","floor":5.0},{"not_picked":["SashWhip","Halt"],"picked":"Evaluate","floor":7.0},{"not_picked":["CutThroughFate","FlurryOfBlows"],"picked":"Wallop","floor":8.0},{"not_picked":["Crescendo","MentalFortress"],"picked":"Devotion","floor":10.0},{"not_picked":["SandsOfTime","Crescendo","Evaluate"],"picked":"EmptyFist","floor":14.0},{"not_picked":["Devotion","Establishment","DevaForm"],"picked":"Wish","floor":16.0},{"not_picked":["SashWhip","Perseverance","Wallop+1"],"picked":"FearNoEvil","floor":18.0},{"not_picked":["CrushJoints+1","JustLucky","ClearTheMind+1"],"picked":"FollowUp+1","floor":21.0},{"not_picked":["Vengeance","Protect","CutThroughFate"],"picked":"ThirdEye","floor":25.0},{"not_picked":["MentalFortress","Nirvana","Collect+1"],"picked":"SandsOfTime","floor":28.0},{"not_picked":["SandsOfTime","WindmillStrike","BattleHymn"],"picked":"FlurryOfBlows","floor":29.0},{"not_picked":["SandsOfTime","FlurryOfBlows+1","CrushJoints"],"picked":"ForeignInfluence","floor":30.0},{"not_picked":["Blasphemy","Scrawl","Establishment"],"picked":"DevaForm","floor":33.0},{"not_picked":["Tantrum+1","Indignation","Crescendo"],"picked":"ClearTheMind+1","floor":35.0},{"not_picked":["Impatience","Jack Of All Trades","Madness"],"picked":"Discovery","floor":36.0},{"not_picked":["EmptyFist+1","SashWhip","WaveOfTheHand+1","FlyingSleeves+1"],"picked":"SKIP","floor":37.0},{"not_picked":["Crescendo","Halt+1","Conclude+1"],"picked":"Swivel+1","floor":40.0},{"not_picked":["PathToVictory","Crescendo","SashWhip","CrushJoints+1"],"picked":"SKIP","floor":41.0},{"not_picked":["Protect+1","FlurryOfBlows","SashWhip"],"picked":"TalkToTheHand+1","floor":44}],"player_experience":1144148,"relics_obtained":[{"floor":7.0,"key":"Ancient Tea Set"},{"floor":9.0,"key":"The Courier"},{"floor":10.0,"key":"Yang"},{"floor":20.0,"key":"Necronomicon"},{"floor":25.0,"key":"Letter Opener"},{"floor":26.0,"key":"Omamori"},{"floor":40.0,"key":"Oddly Smooth Stone"},{"floor":43.0,"key":"Sundial"},{"floor":44,"key":"Akabeko"},{"floor":47,"key":"Anchor"}],"event_choices":[{"damage_healed":0.0,"max_hp_gain":0.0,"max_hp_loss":0.0,"gold_gain":0.0,"event_name":"Scrap Ooze","player_choice":"Success","floor":11.0,"gold_loss":0.0,"damage_taken":12.0,"relics_obtained":["Question Card"]},{"damage_healed":24.0,"max_hp_gain":0.0,"max_hp_loss":0.0,"gold_gain":0.0,"event_name":"Big Fish","player_choice":"Banana","floor":12.0,"gold_loss":0.0,"damage_taken":0.0},{"damage_healed":0.0,"max_hp_gain":0.0,"max_hp_loss":0.0,"gold_gain":0.0,"event_name":"Cursed Tome","player_choice":"Obtained Book","floor":20.0,"gold_loss":0.0,"damage_taken":16.0},{"damage_healed":0.0,"max_hp_gain":0.0,"max_hp_loss":0.0,"gold_gain":0.0,"event_name":"Nest","player_choice":"Joined the Cult","floor":22.0,"gold_loss":0.0,"damage_taken":6.0,"cards_obtained":["RitualDagger"]},{"damage_healed":0.0,"max_hp_gain":0.0,"max_hp_loss":0.0,"gold_gain":0.0,"event_name":"Beggar","player_choice":"Ignored","floor":24.0,"gold_loss":0.0,"damage_taken":0.0},{"damage_healed":24.0,"max_hp_gain":0.0,"max_hp_loss":0.0,"gold_gain":0.0,"event_name":"The Library","player_choice":"Heal","floor":31.0,"gold_loss":0.0,"damage_taken":0.0},{"damage_healed":0.0,"max_hp_gain":0.0,"max_hp_loss":0.0,"gold_gain":0.0,"event_name":"SensoryStone","player_choice":"Memory 1","floor":36.0,"gold_loss":0.0,"damage_taken":0.0},{"cards_removed":["Devotion"],"damage_healed":0.0,"max_hp_gain":0.0,"max_hp_loss":0.0,"gold_gain":0.0,"event_name":"Falling","player_choice":"Removed Power","floor":38.0,"gold_loss":0.0,"damage_taken":0.0},{"damage_healed":18.0,"max_hp_gain":0.0,"max_hp_loss":0.0,"gold_gain":0.0,"event_name":"Winding Halls","player_choice":"Writhe","floor":39.0,"gold_loss":0.0,"damage_taken":0.0,"cards_obtained":["Writhe"]},{"damage_healed":0,"gold_gain":0,"player_choice":"Fight","damage_taken":0,"max_hp_gain":0,"max_hp_loss":0,"event_name":"Mysterious Sphere","floor":48,"gold_loss":0}],"is_beta":false,"boss_relics":[{"not_picked":["Velvet Choker","Busted Crown"],"picked":"Snecko Eye"},{"not_picked":["Empty Cage","Fusion Hammer"],"picked":"SlaversCollar"}],"items_purged_floors":[],"is_endless":false,"potions_floor_spawned":[5,7,10,21,30,33,37,44],"killed_by":"2 Orb Walkers","ascension_level":9}}