{"host":"f5ezd1v29dtbwkzo","time":1608833167,"event":{"mods":["2.2 Compatiblity","BaseMod","Hermit","Minty Spire (QoL Compilation)","Rare Cards Sparkle","Replay The Spire","StSLib"],"gold_per_floor":[210,224,399,399,399,399,414,414,439,452,471,471,471,481,545,644,644,663,663,663,676,690,690,708,739,765,785,785,785,800,814,814,910,910,921,795,805,805,805],"floor_reached":38,"playtime":6045,"items_purged":[],"score":415,"play_id":"3a9ddb06-6933-45dd-8db7-4c6412afcc6b","local_time":"20201224210607","is_ascension_mode":false,"campfire_choices":[{"data":"Replay:Undeath\u0027s Touch","floor":6,"key":"SMITH"},{"data":"Bash","floor":6,"key":"SMITH"},{"data":"Run Through","floor":8,"key":"SMITH"},{"data":"Strike_R","floor":8,"key":"SMITH"},{"floor":13,"key":"REST"},{"data":"Bite","floor":23,"key":"SMITH"},{"data":"Bite","floor":23,"key":"SMITH"},{"floor":28,"key":"REST"},{"floor":32,"key":"REST"}],"circlet_count":0,"master_deck":["Defend_R+1","Defend_R","Defend_R","Defend_R","Burning Pact","Replay:Undeath\u0027s Touch+1","Doubt","Run Through+1","Fire Breathing+1","Bludgeon","Hallucinations","Replay:Hysterical Blindness","Overencumbered","Bite+1","Bite+1","Bite","Bite","Bite","Second Wind","Armaments+1","Power Through+1","Reaper","Dual Wield+1","Defy Death"],"relics":["Replay:Wanted Poster","Replay:Arrowhead","King of Hearts","Replay:Ancient Bell","Pet Ghost","Quantum Egg","Ice Cream","Bronze Scales","Ancient Tea Set","Empty Cage"],"acts_visited":["Exordium","TheCity","TheBeyond"],"potions_floor_usage":[16,24,27,33,33,33,38,38],"damage_taken":[{"damage":0,"enemies":"2 Louse","floor":1,"turns":2},{"damage":1,"enemies":"Small Slimes","floor":2,"turns":4},{"damage":8,"enemies":"Jaw Worm","floor":7,"turns":3},{"damage":0,"enemies":"Looter","floor":10,"turns":3},{"damage":6,"enemies":"Lots of Slimes","floor":11,"turns":5},{"damage":2,"enemies":"Large Slime","floor":14,"turns":5},{"damage":54,"enemies":"The Guardian","floor":16,"turns":14},{"damage":19,"enemies":"3 Byrds","floor":18,"turns":5},{"damage":17,"enemies":"Shell Parasite","floor":21,"turns":4},{"damage":24,"enemies":"Snake Plant","floor":22,"turns":5},{"damage":17,"enemies":"Sentry and Sphere","floor":24,"turns":5},{"damage":10,"enemies":"Replay:Snechameleon","floor":25,"turns":7},{"damage":35,"enemies":"Shelled Parasite and Fungi","floor":27,"turns":5},{"damage":5,"enemies":"3 Cultists","floor":30,"turns":4},{"damage":8,"enemies":"Chosen and Byrds","floor":31,"turns":5},{"damage":64,"enemies":"Champ","floor":33,"turns":13},{"damage":28,"enemies":"3 Darklings","floor":35,"turns":4},{"damage":13,"enemies":"3 Shapes","floor":37,"turns":5},{"damage":82,"enemies":"Maw","floor":38,"turns":8}],"seed_played":"172848295971560169","potions_obtained":[{"floor":1,"key":"Venom Potion"},{"floor":2,"key":"Fire Potion"},{"floor":10,"key":"Fire Potion"},{"floor":16,"key":"HeartOfIron"},{"floor":27,"key":"Dexterity Potion"},{"floor":31,"key":"Weak Potion"},{"floor":37,"key":"Dexterity Potion"}],"is_trial":false,"path_per_floor":["M","M","?","?","T","R","M","R","T","M","M","?","R","M","R","B",null,"M","?","?","M","M","R","M","E","T","M","R","?","M","M","R","B",null,"M","$","M","M"],"character_chosen":"IRONCLAD","items_purchased":["PowerPotion","Defy Death"],"campfire_rested":3,"item_purchase_floors":[36,36],"current_hp_per_floor":[80,79,79,63,63,63,55,55,55,55,49,49,73,71,71,17,80,61,61,56,45,33,33,24,31,31,10,26,26,34,39,55,19,56,48,48,50,0,0],"gold":805,"neow_bonus":"BOSS_RELIC","is_daily":false,"chose_seed":false,"campfire_upgraded":6,"win_rate":0.0,"timestamp":1608833167,"path_taken":["M","M","?","?","?","R","M","R","T","M","M","?","R","?","R","BOSS","M","?","?","M","M","R","M","E","T","M","R","?","?","M","R","BOSS","M","$","M","M"],"items_purchased_type":["Potion","Card"],"build_version":"2020-12-22","purchased_purges":0,"victory":false,"max_hp_per_floor":[80,80,80,80,80,80,80,80,80,80,80,80,80,80,80,80,80,80,80,56,56,56,56,56,56,56,56,56,56,56,56,56,56,56,56,56,56,56,56],"card_choices":[{"not_picked":["Sword Boomerang","Rupture"],"picked":"Burning Pact","floor":1},{"not_picked":["ReplayTheSpireMod:Stacked","Clash"],"picked":"Replay:Undeath\u0027s Touch","floor":2},{"not_picked":["Massacre","Heavy Blade"],"picked":"Run Through","floor":7},{"not_picked":["Flex","Rage"],"picked":"Sword Boomerang","floor":10},{"not_picked":["Run Through","Immolate"],"picked":"Fire Breathing","floor":11},{"not_picked":["Run Through","Headbutt","Twin Strike"],"picked":"SKIP","floor":14},{"not_picked":["Hemogenesis","Exhume"],"picked":"Bludgeon","floor":16},{"not_picked":["Delirium","Normality"],"picked":"Hallucinations","floor":17},{"not_picked":["Amnesia","Delirium"],"picked":"Replay:Hysterical Blindness","floor":17},{"not_picked":["Delirium","ReplayTheSpireMod:Restless Dread"],"picked":"Overencumbered","floor":17},{"not_picked":["Limit Break","Wild Strike","Sword Boomerang"],"picked":"SKIP","floor":18},{"not_picked":["Body Slam","Heavy Blade"],"picked":"Second Wind","floor":21},{"not_picked":["Whirlwind","Clothesline","Run Through"],"picked":"SKIP","floor":22},{"not_picked":["Abandon","Carnage"],"picked":"Armaments+1","floor":24},{"not_picked":["Body Slam","Rupture","True Grit"],"picked":"SKIP","floor":25},{"not_picked":["Dropkick","Armaments+1","Flex"],"picked":"SKIP","floor":27},{"not_picked":["Carnage","Impervious"],"picked":"Power Through+1","floor":30},{"not_picked":["Massacre","Flex","Anger"],"picked":"SKIP","floor":31},{"not_picked":["Demonic Infusion","Berserk"],"picked":"Reaper","floor":33},{"not_picked":["Clothesline+1","Sword Boomerang+1"],"picked":"Dual Wield+1","floor":35},{"not_picked":["Replay:Undeath\u0027s Touch","Sword Boomerang+1","Dropkick"],"picked":"SKIP","floor":37}],"player_experience":273388,"relics_obtained":[{"floor":5,"key":"Replay:Arrowhead"},{"floor":9,"key":"King of Hearts"},{"floor":25,"key":"Bronze Scales"},{"floor":26,"key":"Ancient Tea Set"}],"event_choices":[{"damage_healed":0,"gold_gain":175,"player_choice":"AGREE","damage_taken":0,"max_hp_gain":0,"max_hp_loss":0,"event_name":"Liars Game","floor":3,"gold_loss":0,"cards_obtained":["Doubt"]},{"damage_healed":0,"gold_gain":0,"player_choice":"Entered Light","damage_taken":16,"max_hp_gain":0,"max_hp_loss":0,"event_name":"Shining Light","floor":4,"gold_loss":0,"cards_upgraded":["Strike_R","Defend_R"]},{"damage_healed":0,"gold_gain":0,"player_choice":"Ignored","damage_taken":0,"max_hp_gain":0,"max_hp_loss":0,"event_name":"Fountain of Cleansing","floor":12,"gold_loss":0},{"damage_healed":0,"gold_gain":0,"player_choice":"Ignored","damage_taken":0,"max_hp_gain":0,"max_hp_loss":0,"event_name":"Ghosts","floor":19,"gold_loss":0},{"damage_healed":0,"gold_gain":0,"player_choice":"Became a vampire","damage_taken":0,"max_hp_gain":0,"max_hp_loss":24,"event_name":"Vampires","floor":20,"gold_loss":0,"cards_obtained":["Bite","Bite","Bite","Bite","Bite"]},{"damage_healed":0,"gold_gain":0,"player_choice":"Upgraded","damage_taken":0,"max_hp_gain":0,"max_hp_loss":0,"event_name":"Upgrade Shrine","floor":29,"gold_loss":0,"cards_upgraded":["Fire Breathing"]}],"is_beta":false,"boss_relics":[{"not_picked":["Fusion Hammer","Runic Dome"],"picked":"Replay:Ancient Bell"},{"not_picked":["ReplayFunnel","Nunchaku"],"picked":"Pet Ghost"},{"not_picked":["Meat on the Bone","Snack Pack"],"picked":"Quantum Egg"},{"not_picked":["Turnip","Peace Pipe"],"picked":"Ice Cream"},{"not_picked":["Runic Cube","Runic Pyramid"],"picked":"Empty Cage"}],"items_purged_floors":[],"is_endless":false,"potions_floor_spawned":[1,2,10,11,16,18,21,27,31,37],"killed_by":"Maw","ascension_level":0}}