{"host":"an6uhul3yec8m0jh","time":1608802006,"event":{"mods":["ATMod(°¢èªMod)","Act Like it!","BaseMod","Colored Map","Colored Powertips","Highlight Path","Minty Spire (QoL Compilation)","MostiFishMod","Quick Restart","StSLib","TestMod","UnlockEverythingMod","Waifu the Spire","noobMod"],"gold_per_floor":[115,128,140,150,163,163,163,163,217,230,248,279,298,323,323,397,397,397,397],"floor_reached":18,"playtime":869,"items_purged":[],"score":352,"play_id":"cef69428-128a-4e2f-96d7-417b076f7e7f","local_time":"20201224172646","is_ascension_mode":true,"campfire_choices":[{"data":"AT_BodySlamDance","floor":6.0,"key":"SMITH"},{"data":"AT_StudyProgram","floor":8.0,"key":"SMITH"},{"floor":15.0,"key":"REST"}],"circlet_count":0,"master_deck":["AscendersBane","Strike_B","Strike_B","Strike_B","Strike_B","Defend_B","Defend_B","Defend_B","Defend_B","Zap","Dualcast","AT_BodySlamDance+1","MostiFishMod:GoodWordForIt+1","AT_StudyProgram+1","Heatsinks+1","AT_ThreeBodyProblem","Echo Form","Hologram","Turbo","MostiFishMod:IntelligentEquipment"],"relics":["Cracked Core","ice","DaveBox","testmod-TestBox","AT_ATBox","BirthdayGift-Tetrahedron","testmod-GiftOfSatan","SynthV:TestCard","Potion Belt","testmod-DragonStarHat","Orichalcum","testmod-StringDisintegrator"],"acts_visited":["Exordium","TheCity"],"potions_floor_usage":[],"damage_taken":[{"damage":3.0,"enemies":"Jaw Worm","floor":1.0,"turns":2.0},{"damage":2.0,"enemies":"Small Slimes","floor":2.0,"turns":2.0},{"damage":0.0,"enemies":"2 Louse","floor":3.0,"turns":1.0},{"damage":0.0,"enemies":"Looter","floor":4.0,"turns":1.0},{"damage":3.0,"enemies":"Gremlin Gang","floor":5.0,"turns":2.0},{"damage":0.0,"enemies":"Exordium Thugs","floor":10.0,"turns":1.0},{"damage":2.0,"enemies":"Large Slime","floor":11.0,"turns":2.0},{"damage":19.0,"enemies":"Lagavulin","floor":12.0,"turns":4.0},{"damage":0.0,"enemies":"2 Fungi Beasts","floor":13.0,"turns":1.0},{"damage":12.0,"enemies":"Gremlin Nob","floor":14.0,"turns":3.0},{"damage":13.0,"enemies":"Hexaghost","floor":16.0,"turns":6.0},{"damage":0,"enemies":"Chosen","floor":18,"turns":1}],"seed_played":"-2564374891858688483","potions_obtained":[{"floor":1.0,"key":"SpeedPotion"},{"floor":5.0,"key":"SteroidPotion"},{"floor":10.0,"key":"Weak Potion"},{"floor":12.0,"key":"PotionOfCapacity"}],"is_trial":false,"path_per_floor":["M","M","M","M","M","R","?","R","T","M","M","E","M","E","R","B",null,"M"],"character_chosen":"DEFECT","items_purchased":[],"campfire_rested":1,"item_purchase_floors":[],"current_hp_per_floor":[61,65,65,72,78,78,54,54,54,54,52,33,33,21,45,86,86,86,86],"gold":397,"neow_bonus":"ONE_RANDOM_RARE_CARD","is_daily":false,"chose_seed":false,"campfire_upgraded":2,"win_rate":0.0,"timestamp":1608802006,"path_taken":["M","M","M","M","M","R","?","R","T","M","M","E","M","E","R","BOSS","M"],"items_purchased_type":[],"build_version":"2020-12-22","purchased_purges":0,"victory":false,"max_hp_per_floor":[71,76,76,76,81,81,81,81,81,81,81,81,81,81,81,86,86,86,86],"card_choices":[{"not_picked":["Loop","Streamline","MostiFishMod:PushDownKick"],"picked":"SKIP","floor":1.0},{"not_picked":["FTL","Coolheaded","Turbo","Beam Cell"],"picked":"AT_StudyProgram","floor":2.0},{"not_picked":["Redo","Barrage","Reinforced Body","Electrodynamics","Chaos"],"picked":"SKIP","floor":3.0},{"not_picked":["Chaos","Rebound","Streamline","Barrage","Beam Cell"],"picked":"SKIP","floor":4.0},{"not_picked":["Chaos","Rebound","Streamline","Barrage","Beam Cell"],"picked":"SKIP","floor":4.0},{"not_picked":["Streamline","Compile Driver","AT_StudyProgram","MostiFishMod:TalkingToTheRain"],"picked":"Heatsinks","floor":5.0},{"not_picked":["Tempest","Conserve Battery","Redo","Melter","Rebound"],"picked":"SKIP","floor":10.0},{"not_picked":["Ball Lightning","Go for the Eyes","Cold Snap","Darkness"],"picked":"AT_ThreeBodyProblem","floor":11.0},{"not_picked":["Hologram","Streamline","Sweeping Beam","Gash"],"picked":"Echo Form","floor":12.0},{"not_picked":["MostiFishMod:GatherIntelligence","Streamline","AT_WarpDrive","Steam"],"picked":"Hologram","floor":13.0},{"not_picked":["AT_RobotInSpace","Undo","Gash","Ball Lightning"],"picked":"Turbo","floor":14.0},{"not_picked":["Rainbow","Amplify","MostiFishMod:IceShield","MostiFishMod:TalkingToTheRain"],"picked":"MostiFishMod:IntelligentEquipment","floor":16.0}],"player_experience":165705,"relics_obtained":[{"floor":1.0,"key":"SynthV:TestCard"},{"floor":9.0,"key":"Potion Belt"},{"floor":12.0,"key":"testmod-DragonStarHat"},{"floor":14.0,"key":"Orichalcum"}],"event_choices":[{"damage_healed":0.0,"max_hp_gain":0.0,"max_hp_loss":0.0,"gold_gain":0.0,"event_name":"Shining Light","player_choice":"Entered Light","floor":7.0,"gold_loss":0.0,"damage_taken":24.0,"cards_upgraded":["Heatsinks","MostiFishMod:GoodWordForIt"]}],"is_beta":false,"boss_relics":[{"not_picked":["Astrolabe","RhineFirstAidKit"],"picked":"testmod-StringDisintegrator"}],"items_purged_floors":[],"is_endless":false,"potions_floor_spawned":[1,5,10,12],"killed_by":"Chosen","ascension_level":20}}