{"host":"qwv9nni2x0umspiu","time":1608787389,"event":{"mods":["BaseMod","Downfall","Minty Spire (QoL Compilation)","Replay The Spire","StSLib","The Hierophant","Wandering Minibosses"],"gold_per_floor":[118,43,43,43,61,93,103,95,171,178,158,158],"floor_reached":11,"playtime":420,"items_purged":[],"score":200,"play_id":"c4762545-f446-4715-bd37-cd19db7a0ff0","local_time":"20201223212309","is_ascension_mode":true,"campfire_choices":[],"circlet_count":0,"master_deck":["AscendersBane","hierophant:Strike_Hierophant","hierophant:Strike_Hierophant","hierophant:Punish","hierophant:Defend_Hierophant","hierophant:Defend_Hierophant","hierophant:Defend_Hierophant","hierophant:ChurchCoffers","hierophant:Zeal","hierophant:Kindle","hierophant:Exaltation"],"relics":["hierophant:PropheticMaskRelic","NeowsBlessing","Bird Faced Urn","Replay:WaspNest"],"acts_visited":["Exordium"],"potions_floor_usage":[11,11],"damage_taken":[{"damage":0,"enemies":"2 Louse","floor":1,"turns":1},{"damage":0,"enemies":"Jaw Worm","floor":5,"turns":1},{"damage":0,"enemies":"Gremlin Nob","floor":6,"turns":1},{"damage":6,"enemies":"Small Slimes","floor":7,"turns":3},{"damage":7,"enemies":"Looter","floor":8,"turns":3},{"damage":24,"enemies":"Large Slime","floor":10,"turns":7},{"damage":22,"enemies":"3 Sentries","floor":11,"turns":6}],"seed_played":"7386127643074074724","potions_obtained":[{"floor":5,"key":"GamblersBrew"},{"floor":7,"key":"Ancient Potion"},{"floor":10,"key":"Death Potion"}],"is_trial":false,"path_per_floor":["M","?","?","?","M","E","M","M","T","M","E"],"character_chosen":"HIEROPHANT","items_purchased":[],"campfire_rested":0,"item_purchase_floors":[],"current_hp_per_floor":[68,68,68,61,61,61,55,48,48,24,2,2],"gold":158,"neow_bonus":"THREE_ENEMY_KILL","is_daily":false,"chose_seed":false,"campfire_upgraded":0,"win_rate":0.0,"timestamp":1608787389,"path_taken":["M","?","?","?","M","E","M","M","T","M","E"],"items_purchased_type":[],"build_version":"2020-12-22","purchased_purges":0,"victory":false,"max_hp_per_floor":[75,75,75,75,75,75,75,75,75,75,75,75],"card_choices":[{"not_picked":["hierophant:DisplayOfPower","hierophant:TollTheBells"],"picked":"hierophant:Zeal","floor":1},{"not_picked":["hierophant:Doubloon","hierophant:RecallFunds","hierophant:OrnateJavelin"],"picked":"SKIP","floor":5},{"not_picked":["hierophant:HolyVerse","hierophant:Doubloon"],"picked":"hierophant:Kindle","floor":6},{"not_picked":["hierophant:ThreeLashes","hierophant:RepressedViolence"],"picked":"hierophant:Exaltation","floor":7},{"not_picked":["hierophant:AuricBeam","hierophant:Refuge","hierophant:Encroach"],"picked":"SKIP","floor":8},{"not_picked":["hierophant:Purify","hierophant:Prophecy","hierophant:OrnateBuckler"],"picked":"SKIP","floor":10}],"player_experience":1297709,"relics_obtained":[{"floor":6,"key":"Bird Faced Urn"},{"floor":9,"key":"Replay:WaspNest"}],"event_choices":[{"cards_removed":["hierophant:Strike_Hierophant"],"damage_healed":0,"gold_gain":0,"player_choice":"Card Removal","damage_taken":0,"max_hp_gain":0,"max_hp_loss":0,"event_name":"The Cleric","floor":2,"gold_loss":75},{"cards_removed":["hierophant:Defend_Hierophant"],"damage_healed":0,"gold_gain":0,"player_choice":"Card Removal","damage_taken":7,"max_hp_gain":0,"max_hp_loss":0,"event_name":"Golden Wing","floor":4,"gold_loss":0}],"is_beta":false,"boss_relics":[],"items_purged_floors":[],"is_endless":false,"potions_floor_spawned":[5,7,10],"killed_by":"3 Sentries","ascension_level":20}}