{"host":"0ojbcjhl22e0lupc","time":1608775240,"event":{"mods":["AchievementEnabler","BaseMod","Better Altar","Better Note","Better Sensory Stone","Better Skull","Better Third Choice","BetterRewards","Colored Map","Colored Powertips","Curses Come First","Custom Start","DNKmod","Friendly Minions","Gold Saver","Hermit","Highlight Path","Marked Mod","Minty Spire (QoL Compilation)","Permanent Neow","QueenMod","Random Character Button","Random Character Mod","Replay The Spire","Spicy Shops","StSLib","The Blue Laboratory","The Cursed","The Forsaken","The Hierophant","The Jungle","Transform Curses"],"gold_per_floor":[213,213,224,274,607,607,607,607],"floor_reached":7,"playtime":308,"items_purged":[],"score":39,"play_id":"aa55f9ee-a8e1-45ba-b44b-90a622b4d883","local_time":"20201223210040","is_ascension_mode":false,"campfire_choices":[{"data":"Anger","floor":6,"key":"SMITH"}],"circlet_count":0,"master_deck":["Strike_R","Strike_R","Strike_R","Strike_R","Strike_R","Defend_R","Defend_R","Defend_R","Defend_R","Bash","Anger+1","Pommel Strike","Sickly","ReplayTheSpireMod:Faulty Equipment","Decay","Rupture"],"relics":["Burning Blood","Ring of Hypnosis","Ring of Greed","Smiling Mask","MealTicket","Old Coin"],"acts_visited":["Exordium"],"potions_floor_usage":[],"damage_taken":[{"damage":16,"enemies":"Small Slimes","floor":1,"turns":3},{"damage":6,"enemies":"Cultist","floor":3,"turns":3},{"damage":47,"enemies":"3 Sentries","floor":7,"turns":6}],"seed_played":"7827706435342089500","potions_obtained":[{"floor":0,"key":"LiquidMemories"},{"floor":0,"key":"blueLaboratory:StoneskinPotion"},{"floor":0,"key":"SneckoOil"}],"is_trial":false,"path_per_floor":["M","?","M","?","?","R","E"],"character_chosen":"IRONCLAD","items_purchased":[],"campfire_rested":0,"item_purchase_floors":[],"current_hp_per_floor":[70,62,62,62,42,42,0,0],"gold":607,"neow_bonus":"THREE_SMALL_POTIONS","is_daily":false,"chose_seed":false,"campfire_upgraded":1,"win_rate":0.0,"timestamp":1608775240,"path_taken":["M","?","?","?","?","R","E"],"items_purchased_type":[],"build_version":"2020-12-22","purchased_purges":0,"victory":false,"max_hp_per_floor":[80,80,80,80,80,80,80,80],"card_choices":[{"not_picked":["Clothesline","Entrench"],"picked":"Anger","floor":1},{"not_picked":["Warcry","Havoc"],"picked":"Pommel Strike","floor":3},{"not_picked":["Armaments","Warcry"],"picked":"Rupture","floor":5}],"player_experience":314611,"relics_obtained":[{"floor":4,"key":"Ring of Hypnosis"},{"floor":4,"key":"Ring of Greed"},{"floor":4,"key":"Smiling Mask"},{"floor":4,"key":"MealTicket"},{"floor":5,"key":"Old Coin"}],"event_choices":[{"damage_healed":0,"gold_gain":0,"player_choice":"Damaged","damage_taken":8,"max_hp_gain":0,"max_hp_loss":0,"event_name":"Wheel of Change","floor":2,"gold_loss":0}],"is_beta":false,"boss_relics":[],"items_purged_floors":[],"is_endless":false,"potions_floor_spawned":[],"killed_by":"3 Sentries","ascension_level":0}}