{"host":"0rxdudjy6rylha1k","time":1608781999,"event":{"mods":["Aspiration","BaseMod","Colored Map","Colored Powertips","Downfall","Highlight Path","Hubris","Minty Spire (QoL Compilation)","StSLib"],"gold_per_floor":[99,118,118,118,118,143,192,117,133,133,146,161,161,176,186,186,186,186],"floor_reached":16,"playtime":2617,"items_purged":[],"score":133,"play_id":"be532c84-62c9-42f6-a19a-f7001b193998","local_time":"20201223205319","is_ascension_mode":true,"campfire_choices":[{"floor":1,"key":"RECALL"},{"floor":8,"key":"REST"},{"floor":13,"key":"REST"}],"circlet_count":0,"master_deck":["champ:Strike","champ:Strike","champ:Strike","champ:Strike","champ:Defend","champ:Defend","champ:Defend","champ:Defend","champ:Execute","champ:Taunt","champ:StanceDance","champ:Improvising","champ:Aggression","champ:GutPunch","champ:Circumvent","champ:Circumvent"],"relics":["champ:ChampionCrown","hubris:Zylophone","hubris:Towel","hubris:OldNail","Blood Vial","downfall:HeartBlessingRed","champ:LiftRelic"],"acts_visited":["Exordium"],"potions_floor_usage":[12,14,15],"damage_taken":[{"damage":6,"enemies":"Jaw Worm","floor":2,"turns":5},{"damage":60,"enemies":"Lagavulin","floor":6,"turns":7},{"damage":3,"enemies":"2 Louse","floor":9,"turns":2},{"damage":21,"enemies":"Small Slimes","floor":11,"turns":4},{"damage":30,"enemies":"Exordium Wildlife","floor":12,"turns":4},{"damage":14,"enemies":"Exordium Thugs","floor":14,"turns":3},{"damage":8,"enemies":"Red Slaver","floor":15,"turns":3},{"damage":57,"enemies":"downfall:Defect","floor":16,"turns":5}],"seed_played":"-8059208070708278182","potions_obtained":[{"floor":11,"key":"Strength Potion"},{"floor":12,"key":"Fire Potion"},{"floor":14,"key":"SteroidPotion"}],"is_trial":false,"path_per_floor":["R","M","?","?","?","E","T","R","M","?","M","M","R","M","M","B"],"character_chosen":"THE_CHAMP","items_purchased":[],"campfire_rested":2,"item_purchase_floors":[],"current_hp_per_floor":[81,80,85,86,86,44,44,69,68,68,57,34,59,55,52,0,0,0],"gold":186,"neow_bonus":"ONE_RARE_RELIC","is_daily":false,"chose_seed":false,"campfire_upgraded":0,"win_rate":0.0,"timestamp":1608781999,"path_taken":["R","M","?","?","?","E","T","R","M","?","M","M","R","?","M","BOSS"],"items_purchased_type":[],"build_version":"2020-12-22","purchased_purges":0,"victory":false,"max_hp_per_floor":[81,81,86,86,86,86,86,86,86,86,86,86,86,86,86,86,86,86],"card_choices":[{"not_picked":["champ:BerserkersShout","champ:FightOn"],"picked":"champ:StanceDance","floor":2},{"not_picked":["champ:RageSigil","champ:RapidStrikes"],"picked":"champ:Improvising","floor":6},{"not_picked":["champ:RageSigil","champ:ShieldSigil"],"picked":"champ:Aggression","floor":9},{"not_picked":["champ:HeartStrike","champ:BerserkerStyle","champ:DefensiveShout"],"picked":"SKIP","floor":11},{"not_picked":["champ:BerserkersShout","champ:Improvising"],"picked":"champ:GutPunch","floor":12},{"not_picked":["champ:BerserkersShout","champ:BringItOn"],"picked":"champ:Circumvent","floor":14},{"not_picked":["champ:SwordSigil","champ:FightOn"],"picked":"champ:Circumvent","floor":15}],"player_experience":2344178,"relics_obtained":[{"floor":6,"key":"hubris:OldNail"},{"floor":7,"key":"Blood Vial"}],"event_choices":[{"damage_healed":0,"gold_gain":0,"player_choice":"Donut","damage_taken":0,"max_hp_gain":5,"max_hp_loss":0,"event_name":"Big Fish","floor":3,"gold_loss":0}],"is_beta":false,"boss_relics":[],"items_purged_floors":[],"is_endless":false,"potions_floor_spawned":[11,12,14],"killed_by":"downfall:Defect","ascension_level":6}}