{"host":"yp47u74hk6n79vj1","time":1608772092,"event":{"mods":["BaseMod","Minty Spire (QoL Compilation)"],"gold_per_floor":[117,134,153,78,78,109,109,136,227,249,261,300,312,75,75,75,75],"floor_reached":16,"playtime":496,"items_purged":["Strike_B","Strike_B"],"score":150,"play_id":"48c2860d-b0f4-4e20-a8b8-52c38bc6ff42","local_time":"20201223200812","is_ascension_mode":true,"campfire_choices":[{"data":"Consume","floor":7,"key":"SMITH"},{"floor":11,"key":"REST"},{"floor":15,"key":"REST"}],"circlet_count":0,"master_deck":["Strike_B","Strike_B","Defend_B","Defend_B","Defend_B","Defend_B","Zap","Dualcast","Seek","Rip and Tear","Consume+1","Turbo","Conserve Battery","Streamline","Turbo","Conserve Battery"],"relics":["Cracked Core","Prayer Wheel","Nunchaku","MawBank","HornCleat","FossilizedHelix","Bottled Lightning","Orrery"],"acts_visited":["Exordium"],"potions_floor_usage":[8,8,12],"damage_taken":[{"damage":0,"enemies":"Small Slimes","floor":1,"turns":3},{"damage":1,"enemies":"Jaw Worm","floor":2,"turns":4},{"damage":0,"enemies":"Cultist","floor":3,"turns":2},{"damage":36,"enemies":"Lagavulin","floor":6,"turns":7},{"damage":18,"enemies":"3 Sentries","floor":8,"turns":3},{"damage":2,"enemies":"2 Fungi Beasts","floor":10,"turns":3},{"damage":0,"enemies":"Gremlin Nob","floor":12,"turns":3},{"damage":50,"enemies":"Slime Boss","floor":16,"turns":9}],"seed_played":"662887565026909207","potions_obtained":[{"floor":1,"key":"Explosive Potion"},{"floor":2,"key":"EssenceOfDarkness"},{"floor":10,"key":"ColorlessPotion"}],"is_trial":false,"path_per_floor":["M","M","M","$","?","E","R","E","T","M","R","E","T","$","R","B"],"character_chosen":"DEFECT","items_purchased":["Orrery"],"campfire_rested":2,"item_purchase_floors":[14],"current_hp_per_floor":[75,74,74,74,62,26,26,8,8,6,28,28,28,28,50,0,0],"gold":75,"neow_bonus":"ONE_RANDOM_RARE_CARD","is_daily":false,"chose_seed":false,"campfire_upgraded":1,"win_rate":0.0,"timestamp":1608772092,"path_taken":["M","M","M","$","?","E","R","E","T","M","R","E","?","$","R","BOSS"],"items_purchased_type":["Relic"],"build_version":"2020-12-22","purchased_purges":2,"victory":false,"max_hp_per_floor":[75,75,75,75,75,75,75,75,75,75,75,75,75,75,75,75,75],"card_choices":[{"not_picked":["Recycle","Redo"],"picked":"Rip and Tear","floor":1},{"not_picked":["Go for the Eyes","Barrage","Hologram"],"picked":"SKIP","floor":2},{"not_picked":["Go for the Eyes","Hologram","Redo"],"picked":"SKIP","floor":3},{"not_picked":["Aggregate","Beam Cell"],"picked":"Consume","floor":6},{"not_picked":["Tempest","Gash","Genetic Algorithm"],"picked":"SKIP","floor":8},{"not_picked":["Go for the Eyes","Static Discharge","Beam Cell"],"picked":"SKIP","floor":10},{"not_picked":["Gash","Compile Driver","Sweeping Beam"],"picked":"SKIP","floor":10},{"not_picked":["Reboot","Rebound"],"picked":"Turbo","floor":12},{"not_picked":["Hologram","Leap"],"picked":"Conserve Battery","floor":14},{"not_picked":["Rebound","Self Repair"],"picked":"Streamline","floor":14},{"not_picked":["Chill","Stack"],"picked":"Turbo","floor":14},{"not_picked":["Ball Lightning","All For One"],"picked":"Conserve Battery","floor":14}],"player_experience":497103,"relics_obtained":[{"floor":6,"key":"Nunchaku"},{"floor":8,"key":"MawBank"},{"floor":9,"key":"HornCleat"},{"floor":12,"key":"FossilizedHelix"},{"floor":13,"key":"Bottled Lightning"}],"event_choices":[{"damage_healed":0,"gold_gain":0,"player_choice":"Success","damage_taken":12,"relics_obtained":["Prayer Wheel"],"max_hp_gain":0,"max_hp_loss":0,"event_name":"Scrap Ooze","floor":5,"gold_loss":0}],"is_beta":false,"boss_relics":[],"items_purged_floors":[4,14],"is_endless":false,"potions_floor_spawned":[1,2,10],"killed_by":"Slime Boss","ascension_level":1}}