{"host":"fxrgx7wt2cpkbhka","time":1608805470,"event":{"mods":["AchievementEnabler","BaseMod","Colored Powertips","Minty Spire (QoL Compilation)","Permanent Neow","Slay-I","StSLib","Waifu the Spire"],"gold_per_floor":[109,284,134,134,409,440,440,456,503,520,538,538,538,15,15,112,112,127,127,111,37,37,37,37,63,63,63,76,86,100,118,118,217,217,227,239,252,66,83,83,110,127,150,150,150,150,168,0,0,0,0,0,0,25,25,25],"floor_reached":55,"playtime":2298,"items_purged":["Doubt","Regret","Strike_G"],"score":984,"play_id":"8df37dba-fd0f-47a4-ae23-72ffc7a3022b","local_time":"20201224022430","is_ascension_mode":true,"campfire_choices":[{"data":"Blade Dance","floor":7,"key":"SMITH"},{"data":"Neutralize","floor":12,"key":"SMITH"},{"floor":15,"key":"REST"},{"data":"Cloak And Dagger","floor":23,"key":"SMITH"},{"data":"Cloak And Dagger","floor":27,"key":"SMITH"},{"floor":32,"key":"REST"},{"floor":40,"key":"REST"},{"data":"Survivor","floor":45,"key":"SMITH"},{"floor":49,"key":"RECALL"},{"floor":52,"key":"REST"}],"circlet_count":0,"master_deck":["Strike_G","Strike_G","Strike_G","Strike_G","Defend_G","Defend_G+1","Defend_G","Defend_G","Defend_G+1","Survivor+1","Neutralize+1","Blade Dance+1","After Image+1","Poisoned Stab","Noxious Fumes+1","Wraith Form v2+1","Cloak And Dagger+1","Calculated Gamble+1","Noxious Fumes+1","Cloak And Dagger+1","Infinite Blades+1","PiercingWail+1","Eviscerate+1","A Thousand Cuts+1","Cloak And Dagger+1","Cloak And Dagger+1","After Image+1","Backflip+1","Wraith Form v2+1","Calculated Gamble+1","Madness","Madness","Footwork+1"],"relics":["Ring of the Snake","NeowsBlessing","Paper Crane","Smiling Mask","Frozen Egg 2","PreservedInsect","Runic Dome","Mango","Mercury Hourglass","HoveringKite","The Courier","Red Mask","War Paint"],"acts_visited":["Exordium","TheCity","TheBeyond","TheEnding"],"potions_floor_usage":[16,16,25,28,33,33,35,41,41,50,50,55],"damage_taken":[{"damage":0,"enemies":"2 Louse","floor":1,"turns":1},{"damage":0,"enemies":"Gremlin Nob","floor":6,"turns":1},{"damage":0,"enemies":"Small Slimes","floor":8,"turns":1},{"damage":1,"enemies":"Cultist","floor":10,"turns":3},{"damage":5,"enemies":"Looter","floor":11,"turns":3},{"damage":20,"enemies":"Slime Boss","floor":16,"turns":11},{"damage":0,"enemies":"Shell Parasite","floor":18,"turns":6},{"damage":14,"enemies":"2 Thieves","floor":20,"turns":4},{"damage":17,"enemies":"Book of Stabbing","floor":25,"turns":6},{"damage":1,"enemies":"3 Cultists","floor":28,"turns":4},{"damage":7,"enemies":"Shelled Parasite and Fungi","floor":29,"turns":4},{"damage":4,"enemies":"Centurion and Healer","floor":30,"turns":6},{"damage":21,"enemies":"Snake Plant","floor":31,"turns":4},{"damage":8,"enemies":"Champ","floor":33,"turns":12},{"damage":15,"enemies":"Orb Walker","floor":35,"turns":3},{"damage":18,"enemies":"3 Shapes","floor":36,"turns":3},{"damage":10,"enemies":"Transient","floor":37,"turns":5},{"damage":10,"enemies":"Sphere and 2 Shapes","floor":39,"turns":6},{"damage":39,"enemies":"Reptomancer","floor":41,"turns":6},{"damage":0,"enemies":"Maw","floor":42,"turns":7},{"damage":16,"enemies":"3 Darklings","floor":47,"turns":4},{"damage":36,"enemies":"Donu and Deca","floor":50,"turns":11},{"damage":72,"enemies":"Shield and Spear","floor":54,"turns":9},{"damage":14,"enemies":"The Heart","floor":55,"turns":2}],"seed_played":"-3807732300991773456","potions_obtained":[{"floor":10,"key":"ColorlessPotion"},{"floor":11,"key":"SkillPotion"},{"floor":24,"key":"GhostInAJar"},{"floor":24,"key":"Ancient Potion"},{"floor":24,"key":"GamblersBrew"},{"floor":25,"key":"SteroidPotion"},{"floor":29,"key":"Poison Potion"},{"floor":33,"key":"Regen Potion"},{"floor":36,"key":"Explosive Potion"},{"floor":37,"key":"Fire Potion"},{"floor":42,"key":"PowerPotion"},{"floor":47,"key":"Strength Potion"}],"is_trial":false,"path_per_floor":["M","?","$","?","?","E","R","M","T","M","M","R","?","$","R","B",null,"M","?","M","$","?","R","?","E","T","R","M","M","M","M","R","B",null,"M","M","M","$","M","R","E","M","T","?","R","?","M","?","R","B",null,"R","$","E","B"],"character_chosen":"THE_SILENT","items_purchased":["After Image","Frozen Egg 2","PreservedInsect","Noxious Fumes+1","Noxious Fumes+1","After Image+1"],"campfire_rested":4,"item_purchase_floors":[3,14,14,14,21,38],"current_hp_per_floor":[63,63,63,49,49,49,49,49,49,48,43,43,43,43,64,44,64,64,64,50,50,50,50,50,47,47,47,46,39,35,14,39,31,71,56,38,28,28,18,43,19,19,19,73,73,64,48,48,48,12,58,73,73,1,0,0],"gold":25,"neow_bonus":"THREE_ENEMY_KILL","is_daily":false,"chose_seed":false,"campfire_upgraded":5,"win_rate":0.0,"timestamp":1608805470,"path_taken":["M","?","$","?","?","E","R","M","T","?","M","R","?","$","R","BOSS","M","?","M","$","?","R","?","E","T","R","?","M","M","M","R","BOSS","M","M","M","$","M","R","E","M","T","?","R","?","M","?","R","BOSS","R","$","E","BOSS"],"items_purchased_type":["Card","Relic","Relic","Card","Card","Card"],"build_version":"2020-12-22","purchased_purges":3,"victory":false,"max_hp_per_floor":[70,70,70,70,70,70,70,70,70,70,70,70,70,70,70,70,70,70,70,70,70,70,70,70,84,84,84,84,84,84,84,84,84,84,84,84,84,84,84,84,84,84,84,73,73,73,73,73,73,73,73,73,73,73,73,73],"card_choices":[{"not_picked":["Bane","Dagger Throw"],"picked":"Blade Dance","floor":1},{"not_picked":["Wraith Form v2","Outmaneuver","Backflip"],"picked":"SKIP","floor":6},{"not_picked":["Choke","Flechettes","Well Laid Plans"],"picked":"SKIP","floor":8},{"not_picked":["Crippling Poison","Deflect"],"picked":"Poisoned Stab","floor":10},{"not_picked":["Outmaneuver","Quick Slash","Dodge and Roll"],"picked":"SKIP","floor":11},{"not_picked":["Phantasmal Killer","Bullet Time"],"picked":"Wraith Form v2+1","floor":16},{"not_picked":["Sucker Punch","Deflect"],"picked":"Cloak And Dagger","floor":18},{"not_picked":["Deflect+1","Caltrops+1"],"picked":"Calculated Gamble+1","floor":20},{"not_picked":["Deflect","Flying Knee"],"picked":"Cloak And Dagger","floor":25},{"not_picked":["Slice","Cloak And Dagger"],"picked":"Infinite Blades+1","floor":28},{"not_picked":["Poisoned Stab+1","Predator"],"picked":"PiercingWail","floor":29},{"not_picked":["Flying Knee+1","Dagger Spray+1"],"picked":"Eviscerate+1","floor":30},{"not_picked":["Dagger Throw+1","Caltrops+1","Heel Hook+1"],"picked":"SKIP","floor":31},{"not_picked":["Doppelganger","Bullet Time"],"picked":"A Thousand Cuts+1","floor":33},{"not_picked":["Calculated Gamble+1","Predator+1"],"picked":"Cloak And Dagger+1","floor":35},{"not_picked":["Underhanded Strike","Quick Slash"],"picked":"Cloak And Dagger+1","floor":36},{"not_picked":["Poisoned Stab","Underhanded Strike","Deflect"],"picked":"SKIP","floor":37},{"not_picked":["Underhanded Strike","Dagger Spray"],"picked":"Backflip+1","floor":39},{"not_picked":["Cloak And Dagger+1","Well Laid Plans+1"],"picked":"Wraith Form v2+1","floor":41},{"not_picked":["Concentrate","Noxious Fumes+1"],"picked":"Calculated Gamble+1","floor":42},{"not_picked":["Deadly Poison","Backflip"],"picked":"Footwork+1","floor":47},{"not_picked":["Catalyst+1","Deadly Poison","Finisher+1"],"picked":"SKIP","floor":54}],"player_experience":680045,"relics_obtained":[{"floor":6,"key":"Paper Crane"},{"floor":9,"key":"Smiling Mask"},{"floor":25,"key":"Mango"},{"floor":26,"key":"Mercury Hourglass"},{"floor":41,"key":"The Courier"},{"floor":54,"key":"War Paint"}],"event_choices":[{"damage_healed":0,"gold_gain":175,"player_choice":"AGREE","damage_taken":0,"max_hp_gain":0,"max_hp_loss":0,"event_name":"Liars Game","floor":2,"gold_loss":0,"cards_obtained":["Doubt"]},{"damage_healed":0,"gold_gain":0,"player_choice":"Entered Light","damage_taken":14,"max_hp_gain":0,"max_hp_loss":0,"event_name":"Shining Light","floor":4,"gold_loss":0,"cards_upgraded":["Defend_G","After Image"]},{"damage_healed":0,"gold_gain":275,"player_choice":"Desecrate","damage_taken":0,"max_hp_gain":0,"max_hp_loss":0,"event_name":"Golden Shrine","floor":5,"gold_loss":0,"cards_obtained":["Regret"]},{"damage_healed":0,"gold_gain":0,"player_choice":"0 cards matched","damage_taken":0,"max_hp_gain":0,"max_hp_loss":0,"event_name":"Match and Keep!","floor":13,"gold_loss":0,"cards_obtained":[]},{"damage_healed":0,"gold_gain":0,"player_choice":"Ignored","damage_taken":0,"max_hp_gain":0,"max_hp_loss":0,"event_name":"Vampires","floor":19,"gold_loss":0},{"damage_healed":0,"gold_gain":0,"player_choice":"Ignored","damage_taken":0,"max_hp_gain":0,"max_hp_loss":0,"event_name":"Ghosts","floor":22,"gold_loss":0},{"damage_healed":0,"gold_gain":0,"player_choice":"Got Potions","damage_taken":0,"max_hp_gain":0,"max_hp_loss":0,"event_name":"Lab","floor":24,"gold_loss":0},{"damage_healed":73,"gold_gain":0,"player_choice":"Heal","damage_taken":0,"max_hp_gain":0,"max_hp_loss":11,"event_name":"The Moai Head","floor":44,"gold_loss":0},{"damage_healed":0,"gold_gain":0,"player_choice":"Embrace Madness","damage_taken":9,"max_hp_gain":0,"max_hp_loss":0,"event_name":"Winding Halls","floor":46,"gold_loss":0,"cards_obtained":["Madness","Madness"]},{"damage_healed":0,"gold_gain":0,"player_choice":"Paid","damage_taken":0,"relics_obtained":["Red Mask"],"max_hp_gain":0,"max_hp_loss":0,"event_name":"Tomb of Lord Red Mask","floor":48,"gold_loss":168}],"is_beta":false,"boss_relics":[{"not_picked":["Ectoplasm","Sozu"],"picked":"Runic Dome"},{"not_picked":["Philosopher\u0027s Stone","Velvet Choker"],"picked":"HoveringKite"}],"items_purged_floors":[3,14,38],"is_endless":false,"potions_floor_spawned":[10,11,25,29,31,33,36,37,42,47],"killed_by":"The Heart","ascension_level":7}}