{"host":"u9xtr94typ21duox","time":1608815650,"event":{"mods":["BaseMod","Key Reminder","KinomotoSakuraMod(木之本樱)","LagranYue(拉格朗・月)","Marisa（F雨　魔理沙）","Minty Spire (QoL Compilation)","Reimu（博丽灵梦）","Remilia（蕾米莉亚）","Replay The Spire","StSLib","Td1madao Mod","The Administrix","The Bladedancer","The Bug Knight","The Construct","The Cursed","The Gatherer","The Runesmith","The Servant 0.9.4","WarShipGirlsR/战舰少女R mod","Youmu（魂魄妖梦）","vexMod"],"gold_per_floor":[115,115,130,48,48,48,66,66,66,99,119,130,163,163,163,267,267,280,310,310,325,338,367,381,381,381,59,79,79,79,108,108,207,207,223,223,237,252,7,7,33,33,33,68,82,95,95,126,126,126],"floor_reached":51,"playtime":1670,"items_purged":["Voices","Defend_R"],"score":910,"play_id":"593a6a39-4291-4e5c-a268-bde65b1ce9da","local_time":"20201224211410","is_ascension_mode":false,"campfire_choices":[{"data":"Demon Form","floor":6.0,"key":"SMITH"},{"data":"Inflame","floor":8.0,"key":"SMITH"},{"data":"Pommel Strike","floor":15.0,"key":"SMITH"},{"floor":30.0,"key":"REST"},{"data":"Bash","floor":32.0,"key":"SMITH"},{"data":"Sword Boomerang","floor":40,"key":"SMITH"},{"data":"Clothesline","floor":42,"key":"SMITH"},{"floor":47,"key":"REST"},{"floor":49,"key":"REST"}],"circlet_count":0,"master_deck":["Strike_R+1","Strike_R","Strike_R","Strike_R","Defend_R","Defend_R","Defend_R","Bash+1","Headbutt+1","Inflame+1","Demon Form+1","Twin Strike","Pommel Strike+1","Disarm+1","Carnage+1","Clothesline+1","Battle Trance","Sword Boomerang+1","Dropkick","Uppercut+1","Infernal Blade"],"relics":["LagranYue:RandomDrawCardRelic","Busted Crown","vexMod:Dragonfruit","Pear","vexMod:PlasmaPancake","Boot","Velvet Choker","Red Mask","Whetstone","RuthlessExorcism:ReiMu","Bronze Scales","Sling","Nilry\u0027s Codex","Self Forming Clay","Black Star","ReplayFunnel","Tea:ReiMu","LagranYue:RareGoldArmorRelic","Bottled Lightning","ReplayTheSpireMod:Spearhead","Happy Flower","Ice Cream","Runesmith:Nanobots"],"acts_visited":["Exordium","TheCity","TheBeyond"],"potions_floor_usage":[50,50,50,50,50],"damage_taken":[{"damage":0.0,"enemies":"Cultist","floor":1.0,"turns":3.0},{"damage":7.0,"enemies":"Small Slimes","floor":3.0,"turns":3.0},{"damage":0.0,"enemies":"2 Louse","floor":7.0,"turns":2.0},{"damage":13.0,"enemies":"3 Sentries","floor":10.0,"turns":5.0},{"damage":7.0,"enemies":"Blue Slaver","floor":11.0,"turns":2.0},{"damage":6.0,"enemies":"2 Fungi Beasts","floor":12.0,"turns":2.0},{"damage":6.0,"enemies":"Gremlin Nob","floor":13.0,"turns":3.0},{"damage":10.0,"enemies":"Fading Forest","floor":16.0,"turns":11.0},{"damage":14.0,"enemies":"Shell Parasite","floor":18.0,"turns":3.0},{"damage":6.0,"enemies":"Masked Bandits","floor":19.0,"turns":3.0},{"damage":10.0,"enemies":"Spheric Guardian","floor":21.0,"turns":3.0},{"damage":4.0,"enemies":"3 Cultists","floor":22.0,"turns":4.0},{"damage":15.0,"enemies":"Gremlin Leader","floor":23.0,"turns":6.0},{"damage":7.0,"enemies":"Centurion and Healer","floor":24.0,"turns":4.0},{"damage":0.0,"enemies":"Cultist and Chosen","floor":28.0,"turns":3.0},{"damage":16.0,"enemies":"HollowMod:Nosk","floor":31.0,"turns":4.0},{"damage":23.0,"enemies":"Automaton","floor":33.0,"turns":6.0},{"damage":14.0,"enemies":"3 Darklings","floor":35.0,"turns":3.0},{"damage":0,"enemies":"3 Shapes","floor":37,"turns":3},{"damage":19,"enemies":"Transient","floor":38,"turns":5},{"damage":15,"enemies":"R_Hoarder","floor":41,"turns":5},{"damage":2,"enemies":"Giant Head","floor":44,"turns":5},{"damage":24,"enemies":"Spire Growth","floor":45,"turns":4},{"damage":7,"enemies":"Jaw Worm Horde","floor":46,"turns":2},{"damage":35,"enemies":"R_Hoarder","floor":48,"turns":7},{"damage":18,"enemies":"Awakened One","floor":50,"turns":6}],"seed_played":"-7254454090172702128","potions_obtained":[{"floor":1.0,"key":"Languid Potion"},{"floor":11.0,"key":"ZuzhouPotion:ReiMu"},{"floor":16.0,"key":"BloodPotion"},{"floor":18.0,"key":"Regen Potion"},{"floor":23.0,"key":"PowerPotion"},{"floor":38,"key":"EntropicBrew"}],"is_trial":false,"path_per_floor":["M","T","M","$","?","R","M","R","T","E","M","M","E","T","R","B",null,"M","?","?","M","M","E","M","?","T","$","M","?","R","E","R","B",null,"M","?","M","M","$","R","E","R","T","E","M","M","R","E","R","B",null],"character_chosen":"IRONCLAD","items_purchased":["Inflame","Battle Trance","Sword Boomerang","Sling","ReplayFunnel"],"campfire_rested":3,"item_purchase_floors":[4,27,27,27,39],"current_hp_per_floor":[80,85,78,78,78,78,78,78,88,75,68,62,62,62,62,62,101,87,81,81,71,67,52,45,45,45,45,45,29,59,43,43,20,101,87,87,87,68,68,68,53,83,83,81,57,50,80,49,79,76],"gold":126,"neow_bonus":"BOSS_RELIC","is_daily":false,"chose_seed":false,"campfire_upgraded":6,"win_rate":0.0,"timestamp":1608815650,"path_taken":["M","?","M","$","?","R","M","R","T","E","M","M","E","?","R","BOSS","M","?","?","M","?","E","M","?","T","$","M","?","R","E","R","BOSS","M","?","M","M","$","R","E","R","T","E","M","M","R","E","R","BOSS"],"items_purchased_type":["Card","Card","Card","Relic","Relic"],"build_version":"2020-12-22","purchased_purges":2,"victory":true,"max_hp_per_floor":[80,85,85,85,85,85,85,85,95,95,95,95,101,101,101,101,101,101,101,101,101,101,101,101,101,101,101,101,101,101,101,101,101,101,101,101,101,101,101,101,101,101,101,101,101,101,101,101,101,101],"card_choices":[{"not_picked":["Dark Embrace"],"picked":"SKIP","floor":1.0},{"not_picked":[],"picked":"Headbutt","floor":3.0},{"not_picked":[],"picked":"Demon Form","floor":5.0},{"not_picked":[],"picked":"Twin Strike","floor":7.0},{"not_picked":[],"picked":"Pommel Strike","floor":10.0},{"not_picked":["Cleave"],"picked":"SKIP","floor":11.0},{"not_picked":["Clash"],"picked":"SKIP","floor":12.0},{"not_picked":["ReplayTheSpireMod:Strike From Hell"],"picked":"SKIP","floor":13.0},{"not_picked":[],"picked":"Disarm+1","floor":18.0},{"not_picked":["Shrug It Off"],"picked":"SKIP","floor":21.0},{"not_picked":["Body Slam+1"],"picked":"SKIP","floor":22.0},{"not_picked":[],"picked":"Carnage+1","floor":23.0},{"not_picked":["Clothesline"],"picked":"SKIP","floor":24.0},{"not_picked":[],"picked":"Clothesline","floor":24.0},{"not_picked":[],"picked":"Dropkick","floor":28.0},{"not_picked":["Flex"],"picked":"SKIP","floor":31.0},{"not_picked":["Blood for Blood+1"],"picked":"SKIP","floor":35.0},{"not_picked":["Perfected Strike"],"picked":"SKIP","floor":37},{"not_picked":["Iron Wave"],"picked":"SKIP","floor":38},{"not_picked":["Clash"],"picked":"SKIP","floor":41},{"not_picked":[],"picked":"Uppercut+1","floor":44},{"not_picked":["Whirlwind","Run Through","Shrug It Off"],"picked":"SKIP","floor":44},{"not_picked":["Berserk","Abandon","Run Through"],"picked":"SKIP","floor":45},{"not_picked":["Pommel Strike"],"picked":"SKIP","floor":45},{"not_picked":["Eclipse","Headbutt"],"picked":"Infernal Blade","floor":46},{"not_picked":["Combust+1"],"picked":"SKIP","floor":46},{"not_picked":["Anger","Flex","Searing Blow"],"picked":"SKIP","floor":48},{"not_picked":["Second Wind"],"picked":"SKIP","floor":48}],"player_experience":230672,"relics_obtained":[{"floor":2.0,"key":"vexMod:Dragonfruit"},{"floor":9.0,"key":"Pear"},{"floor":13.0,"key":"vexMod:PlasmaPancake"},{"floor":14.0,"key":"Boot"},{"floor":19.0,"key":"Red Mask"},{"floor":23.0,"key":"Whetstone"},{"floor":26.0,"key":"Bronze Scales"},{"floor":29.0,"key":"Nilry\u0027s Codex"},{"floor":31.0,"key":"Self Forming Clay"},{"floor":41,"key":"Tea:ReiMu"},{"floor":41,"key":"LagranYue:RareGoldArmorRelic"},{"floor":43,"key":"Bottled Lightning"},{"floor":44,"key":"ReplayTheSpireMod:Spearhead"},{"floor":44,"key":"Happy Flower"},{"floor":48,"key":"Ice Cream"},{"floor":48,"key":"Runesmith:Nanobots"}],"event_choices":[{"damage_healed":0.0,"max_hp_gain":0.0,"max_hp_loss":0.0,"gold_gain":0.0,"event_name":"Masked Bandits","player_choice":"Fought Bandits","floor":19.0,"gold_loss":0.0,"damage_taken":0.0},{"cards_removed":["Strike_R"],"damage_healed":0.0,"max_hp_gain":0.0,"max_hp_loss":0.0,"gold_gain":0.0,"event_name":"Bonfire Elementals","player_choice":"Offered Basic","floor":20.0,"gold_loss":0.0,"damage_taken":0.0},{"damage_healed":0.0,"max_hp_gain":0.0,"max_hp_loss":0.0,"gold_gain":0.0,"event_name":"Cursed Tome","player_choice":"Obtained Book","floor":29.0,"gold_loss":0.0,"damage_taken":16.0}],"is_beta":false,"boss_relics":[{"not_picked":["Fusion Hammer","Ectoplasm"],"picked":"Velvet Choker"},{"not_picked":["Runic Pyramid","vexMod:EndlessSickness"],"picked":"Black Star"}],"items_purged_floors":[27,39],"is_endless":false,"potions_floor_spawned":[1,11,16,18,23,24,33,37,38,45],"ascension_level":0}}