{"host":"hfxp6ue4pvwo3fit","time":1608784538,"event":{"mods":["AchievementEnabler","BaseMod","Colored Map","Colored Powertips","Highlight Path","Minty Spire (QoL Compilation)","StSLib","SuperFastMode"],"gold_per_floor":[112,123,137,147,222,222,249,273,273,303,321,321,321,365,365,460,460,474,474,489,140,153,153,194,194,220,251,272,316,0,23,23,23,23],"floor_reached":33,"playtime":2073,"items_purged":["Strike_G"],"score":750,"play_id":"e7a52842-b0e0-4238-8bf9-7c49e5c61880","local_time":"20201223223538","is_ascension_mode":true,"campfire_choices":[{"floor":6,"key":"REST"},{"floor":12,"key":"REST"},{"floor":15,"key":"REST"},{"floor":23,"key":"REST"},{"floor":25,"key":"REST"},{"data":"Strike_G","floor":32,"key":"PURGE"}],"circlet_count":0,"master_deck":["AscendersBane","Strike_G","Strike_G","Strike_G","Defend_G","Defend_G","Defend_G","Defend_G","Defend_G","Survivor","Neutralize","Footwork","Skewer","Riddle With Holes+1","Leg Sweep","Dagger Spray","Poisoned Stab+1","Footwork","Night Terror","Choke+1","Night Terror","Noxious Fumes","Crippling Poison"],"relics":["Fusion Hammer","Akabeko","Vajra","Whetstone","Golden Idol","Tiny Chest","Snecko Eye","Nloth\u0027s Gift","Molten Egg 2","MealTicket","Anchor","Ninja Scroll","StrikeDummy","Peace Pipe"],"acts_visited":["Exordium","TheCity"],"potions_floor_usage":[7,27],"damage_taken":[{"damage":0,"enemies":"Cultist","floor":1,"turns":4},{"damage":0,"enemies":"2 Louse","floor":2,"turns":4},{"damage":2,"enemies":"Jaw Worm","floor":3,"turns":5},{"damage":13,"enemies":"Large Slime","floor":4,"turns":8},{"damage":3,"enemies":"Lagavulin","floor":7,"turns":7},{"damage":5,"enemies":"3 Sentries","floor":10,"turns":3},{"damage":0,"enemies":"Blue Slaver","floor":11,"turns":2},{"damage":0,"enemies":"Lagavulin","floor":14,"turns":4},{"damage":25,"enemies":"The Guardian","floor":16,"turns":10},{"damage":13,"enemies":"2 Thieves","floor":18,"turns":4},{"damage":0,"enemies":"3 Byrds","floor":20,"turns":3},{"damage":8,"enemies":"Centurion and Healer","floor":22,"turns":7},{"damage":0,"enemies":"Gremlin Leader","floor":24,"turns":5},{"damage":10,"enemies":"Book of Stabbing","floor":27,"turns":4},{"damage":12,"enemies":"Snecko","floor":28,"turns":4},{"damage":31,"enemies":"Slavers","floor":29,"turns":7},{"damage":21,"enemies":"Cultist and Chosen","floor":31,"turns":6},{"damage":62,"enemies":"Champ","floor":33,"turns":14}],"seed_played":"2538414333999922034","potions_obtained":[{"floor":2,"key":"FearPotion"},{"floor":3,"key":"Energy Potion"},{"floor":4,"key":"FairyPotion"},{"floor":7,"key":"AttackPotion"},{"floor":11,"key":"Dexterity Potion"},{"floor":18,"key":"PowerPotion"}],"is_trial":false,"path_per_floor":["M","M","M","M","?","R","E","T","T","E","M","R","?","E","R","B",null,"M","?","M","$","M","R","E","R","T","E","M","E","$","M","R","B"],"character_chosen":"THE_SILENT","items_purchased":["Molten Egg 2","Peace Pipe"],"campfire_rested":5,"item_purchase_floors":[21,30],"current_hp_per_floor":[59,59,57,44,33,52,49,49,49,44,44,63,40,40,59,34,58,45,45,45,45,37,56,56,66,66,56,44,13,28,7,7,0,0],"gold":23,"neow_bonus":"BOSS_RELIC","is_daily":false,"chose_seed":false,"campfire_upgraded":0,"win_rate":0.0,"timestamp":1608784538,"path_taken":["M","?","M","M","?","R","E","?","T","E","M","R","?","E","R","BOSS","M","?","M","$","M","R","E","R","T","E","M","E","?","M","R","BOSS"],"items_purchased_type":["Relic","Relic"],"build_version":"2020-12-22","purchased_purges":1,"victory":false,"max_hp_per_floor":[66,66,66,66,66,66,66,66,66,66,66,66,66,66,66,66,66,66,66,66,66,66,66,66,66,66,66,66,66,66,66,66,66,66],"card_choices":[{"not_picked":["PiercingWail","Backflip"],"picked":"Footwork","floor":1},{"not_picked":["Sucker Punch","Acrobatics"],"picked":"Skewer","floor":2},{"not_picked":["Deadly Poison","Expertise"],"picked":"Riddle With Holes","floor":3},{"not_picked":["Backflip","Flying Knee"],"picked":"Leg Sweep","floor":4},{"not_picked":["Deflect","Backstab"],"picked":"Dagger Spray","floor":7},{"not_picked":["Endless Agony","Blade Dance"],"picked":"Poisoned Stab","floor":10},{"not_picked":["Sucker Punch","Prepared","Underhanded Strike"],"picked":"SKIP","floor":11},{"not_picked":["Acrobatics","Corpse Explosion"],"picked":"Footwork","floor":14},{"not_picked":["A Thousand Cuts","Corpse Explosion"],"picked":"Night Terror","floor":16},{"not_picked":["Quick Slash","Cloak And Dagger+1"],"picked":"Choke+1","floor":18},{"not_picked":["Poisoned Stab","Slice","Dagger Spray"],"picked":"SKIP","floor":20},{"not_picked":["Grand Finale+1","Quick Slash+1","Bane+1"],"picked":"SKIP","floor":22},{"not_picked":["Prepared","Quick Slash+1"],"picked":"Night Terror","floor":24},{"not_picked":["Expertise","Flechettes+1"],"picked":"Noxious Fumes","floor":27},{"not_picked":["Blade Dance+1","Venomology","Escape Plan+1"],"picked":"SKIP","floor":28},{"not_picked":["Flying Knee+1","Eviscerate+1","Venomology"],"picked":"SKIP","floor":29},{"not_picked":["Dagger Throw+1","Backstab+1"],"picked":"Crippling Poison","floor":31}],"player_experience":422559,"relics_obtained":[{"floor":7,"key":"Akabeko"},{"floor":8,"key":"Vajra"},{"floor":9,"key":"Bag of Preparation"},{"floor":10,"key":"Whetstone"},{"floor":14,"key":"Tiny Chest"},{"floor":24,"key":"MealTicket"},{"floor":26,"key":"Anchor"},{"floor":27,"key":"Ninja Scroll"},{"floor":29,"key":"StrikeDummy"}],"event_choices":[{"damage_healed":0,"gold_gain":75,"player_choice":"Gather Gold","damage_taken":11,"max_hp_gain":0,"max_hp_loss":0,"event_name":"World of Goop","floor":5,"gold_loss":0},{"damage_healed":0,"gold_gain":0,"player_choice":"Take Damage","damage_taken":23,"relics_obtained":["Golden Idol"],"max_hp_gain":0,"max_hp_loss":0,"event_name":"Golden Idol","floor":13,"gold_loss":0},{"damage_healed":0,"gold_gain":0,"player_choice":"Traded Relic","damage_taken":0,"relics_obtained":["Nloth\u0027s Gift"],"max_hp_gain":0,"max_hp_loss":0,"event_name":"N\u0027loth","floor":19,"relics_lost":["Bag of Preparation"],"gold_loss":0}],"is_beta":false,"boss_relics":[{"not_picked":["Calling Bell","SlaversCollar"],"picked":"Snecko Eye"}],"items_purged_floors":[21],"is_endless":false,"potions_floor_spawned":[2,3,4,7,11,16,18,22,24],"killed_by":"Champ","ascension_level":20}}