{"host":"2htowdb5wria0zm7","time":1608320702,"event":{"mods":["BaseMod","Better Third Choice","BetterRewards","Googly Eyes","Hyrulean Relics","Minty Spire (QoL Compilation)","StSLib"],"gold_per_floor":[111,111,111,111,127,155,175,191,191,203,221,240,275,275,275,370,370,381,393,418,418,398,398,409,409,409,421,421,31,65,83,83,178,178,192,208,218,218,230,261,261,2,28,44,62,62,77,93,93,93],"floor_reached":51,"playtime":3085,"items_purged":["Defend_G"],"score":765,"play_id":"cb11a537-d5ce-412b-9de7-74d6684f1928","local_time":"20201218144502","is_ascension_mode":false,"campfire_choices":[{"floor":15,"key":"REST"},{"data":"Dagger Spray","floor":23,"key":"SMITH"},{"data":"After Image","floor":25,"key":"SMITH"},{"data":"Adrenaline","floor":28,"key":"SMITH"},{"floor":32,"key":"REST"},{"floor":41,"key":"REST"},{"floor":46,"key":"REST"},{"floor":49,"key":"REST"}],"circlet_count":0,"master_deck":["Strike_G","Strike_G","Strike_G","Strike_G","Strike_G","Defend_G","Defend_G","Defend_G","Defend_G","Survivor","Neutralize","Riddle With Holes+1","Backstab+1","Poisoned Stab","Blur","Poisoned Stab","Adrenaline+1","Poisoned Stab","Blade Dance","Slice+1","After Image+1","Masterful Stab","Terror","Dagger Spray+1","Blade Dance+1","Quick Slash+1","Dagger Spray+1","Poisoned Stab+1","Blur+1","Flying Knee+1","Slice+1","Riddle With Holes+1","Blade Dance+1","Poisoned Stab+1","Footwork","Riddle With Holes+1","Slice+1","Infinite Blades+1","Dagger Spray+1"],"relics":["Ring of the Snake","Bag of Marbles","Lizard Tail","Mercury Hourglass","The Courier","SacredBark","Red Mask","Molten Egg 2","Regal Pillow","Pen Nib","Sozu","Snake Skull","Thread and Needle","Boot"],"acts_visited":["Exordium","TheCity","TheBeyond"],"potions_floor_usage":[13,16,16,16,29,30,33,50],"damage_taken":[{"damage":0,"enemies":"Cultist","floor":1,"turns":3},{"damage":0,"enemies":"Jaw Worm","floor":5,"turns":1},{"damage":6,"enemies":"Gremlin Nob","floor":6,"turns":3},{"damage":0,"enemies":"2 Louse","floor":7,"turns":1},{"damage":2,"enemies":"Exordium Thugs","floor":8,"turns":4},{"damage":0,"enemies":"2 Fungi Beasts","floor":10,"turns":2},{"damage":0,"enemies":"Blue Slaver","floor":11,"turns":1},{"damage":0,"enemies":"Gremlin Gang","floor":12,"turns":3},{"damage":0,"enemies":"Lagavulin","floor":13,"turns":3},{"damage":58,"enemies":"The Guardian","floor":16,"turns":11},{"damage":5,"enemies":"3 Byrds","floor":18,"turns":3},{"damage":0,"enemies":"Shell Parasite","floor":19,"turns":1},{"damage":0,"enemies":"Masked Bandits","floor":20,"turns":2},{"damage":10,"enemies":"Snake Plant","floor":24,"turns":2},{"damage":0,"enemies":"Chosen and Byrds","floor":27,"turns":4},{"damage":4,"enemies":"Slavers","floor":30,"turns":3},{"damage":0,"enemies":"3 Cultists","floor":31,"turns":3},{"damage":120,"enemies":"Champ","floor":33,"turns":10},{"damage":0,"enemies":"Orb Walker","floor":35,"turns":2},{"damage":13,"enemies":"3 Darklings","floor":36,"turns":4},{"damage":0,"enemies":"Transient","floor":37,"turns":5},{"damage":5,"enemies":"Jaw Worm Horde","floor":39,"turns":3},{"damage":28,"enemies":"Nemesis","floor":40,"turns":5},{"damage":10,"enemies":"Sphere and 2 Shapes","floor":44,"turns":5},{"damage":12,"enemies":"Maw","floor":45,"turns":6},{"damage":14,"enemies":"Transient","floor":47,"turns":5},{"damage":0,"enemies":"Jaw Worm Horde","floor":48,"turns":3},{"damage":58,"enemies":"Donu and Deca","floor":50,"turns":8}],"seed_played":"-7091544110130172036","potions_obtained":[{"floor":7,"key":"GamblersBrew"},{"floor":10,"key":"Swift Potion"},{"floor":11,"key":"Strength Potion"},{"floor":13,"key":"Explosive Potion"},{"floor":19,"key":"AttackPotion"},{"floor":20,"key":"SkillPotion"},{"floor":24,"key":"LiquidMemories"},{"floor":33,"key":"Swift Potion"}],"is_trial":false,"path_per_floor":["M","$","?","?","M","E","M","M","T","M","M","M","E","?","R","B",null,"M","M","?","?","?","R","M","R","T","M","R","$","E","M","R","B",null,"M","M","M","?","M","E","R","$","T","M","M","R","M","M","R","B",null],"character_chosen":"THE_SILENT","items_purchased":["Regal Pillow","Dagger Spray+1","Poisoned Stab+1","Fruit Juice","FairyPotion","Thread and Needle","Riddle With Holes+1"],"campfire_rested":5,"item_purchase_floors":[29,29,29,29,29,42,42],"current_hp_per_floor":[70,70,70,70,70,64,64,62,62,62,62,62,62,48,69,11,70,65,65,65,65,65,65,55,55,55,55,55,65,61,61,80,24,80,80,67,67,59,54,26,65,65,65,55,43,80,66,66,80,22],"gold":93,"neow_bonus":"RANDOM_COMMON_RELIC","is_daily":false,"chose_seed":false,"campfire_upgraded":3,"win_rate":0.0,"timestamp":1608320702,"path_taken":["M","?","?","?","M","E","M","?","T","M","M","M","E","?","R","BOSS","M","M","?","?","?","R","M","R","T","?","R","?","E","M","R","BOSS","M","M","?","?","M","E","R","$","T","?","?","R","M","M","R","BOSS"],"items_purchased_type":["Relic","Card","Card","Potion","Potion","Relic","Card"],"build_version":"2020-12-13","purchased_purges":1,"victory":true,"max_hp_per_floor":[70,70,70,70,70,70,70,70,70,70,70,70,70,70,70,70,70,70,70,70,70,70,70,70,70,70,70,70,80,80,80,80,80,80,80,80,80,80,80,80,80,80,80,80,80,80,80,80,80,80],"card_choices":[{"not_picked":["Cloak And Dagger","Underhanded Strike"],"picked":"Riddle With Holes","floor":1},{"not_picked":["Skewer","Setup"],"picked":"Backstab","floor":5},{"not_picked":["Acrobatics","Prepared"],"picked":"Poisoned Stab","floor":6},{"not_picked":["Dagger Throw","Flechettes"],"picked":"Blur","floor":7},{"not_picked":["Underhanded Strike","Sucker Punch"],"picked":"Poisoned Stab","floor":8},{"not_picked":["Leg Sweep","Blur"],"picked":"Adrenaline","floor":10},{"not_picked":["Dodge and Roll","Distraction"],"picked":"Poisoned Stab","floor":11},{"not_picked":["Quick Slash","Outmaneuver"],"picked":"Blade Dance","floor":12},{"not_picked":["Infinite Blades","Sucker Punch"],"picked":"Slice","floor":13},{"not_picked":["Adrenaline","Unload"],"picked":"After Image","floor":16},{"not_picked":["Slice","Expertise"],"picked":"Masterful Stab","floor":18},{"not_picked":["Eviscerate","Underhanded Strike","Sucker Punch"],"picked":"SKIP","floor":19},{"not_picked":["Blade Dance","Flying Knee"],"picked":"Terror","floor":20},{"not_picked":["Flying Knee","Riddle With Holes"],"picked":"Blade Dance+1","floor":24},{"not_picked":["Well Laid Plans","PiercingWail"],"picked":"Quick Slash+1","floor":27},{"not_picked":["Heel Hook+1","Infinite Blades"],"picked":"Blur+1","floor":30},{"not_picked":["Sucker Punch+1","After Image"],"picked":"Flying Knee+1","floor":31},{"not_picked":["Endless Agony+1","Backflip+1"],"picked":"Slice+1","floor":35},{"not_picked":["Bane+1","Prepared"],"picked":"Riddle With Holes+1","floor":36},{"not_picked":["Bouncing Flask+1","PiercingWail"],"picked":"Blade Dance+1","floor":37},{"not_picked":["Expertise","Leg Sweep+1"],"picked":"Poisoned Stab+1","floor":39},{"not_picked":["Riddle With Holes+1","Bane+1"],"picked":"Footwork","floor":40},{"not_picked":["PiercingWail+1","Sucker Punch+1"],"picked":"Slice+1","floor":44},{"not_picked":["Sucker Punch+1","Distraction","Deflect"],"picked":"SKIP","floor":45},{"not_picked":["Tools of the Trade","Bane+1"],"picked":"Infinite Blades+1","floor":47},{"not_picked":["Noxious Fumes","Dodge and Roll"],"picked":"Dagger Spray+1","floor":48}],"player_experience":483563,"relics_obtained":[{"floor":6,"key":"Lizard Tail"},{"floor":9,"key":"Mercury Hourglass"},{"floor":13,"key":"The Courier"},{"floor":20,"key":"Red Mask"},{"floor":26,"key":"Molten Egg 2"},{"floor":30,"key":"Pen Nib"},{"floor":40,"key":"Snake Skull"},{"floor":43,"key":"Boot"}],"event_choices":[{"damage_healed":0,"gold_gain":0,"player_choice":"Leave","damage_taken":0,"max_hp_gain":0,"max_hp_loss":0,"event_name":"The Cleric","floor":3,"gold_loss":0},{"damage_healed":0,"gold_gain":0,"player_choice":"Upgraded","damage_taken":0,"max_hp_gain":0,"max_hp_loss":0,"event_name":"Upgrade Shrine","floor":4,"gold_loss":0,"cards_upgraded":["Riddle With Holes"]},{"damage_healed":62,"gold_gain":0,"player_choice":"Upgrade","damage_taken":14,"max_hp_gain":0,"max_hp_loss":70,"event_name":"betterThird:BetterShining","floor":14,"gold_loss":0,"cards_upgraded":["Backstab","Slice"]},{"damage_healed":0,"gold_gain":0,"player_choice":"Fought Bandits","damage_taken":0,"max_hp_gain":0,"max_hp_loss":0,"event_name":"Masked Bandits","floor":20,"gold_loss":0},{"damage_healed":0,"gold_gain":0,"player_choice":"Read","damage_taken":0,"max_hp_gain":0,"max_hp_loss":0,"event_name":"The Library","floor":21,"gold_loss":0,"cards_obtained":["Dagger Spray"]},{"damage_healed":0,"gold_gain":0,"player_choice":"Bought 1 Potion","damage_taken":0,"max_hp_gain":0,"max_hp_loss":0,"event_name":"The Woman in Blue","floor":22,"gold_loss":0},{"damage_healed":0,"gold_gain":0,"player_choice":"Damaged","damage_taken":8,"max_hp_gain":0,"max_hp_loss":0,"event_name":"Wheel of Change","floor":38,"gold_loss":0}],"is_beta":false,"boss_relics":[{"not_picked":["Snecko Eye","Ectoplasm"],"picked":"SacredBark"},{"not_picked":["Astrolabe","Velvet Choker"],"picked":"Sozu"}],"items_purged_floors":[29],"is_endless":false,"potions_floor_spawned":[7,10,11,13,19,20,24,33,40,44,45,47],"ascension_level":0}}