{"host":"pudpulos1ip4szmk","time":1608286079,"event":{"mods":["Act Like it!","BaseMod","Minty Spire (QoL Compilation)","StSLib","¿œ“¡¿Ú—≈"],"gold_per_floor":[109,109,121,140,157,187,112,126,126,152,52,77,88,108,108,211,211,248,279,279,204,79,79,112,112,112,143,242,192,238,255,255,360,360,403,403,414,428,378,412,412,439,439,439,491,521,541,415,415,415,415,415,67,95,125],"floor_reached":56,"playtime":2575,"items_purged":["PrismaMod:IllyaCommonDefend","PrismaMod:IllyaCommonAttack","PrismaMod:IllyaCommonAttack","PrismaMod:IllyaCommonAttack","PrismaMod:IllyaCommonAttack+1","PrismaMod:IllyaUncommonAttack+1","PrismaMod:IllyaCommonDefend"],"score":1568,"play_id":"ec294549-4a5a-4255-9e04-787d4b7a2f1a","local_time":"20201218180759","is_ascension_mode":true,"campfire_choices":[{"data":"PrismaMod:IllyaPoisonBomb","floor":15.0,"key":"SMITH"},{"data":"PrismaMod:IllyaUberDefendChannel","floor":23.0,"key":"SMITH"},{"data":"PrismaMod:IllyaUncommonDefend","floor":25.0,"key":"SMITH"},{"data":"PrismaMod:IllyaCarnivalPrismaAstolfo","floor":32.0,"key":"SMITH"},{"floor":41,"key":"RECALL"},{"data":"Apotheosis","floor":44,"key":"SMITH"},{"data":"PrismaMod:IllyaDevil","floor":49,"key":"SMITH"},{"data":"PrismaMod:IllyaCommandSeal","floor":52,"key":"SMITH"}],"circlet_count":0,"master_deck":["PrismaMod:IllyaCommonDefend+1","PrismaMod:IllyaUncommonDefend+1","PrismaMod:IllyaBride+1","PrismaMod:IllyaPoisonTippedWeapons","PrismaMod:IllyaUberDefendChannel+1","PrismaMod:IllyaPoisonBomb+1","PrismaMod:IllyaCommandSeal+1","PrismaMod:IllyaCarnivalPrismaAstolfo+1","PrismaMod:IllyaInstallAlterEgo","Apotheosis+1","PrismaMod:IllyaCommandSeal+1","PrismaMod:IllyaDevil+1","PrismaMod:IllyaAlice+1"],"relics":["Empty Cage","Frozen Egg 2","Gremlin Horn","Sundial","Runic Dome","Red Mask","Smiling Mask","HornCleat","Whetstone","War Paint","Runic Pyramid","Happy Flower","Ancient Tea Set","StoneCalendar","Boot","Pen Nib","Bronze Scales","Pear"],"acts_visited":["Exordium","TheCity","TheBeyond","TheEnding"],"potions_floor_usage":[55],"damage_taken":[{"damage":6.0,"enemies":"Cultist","floor":1.0,"turns":3.0},{"damage":2.0,"enemies":"Small Slimes","floor":3.0,"turns":4.0},{"damage":0.0,"enemies":"2 Louse","floor":4.0,"turns":4.0},{"damage":7.0,"enemies":"2 Fungi Beasts","floor":5.0,"turns":6.0},{"damage":0.0,"enemies":"Lagavulin","floor":6.0,"turns":10.0},{"damage":0.0,"enemies":"Blue Slaver","floor":8.0,"turns":6.0},{"damage":4.0,"enemies":"3 Sentries","floor":10.0,"turns":12.0},{"damage":0.0,"enemies":"Lagavulin","floor":12.0,"turns":9.0},{"damage":0.0,"enemies":"3 Louse","floor":13.0,"turns":5.0},{"damage":0.0,"enemies":"Looter","floor":14.0,"turns":4.0},{"damage":23.0,"enemies":"Slime Boss","floor":16.0,"turns":10.0},{"damage":0.0,"enemies":"Chosen","floor":18.0,"turns":5.0},{"damage":8.0,"enemies":"Masked Bandits","floor":19.0,"turns":3.0},{"damage":0.0,"enemies":"Gremlin Leader","floor":24.0,"turns":6.0},{"damage":5.0,"enemies":"Slavers","floor":27.0,"turns":5.0},{"damage":0.0,"enemies":"Book of Stabbing","floor":30.0,"turns":6.0},{"damage":0.0,"enemies":"Spheric Guardian","floor":31.0,"turns":5.0},{"damage":4.0,"enemies":"Collector","floor":33.0,"turns":9.0},{"damage":0.0,"enemies":"3 Darklings","floor":35.0,"turns":4.0},{"damage":1,"enemies":"Orb Walker","floor":37,"turns":5},{"damage":0,"enemies":"3 Darklings","floor":38,"turns":4},{"damage":4,"enemies":"Giant Head","floor":40,"turns":9},{"damage":7,"enemies":"Reptomancer","floor":42,"turns":8},{"damage":0,"enemies":"2 Orb Walkers","floor":45,"turns":7},{"damage":8,"enemies":"Nemesis","floor":46,"turns":9},{"damage":3,"enemies":"Transient","floor":47,"turns":5},{"damage":9,"enemies":"Awakened One","floor":50,"turns":13},{"damage":0,"enemies":"Shield and Spear","floor":54,"turns":4},{"damage":7,"enemies":"The Heart","floor":55,"turns":10}],"seed_played":"-3486742696642714751","potions_obtained":[{"floor":1.0,"key":"DuplicationPotion"},{"floor":3.0,"key":"SteroidPotion"},{"floor":4.0,"key":"Weak Potion"},{"floor":6.0,"key":"Fire Potion"},{"floor":12.0,"key":"FairyPotion"},{"floor":14.0,"key":"ColorlessPotion"},{"floor":18.0,"key":"Fire Potion"},{"floor":24.0,"key":"LiquidBronze"},{"floor":30.0,"key":"FairyPotion"}],"is_trial":false,"path_per_floor":["M","?","M","M","M","E","$","M","T","E","$","E","M","M","R","B",null,"M","?","?","?","$","R","E","R","T","E","?","$","E","M","R","B",null,"M","?","M","M","$","E","R","E","T","R","?","E","M","$","R","B",null,"R","$","E","B",null],"character_chosen":"ILLYA","items_purchased":["PrismaMod:IllyaDevil","Pen Nib","Bronze Scales"],"campfire_rested":0,"item_purchase_floors":[48,53,53],"current_hp_per_floor":[69,69,67,67,60,60,60,60,60,56,56,56,56,56,56,36,75,75,72,58,58,58,58,63,63,63,61,61,61,64,66,66,68,86,86,86,88,89,89,89,89,87,87,87,92,87,95,95,95,94,98,98,98,111,111],"gold":125,"neow_bonus":"BOSS_RELIC","is_daily":false,"chose_seed":false,"campfire_upgraded":7,"win_rate":0.0,"timestamp":1608286079,"path_taken":["M","?","M","M","M","E","$","M","T","E","$","E","M","M","R","BOSS","M","?","?","?","?","R","E","R","T","E","?","$","E","M","R","BOSS","M","?","M","M","$","E","R","E","T","R","?","E","M","$","R","BOSS","R","$","E","BOSS"],"items_purchased_type":["Card","Relic","Relic"],"build_version":"2020-12-13","purchased_purges":7,"victory":true,"max_hp_per_floor":[75,75,75,75,75,75,75,75,75,75,75,75,75,75,75,75,75,75,77,82,82,82,82,84,84,84,84,84,84,84,86,86,86,86,86,86,89,89,89,89,89,89,89,89,92,95,95,95,95,98,98,98,98,111,111],"card_choices":[{"not_picked":["PrismaMod:IllyaUncommonAttack","PrismaMod:IllyaUberPoisonBlock","PrismaMod:IllyaBoysLove"],"picked":"SKIP","floor":1.0},{"not_picked":["PrismaMod:IllyaDetonatingBlow","PrismaMod:IllyaCheapDefend"],"picked":"PrismaMod:IllyaBride","floor":3.0},{"not_picked":["PrismaMod:IllyaMinorReinForce","PrismaMod:IllyaPoisoningPhantasm"],"picked":"PrismaMod:IllyaPoisonTippedWeapons","floor":4.0},{"not_picked":["PrismaMod:IllyaRubysPotion","PrismaMod:IllyaFeed"],"picked":"PrismaMod:IllyaUberDefendChannel","floor":5.0},{"not_picked":["PrismaMod:IllyaBride","PrismaMod:IllyaHassanGift","PrismaMod:IllyaCheapChannelDefend"],"picked":"SKIP","floor":6.0},{"not_picked":["PrismaMod:IllyaGrailKun","PrismaMod:IllyaPoisoningPhantasm"],"picked":"PrismaMod:IllyaPoisonBomb","floor":8.0},{"not_picked":["PrismaMod:IllyaStunPoison","PrismaMod:IllyaAssassinRevenge","PrismaMod:IllyaCarnivalAttack"],"picked":"SKIP","floor":10.0},{"not_picked":["PrismaMod:IllyaPoisonBomb","PrismaMod:IllyaCheapDefend","PrismaMod:IllyaUberChannel"],"picked":"SKIP","floor":12.0},{"not_picked":["PrismaMod:IllyaRapidFire","PrismaMod:IllyaPartialInstallAssassin","PrismaMod:IllyaTestament"],"picked":"SKIP","floor":13.0},{"not_picked":["PrismaMod:IllyaMinorRapidFire","PrismaMod:IllyaCheapChannelDefend"],"picked":"PrismaMod:IllyaCommandSeal","floor":14.0},{"not_picked":["PrismaMod:IllyaCarnivalAttack","PrismaMod:IllyaInstallMoonCancer"],"picked":"PrismaMod:IllyaCarnivalPrismaAstolfo","floor":16.0},{"not_picked":["PrismaMod:IllyaMinorZwei","PrismaMod:IllyaTestament","PrismaMod:IllyaBride"],"picked":"SKIP","floor":18.0},{"not_picked":["PrismaMod:IllyaRubysPotion","PrismaMod:IllyaAlice+1","PrismaMod:IllyaUpgradeOrbs"],"picked":"SKIP","floor":24.0},{"not_picked":["PrismaMod:IllyaRussianRoulette","PrismaMod:IllyaCommonEvoke","PrismaMod:IllyaMaid"],"picked":"SKIP","floor":27.0},{"not_picked":["PrismaMod:IllyaBerserCAR+1","PrismaMod:IllyaRapidFire","PrismaMod:IllyaGun+1"],"picked":"SKIP","floor":30.0},{"not_picked":["PrismaMod:IllyaUncommonAttack+1","PrismaMod:IllyaPoisonBomb","PrismaMod:IllyaUncommonDefend"],"picked":"SKIP","floor":31.0},{"not_picked":["PrismaMod:IllyaInstallForeigner","PrismaMod:IllyaInstallAvenger"],"picked":"PrismaMod:IllyaInstallAlterEgo","floor":33.0},{"not_picked":["PrismaMod:IllyaCheapChannelAttack+1","PrismaMod:IllyaAOECommonAttack+1","PrismaMod:IllyaSaphire"],"picked":"SKIP","floor":35.0},{"not_picked":["Dark Shackles","Swift Strike"],"picked":"Apotheosis","floor":36},{"not_picked":["PrismaMod:IllyaUncommonAOEAttack","PrismaMod:IllyaFeed+1"],"picked":"PrismaMod:IllyaCommandSeal+1","floor":37},{"not_picked":["PrismaMod:IllyaSaphire+1","PrismaMod:IllyaBerserCAR","PrismaMod:IllyaPoisonBomb"],"picked":"SKIP","floor":38},{"not_picked":["PrismaMod:IllyaAssassinRevenge","PrismaMod:IllyaTestament+1","PrismaMod:IllyaUncommonAttack"],"picked":"SKIP","floor":40},{"not_picked":["PrismaMod:IllyaAOECommonAttack+1","PrismaMod:IllyaPoisonBomb","PrismaMod:IllyaInstallBerserker"],"picked":"SKIP","floor":42},{"not_picked":["PrismaMod:IllyaUncommonEvoke+1","PrismaMod:IllyaHassanGift","PrismaMod:IllyaCheapChannelAttack"],"picked":"SKIP","floor":46},{"not_picked":["PrismaMod:IllyaBoysLove+1","PrismaMod:IllyaStunPoison","PrismaMod:IllyaGun"],"picked":"SKIP","floor":47},{"not_picked":["PrismaMod:IllyaGun","PrismaMod:IllyaBride"],"picked":"PrismaMod:IllyaAlice+1","floor":54}],"player_experience":3873105,"relics_obtained":[{"floor":6.0,"key":"Frozen Egg 2"},{"floor":9.0,"key":"Gremlin Horn"},{"floor":12.0,"key":"Sundial"},{"floor":19.0,"key":"Red Mask"},{"floor":24.0,"key":"Smiling Mask"},{"floor":26.0,"key":"HornCleat"},{"floor":27.0,"key":"Whetstone"},{"floor":30.0,"key":"War Paint"},{"floor":40,"key":"Happy Flower"},{"floor":42,"key":"Ancient Tea Set"},{"floor":45,"key":"StoneCalendar"},{"floor":46,"key":"Boot"},{"floor":54,"key":"Pear"}],"event_choices":[{"damage_healed":0.0,"max_hp_gain":0.0,"max_hp_loss":0.0,"gold_gain":0.0,"event_name":"Liars Game","player_choice":"Ignored","floor":2.0,"gold_loss":0.0,"damage_taken":0.0},{"damage_healed":0.0,"max_hp_gain":0.0,"max_hp_loss":0.0,"gold_gain":0.0,"event_name":"Masked Bandits","player_choice":"Fought Bandits","floor":19.0,"gold_loss":0.0,"damage_taken":0.0},{"damage_healed":0.0,"max_hp_gain":5.0,"max_hp_loss":0.0,"gold_gain":0.0,"event_name":"Forgotten Altar","player_choice":"Shed Blood","floor":20.0,"gold_loss":0.0,"damage_taken":19.0},{"cards_removed":["PrismaMod:IllyaCommonDefend"],"damage_healed":0.0,"max_hp_gain":0.0,"max_hp_loss":0.0,"gold_gain":0.0,"event_name":"Beggar","player_choice":"Gave Gold","floor":21.0,"gold_loss":75.0,"damage_taken":0.0},{"damage_healed":0.0,"max_hp_gain":0.0,"max_hp_loss":0.0,"gold_gain":99.0,"event_name":"Nest","player_choice":"Stole From Cult","floor":28.0,"gold_loss":0.0,"damage_taken":0.0},{"damage_healed":0,"gold_gain":0,"player_choice":"Memory 1","damage_taken":0,"max_hp_gain":0,"max_hp_loss":0,"event_name":"SensoryStone","floor":36,"gold_loss":0},{"damage_healed":0,"gold_gain":0,"player_choice":"Fight","damage_taken":0,"max_hp_gain":0,"max_hp_loss":0,"event_name":"Mysterious Sphere","floor":45,"gold_loss":0}],"is_beta":false,"boss_relics":[{"not_picked":["SacredBark","Ectoplasm"],"picked":"Runic Dome"},{"not_picked":["Black Star","Velvet Choker"],"picked":"Runic Pyramid"}],"items_purged_floors":[7,11,22,29,39,48,53],"is_endless":false,"potions_floor_spawned":[1,3,4,6,12,14,18,24,30,35,40,42,47,54],"ascension_level":1}}