{"host":"d61vkvf8c80cu18y","time":1608268976,"event":{"mods":["2.2 Compatiblity","AchievementEnabler","AlwaysNeverKeys","Aspiration","BaseMod","Better Altar","Better Note","Better Sensory Stone","Better Skull","Better Third Choice","BetterRewards","Challenge The Spire","Conspire","Custom Start","Energized Spire","GifTheSpireLib","Hermit","Highlight Path","Hubris","Infinite Spire","Ironclad Rager","Marked Mod","Minty Spire (QoL Compilation)","Quick Restart","Rare Cards Sparkle","Relic Filter","Replay The Spire","Retaliation","Shade Mod","Shop Mod","Spicy Shops","Spikes Relics","StSLib","Stuff the Spire","The Blue Laboratory","The Cursed","The Runesmith","The Sage","The Servant 0.9.4","TheVacant","Thieving Mod","Virulent Crown","thorton"],"gold_per_floor":[118,20,34,209,219,219,219,219,243,243,254,254,286,304,304,304,304],"floor_reached":16,"playtime":898,"items_purged":[],"score":125,"play_id":"3cb0f122-4348-42de-8fb5-44f08c2cfad7","local_time":"20201217232256","is_ascension_mode":false,"campfire_choices":[{"data":"Shade:CallOfTheGrave","floor":6,"key":"SMITH"},{"data":"Shade:CallOfTheGrave","floor":8,"key":"SMITH"},{"floor":15,"key":"REST"}],"circlet_count":0,"master_deck":["Shade:Strike_Shade","Shade:Strike_Shade","Shade:Strike_Shade","Shade:Strike_Shade","Shade:Defend_Shade+1","Shade:Defend_Shade","Shade:Defend_Shade","Shade:Defend_Shade","Shade:AnimateDead","Shade:CarefulCut+1","Shade:CallOfTheGrave+1","Shade:SensePrey+1","Shade:SensePrey+1","Shade:Bonestorm+1","Shade:CallOfTheGrave+1","Doubt","Shade:ExtraLimbs"],"relics":["Shade:YorickSkull","Golden Egg","Strawberry","Pen Nib"],"acts_visited":["Exordium"],"potions_floor_usage":[13],"damage_taken":[{"damage":0,"enemies":"Small Slimes","floor":1,"turns":2},{"damage":0,"enemies":"2 Louse","floor":3,"turns":2},{"damage":0,"enemies":"Cultist","floor":5,"turns":3},{"damage":0,"enemies":"Looter","floor":11,"turns":2},{"damage":0,"enemies":"Lagavulin","floor":13,"turns":5},{"damage":0,"enemies":"Blue Slaver","floor":14,"turns":2},{"damage":49,"enemies":"The Guardian","floor":16,"turns":9}],"seed_played":"-8109333444520306769","potions_obtained":[{"floor":1,"key":"blueLaboratory:BottledHope"},{"floor":5,"key":"FearPotion"},{"floor":13,"key":"blueLaboratory:TrueEctoplasm"}],"is_trial":false,"path_per_floor":["M","$","M","?","M","R","?","R","T","$","M","?","E","M","R","B"],"character_chosen":"SHADE","items_purchased":["Shade:CallOfTheGrave","Golden Egg","Shade:SensePrey","Shade:SensePrey+1","Shade:Bonestorm"],"campfire_rested":1,"item_purchase_floors":[0,0,0,0,2],"current_hp_per_floor":[34,34,34,34,34,34,34,34,41,41,41,27,27,27,48,0,0],"gold":304,"neow_bonus":"","is_daily":false,"chose_seed":false,"campfire_upgraded":2,"win_rate":0.0,"timestamp":1608268976,"path_taken":["M","$","M","?","M","R","?","R","T","$","M","?","E","M","R","BOSS"],"items_purchased_type":["Card","Relic","Card","Card","Card"],"build_version":"2020-12-13","purchased_purges":0,"victory":false,"max_hp_per_floor":[65,65,65,65,65,65,65,65,72,72,72,72,72,72,72,72,72],"card_choices":[{"not_picked":["Shade:SpontaneousRitual","Shade:ClawBack","Shade:GraveStillness"],"picked":"SKIP","floor":1},{"not_picked":["Shade:Brains","Shade:Bonestorm"],"picked":"Shade:CallOfTheGrave","floor":3},{"not_picked":["Shade:AblativeArmor","Shade:CoffinDance","Shade:FeralStrike"],"picked":"SKIP","floor":5},{"not_picked":["Shade:GraveStillness","Shade:SkeletonHug"],"picked":"Shade:ExtraLimbs","floor":11},{"not_picked":["Shade:WallOfFlesh","Shade:FeralStrike","Shade:BoneShards"],"picked":"SKIP","floor":13},{"not_picked":["Shade:SanguineRitual","Shade:UnbarTheGrave","Shade:FleshToFlesh"],"picked":"SKIP","floor":14}],"player_experience":372694,"relics_obtained":[{"floor":9,"key":"Strawberry"},{"floor":13,"key":"Pen Nib"}],"event_choices":[{"damage_healed":0,"gold_gain":175,"player_choice":"AGREE","damage_taken":34,"max_hp_gain":0,"max_hp_loss":0,"event_name":"betterThird:BetterSerpent","floor":4,"gold_loss":0},{"damage_healed":0,"gold_gain":0,"player_choice":"Leave","damage_taken":0,"max_hp_gain":0,"max_hp_loss":0,"event_name":"conspire:Investor","floor":7,"gold_loss":0},{"damage_healed":41,"gold_gain":0,"player_choice":"Upgrade","damage_taken":14,"max_hp_gain":0,"max_hp_loss":72,"event_name":"betterThird:BetterShining","floor":12,"gold_loss":0,"cards_upgraded":["Shade:Defend_Shade","Shade:CarefulCut"]}],"is_beta":false,"boss_relics":[],"items_purged_floors":[],"is_endless":false,"potions_floor_spawned":[1,5,13],"killed_by":"The Guardian","ascension_level":0}}