{"host":"cio38nbx9oobawt2","time":1608327615,"event":{"mods":["Aspiration","Bard","BaseMod","Challenge The Spire","Conspire","Downfall","KinomotoSakuraMod(ƒæ÷Æ±æ”£)","Koishi","Lobotomy","Marisa£®ÏF”Í°°ƒß¿Ì…≥£©","Minty Spire (QoL Compilation)","READ ME - Guardian Mod","Reimu£®≤©¿ˆ¡È√Œ£©","Remilia£®¿Ÿ√◊¿Ú—«£©","Replay The Spire","StSLib","The Animator","The Bug Knight","The Construct","The Cursed","The Gatherer","The Hierophant","The Jungle","The Runesmith","The Senshi","The Servant 0.9.4","Youmu£®ªÍ∆«—˝√Œ£©","[µÿæ´ ◊¡Ï≈¿À˛]The Maniac"],"gold_per_floor":[111,186,205,205,215,248,248,261,340,375,428,428,453,553,553,664,664,664,664],"floor_reached":18,"playtime":770,"items_purged":[],"score":178,"play_id":"5efe5252-50ba-46f6-98bf-19e453f3043b","local_time":"20201218214015","is_ascension_mode":false,"campfire_choices":[{"floor":7,"key":"REST"},{"floor":12,"key":"REST"},{"floor":15,"key":"REST"}],"circlet_count":0,"master_deck":["maniac:Strike","maniac:Strike","maniac:Strike","maniac:Strike","maniac:Strike","maniac:Defend","maniac:Defend","maniac:Defend","maniac:Defend","maniac:BurnBlood","maniac:AbyssShackle+1","maniac:ObscuredAttack","maniac:UntravelledPath","maniac:BladeShoot","maniac:ArmToTheTeeth+1","maniac:Recollect","maniac:Quickdraw+1","maniac:BladeArtist","maniac:HammerDown"],"relics":["maniac:DamagedAnvil","maniac:BrokenHorn","Toxic Egg 2","Replay:Ringing Soul","Blue Candle","Replay:Wax Seal","Replay:Bandana","Runesmith:UraniumAnvil"],"acts_visited":["Exordium","TheCity"],"potions_floor_usage":[8,8],"damage_taken":[{"damage":6,"enemies":"Jaw Worm","floor":1,"turns":3},{"damage":2,"enemies":"Small Slimes","floor":3,"turns":2},{"damage":2,"enemies":"Cultist","floor":5,"turns":3},{"damage":18,"enemies":"Replay:BlueRogue","floor":6,"turns":6},{"damage":13,"enemies":"Exordium Thugs","floor":8,"turns":4},{"damage":20,"enemies":"3 Sentries","floor":10,"turns":6},{"damage":32,"enemies":"Gremlin Nob","floor":13,"turns":4},{"damage":51,"enemies":"Hexaghost","floor":16,"turns":11},{"damage":0,"enemies":"Spheric Guardian","floor":18,"turns":1}],"seed_played":"-2605531471504690772","potions_obtained":[{"floor":3,"key":"Energy Potion"},{"floor":6,"key":"hexamod:EctoCoolerPotion"},{"floor":8,"key":"CultistPotion"},{"floor":16,"key":"Doom Potion"}],"is_trial":false,"path_per_floor":["M","?","M","?","M","E","R","M","T","E","T","R","E","?","R","B",null,"M"],"character_chosen":"THE_MANIAC","items_purchased":[],"campfire_rested":3,"item_purchase_floors":[],"current_hp_per_floor":[74,63,61,80,78,60,80,67,67,50,50,74,45,45,70,22,89,89,89],"gold":664,"neow_bonus":"UPGRADE_CARD","is_daily":false,"chose_seed":false,"campfire_upgraded":0,"win_rate":0.0,"timestamp":1608327615,"path_taken":["M","?","M","?","?","E","R","M","T","E","?","R","E","?","R","BOSS","M"],"items_purchased_type":[],"build_version":"2020-12-13","purchased_purges":0,"victory":false,"max_hp_per_floor":[80,80,80,80,80,80,80,80,80,83,83,83,86,86,86,89,89,89,89],"card_choices":[{"not_picked":["maniac:DashForward","maniac:PanickyParry"],"picked":"maniac:ObscuredAttack","floor":1},{"not_picked":["maniac:UndyingDesire","maniac:ShelteringEdge"],"picked":"maniac:UntravelledPath","floor":3},{"not_picked":["maniac:PanickyParry","maniac:Confront"],"picked":"maniac:BladeShoot","floor":5},{"not_picked":["maniac:SpectralKnives","maniac:SpectralFlash"],"picked":"maniac:ArmToTheTeeth+1","floor":6},{"not_picked":["maniac:UndyingDesire+1","maniac:WardAndDefend+1"],"picked":"maniac:Recollect","floor":8},{"not_picked":["maniac:PanickyParry+1","maniac:FindAShortcut+1"],"picked":"maniac:Quickdraw+1","floor":10},{"not_picked":["maniac:Exterminator","maniac:BladeShoot"],"picked":"maniac:BladeArtist","floor":13},{"not_picked":["maniac:Deal+1","maniac:RallyToMe"],"picked":"maniac:HammerDown","floor":16}],"player_experience":593728,"relics_obtained":[{"floor":6,"key":"Toxic Egg 2"},{"floor":9,"key":"Replay:Ringing Soul"},{"floor":10,"key":"Blue Candle"},{"floor":11,"key":"Replay:Wax Seal"},{"floor":13,"key":"Replay:Bandana"}],"event_choices":[{"damage_healed":0,"gold_gain":75,"player_choice":"Gather Gold","damage_taken":11,"max_hp_gain":0,"max_hp_loss":0,"event_name":"World of Goop","floor":2,"gold_loss":0},{"damage_healed":19,"gold_gain":0,"player_choice":"Full Heal","damage_taken":0,"max_hp_gain":0,"max_hp_loss":0,"event_name":"Wheel of Change","floor":4,"gold_loss":0},{"damage_healed":0,"gold_gain":100,"player_choice":"Pray","damage_taken":0,"max_hp_gain":0,"max_hp_loss":0,"event_name":"Golden Shrine","floor":14,"gold_loss":0}],"is_beta":false,"boss_relics":[{"not_picked":["conspire:RunicOctahedron","aspiration:RunicSpoon"],"picked":"Runesmith:UraniumAnvil"}],"items_purged_floors":[],"is_endless":false,"potions_floor_spawned":[3,6,8,16],"killed_by":"Spheric Guardian","ascension_level":0}}