{"host":"97bfbul5vt0mksxl","time":1608318671,"event":{"mods":["BaseMod","Colored Powertips","Highlight Path","Infinite Spire","Minty Spire (QoL Compilation)","Replay The Spire","Shop Mod","StSLib","SuperFastMode"],"gold_per_floor":[117,41,56,56,56,95,95,129,129,158,185,185,212,238,238,348,375,303,303,303,326,353,353,353],"floor_reached":23,"playtime":1134,"items_purged":[],"score":226,"play_id":"75aad5df-3619-458a-87ad-f1388cc5f700","local_time":"20201218161111","is_ascension_mode":false,"campfire_choices":[{"floor":12,"key":"REST"},{"data":"infinitespire:Execution","floor":15,"key":"SMITH"}],"circlet_count":0,"master_deck":["Strike_P","Strike_P","Strike_P","Strike_P","Defend_P","Defend_P","Defend_P","Defend_P","Eruption","Vigilance","Adaptation","Study","BattleHymn","ThirdEye","FollowUp","ReplayTheSpireMod:Restless Dread","Languid","infinitespire:Execution+1","JustLucky","Judgement","Alpha","Clumsy","Parasite","LikeWater+1","Wireheading","MasterReality"],"relics":["infinitespire:DarkRift","Du-Vu Doll","CeramicFish","infinitespire:Cubic Diamond","Mango","infinitespire:Eraser","Replay:Ancient Bell","Happy Flower","TeardropLocket","Replay:Purple Gloves","TungstenRod"],"acts_visited":["Exordium","TheCity"],"potions_floor_usage":[8,18,21,22,23,23],"damage_taken":[{"damage":0,"enemies":"Cultist","floor":1,"turns":4},{"damage":0,"enemies":"Small Slimes","floor":3,"turns":2},{"damage":34,"enemies":"Lagavulin","floor":6,"turns":6},{"damage":13,"enemies":"Gremlin Nob","floor":8,"turns":4},{"damage":0,"enemies":"Jaw Worm","floor":10,"turns":3},{"damage":20,"enemies":"Large Slime","floor":13,"turns":6},{"damage":0,"enemies":"2 Fungi Beasts","floor":14,"turns":4},{"damage":15,"enemies":"Hexaghost","floor":16,"turns":6},{"damage":30,"enemies":"3 Byrds","floor":18,"turns":6},{"damage":8,"enemies":"Chosen","floor":21,"turns":5},{"damage":17,"enemies":"Snecko","floor":22,"turns":5},{"damage":24,"enemies":"Gremlin Leader","floor":23,"turns":2}],"seed_played":"6740882800108868810","potions_obtained":[{"floor":3,"key":"Adrenaline Potion"},{"floor":8,"key":"Swift Potion"},{"floor":13,"key":"LiquidMemories"},{"floor":16,"key":"BlessingOfTheForge"},{"floor":18,"key":"ColorlessPotion"},{"floor":21,"key":"Ancient Potion"}],"is_trial":false,"path_per_floor":["M","$","M","?","?","E","?","E","T","M","?","R","M","M","R","B",null,"M","?","T","M","M","E"],"character_chosen":"WATCHER","items_purchased":["Study"],"campfire_rested":1,"item_purchase_floors":[2],"current_hp_per_floor":[79,79,79,79,79,45,45,46,46,46,46,73,53,53,53,38,93,63,45,45,37,20,0,0],"gold":353,"neow_bonus":"TEN_PERCENT_HP_BONUS","is_daily":false,"chose_seed":false,"campfire_upgraded":1,"win_rate":0.0,"timestamp":1608318671,"path_taken":["M","$","M","?","?","E","?","E","T","M","?","R","M","M","R","BOSS","M","?","?","M","M","E"],"items_purchased_type":["Card"],"build_version":"2020-12-13","purchased_purges":0,"victory":false,"max_hp_per_floor":[79,79,79,79,79,79,79,93,93,93,93,93,93,93,93,93,93,93,98,98,98,98,98,98],"card_choices":[{"not_picked":["SignatureMove","Wallop"],"picked":"Adaptation","floor":1},{"not_picked":["ClearTheMind","Crescendo"],"picked":"BattleHymn","floor":3},{"not_picked":["ConjureBlade","SpiritShield"],"picked":"ThirdEye","floor":6},{"not_picked":["Replay:BluntJabs","Blasphemy","Conclude"],"picked":"SKIP","floor":8},{"not_picked":["EmptyBody","Evaluate"],"picked":"FollowUp","floor":10},{"not_picked":["infinitespire:NeuralNetwork","ReplayTheSpireMod:Echoes of Time"],"picked":"infinitespire:Execution","floor":11},{"not_picked":["CrushJoints","ForeignInfluence"],"picked":"JustLucky","floor":13},{"not_picked":["Replay:DivineShield","CutThroughFate"],"picked":"Judgement","floor":14},{"not_picked":["Wish","Brilliance"],"picked":"Alpha","floor":16},{"not_picked":["Amnesia","Looming Evil"],"picked":"Clumsy","floor":17},{"not_picked":["Doubt","Pain"],"picked":"Parasite","floor":17},{"not_picked":["Pain","Normality"],"picked":"ReplayTheSpireMod:IOU","floor":17},{"not_picked":["CutThroughFate","Pray+1"],"picked":"LikeWater+1","floor":18},{"not_picked":["Replay:Vibes","ReachHeaven"],"picked":"Wireheading","floor":21},{"not_picked":["FlyingSleeves","ClearTheMind+1"],"picked":"MasterReality","floor":22}],"player_experience":151780,"relics_obtained":[{"floor":5,"key":"Du-Vu Doll"},{"floor":6,"key":"CeramicFish"},{"floor":8,"key":"Mango"},{"floor":9,"key":"infinitespire:Eraser"},{"floor":20,"key":"TungstenRod"}],"event_choices":[{"damage_healed":0,"gold_gain":0,"player_choice":"Leave","damage_taken":0,"max_hp_gain":0,"max_hp_loss":0,"event_name":"The Cleric","floor":4,"gold_loss":0},{"damage_healed":0,"gold_gain":0,"player_choice":"Shed Blood","damage_taken":23,"max_hp_gain":5,"max_hp_loss":0,"event_name":"Forgotten Altar","floor":19,"gold_loss":0}],"is_beta":false,"boss_relics":[{"not_picked":["ChewingGum","Honey Jar"],"picked":"Replay:Ancient Bell"},{"not_picked":["infinitespire:PuzzleCube","infinitespire:Satchel"],"picked":"Happy Flower"},{"not_picked":["Replay:Bottled Steam","Kunai"],"picked":"TeardropLocket"},{"not_picked":["WingedGreaves","Lizard Tail"],"picked":"Replay:Purple Gloves"}],"items_purged_floors":[],"is_endless":false,"potions_floor_spawned":[3,8,13,16,18,21],"killed_by":"Gremlin Leader","ascension_level":0}}