{"host":"iy58fyt9wsbv4cf1","time":1608270640,"event":{"mods":["BaseMod","Better Altar","Better Match","Better Skull","Better Third Choice","BetterRewards","Conspire","Custom Start","Defuse TimeMaze Blight","Hubris","Infinite Spire","Minty Spire (QoL Compilation)","Permanent Neow","Quick Restart","Spicy Shops","StSLib"],"gold_per_floor":[113,113,125,136,136,136,171,171,171,71,71,71,71,90,90,185,185,205,205,205,223,235,261,275,37,108,121,121,132,7,7,7,7,7],"floor_reached":33,"playtime":1094,"items_purged":["Strike_G","Strike_G","Strike_G","Defend_G"],"score":290,"play_id":"2652f3a7-5efd-49c0-9eb9-9e61a0550e1d","local_time":"20201218005040","is_ascension_mode":false,"campfire_choices":[{"data":"Finisher","floor":6.0,"key":"SMITH"},{"floor":12.0,"key":"REST"},{"floor":15.0,"key":"REST"},{"data":"Catalyst","floor":28,"key":"SMITH"},{"data":"Cloak And Dagger","floor":32,"key":"SMITH"}],"circlet_count":0,"master_deck":["Strike_G","Strike_G","Defend_G","Defend_G","Defend_G","Defend_G","Survivor","Neutralize","Blade Dance+1","Finisher+1","Master of Strategy","Backflip","Deflect","Die Die Die","infinitespire:Neurotoxin","Cloak And Dagger+1","Adrenaline","Blur","Slice+1","Deflect+1","Catalyst+1","Catalyst"],"relics":["Ring of the Snake","Nunchaku","conspire:GiftBox","hubris:Icosahedron","PreservedInsect","Question Card","infinitespire:Cupcake","hubris:TerracottaHorce","Toolbox","DollysMirror"],"acts_visited":["Exordium","TheCity"],"potions_floor_usage":[16,33],"damage_taken":[{"damage":0.0,"enemies":"2 Louse","floor":1.0,"turns":3.0},{"damage":0.0,"enemies":"Jaw Worm","floor":3.0,"turns":2.0},{"damage":1.0,"enemies":"Small Slimes","floor":4.0,"turns":4.0},{"damage":22.0,"enemies":"Gremlin Nob","floor":7.0,"turns":4.0},{"damage":3.0,"enemies":"Exordium Thugs","floor":14.0,"turns":5.0},{"damage":26,"enemies":"Slime Boss","floor":16,"turns":12},{"damage":0,"enemies":"Shell Parasite","floor":18,"turns":4},{"damage":2,"enemies":"3 Byrds","floor":21,"turns":3},{"damage":1,"enemies":"conspire:HollyBat","floor":22,"turns":9},{"damage":0,"enemies":"Gremlin Leader","floor":23,"turns":3},{"damage":22,"enemies":"Snecko","floor":24,"turns":5},{"damage":3,"enemies":"Snake Plant","floor":27,"turns":3},{"damage":0,"enemies":"Centurion and Healer","floor":29,"turns":4},{"damage":51,"enemies":"Champ","floor":33,"turns":9}],"seed_played":"-1461844911771862302","potions_obtained":[{"floor":1.0,"key":"SkillPotion"},{"floor":14.0,"key":"Energy Potion"},{"floor":18,"key":"infinitespire:BlackPotion"},{"floor":22,"key":"Fire Potion"},{"floor":27,"key":"SpeedPotion"}],"is_trial":false,"path_per_floor":["M","$","M","M","?","R","E","?","T","$","?","R","$","M","R","B",null,"M","AVR","?","M","M","E","M","$","T","M","R","M","$","$","R","B"],"character_chosen":"THE_SILENT","items_purchased":["Nunchaku","Blade Dance","Finisher","Master of Strategy","Backflip","Catalyst","DollysMirror"],"campfire_rested":2,"item_purchase_floors":[0,0,0,0,0,25,25],"current_hp_per_floor":[38,38,38,37,37,37,15,15,15,15,8,29,29,26,47,21,70,70,70,70,68,67,67,45,45,45,42,42,42,42,42,42,0,0],"gold":7,"neow_bonus":"","is_daily":false,"chose_seed":false,"campfire_upgraded":3,"win_rate":0.0,"timestamp":1608270640,"path_taken":["M","$","M","M","?","R","E","?","T","?","?","R","$","M","R","BOSS","M","AVR","?","M","M","E","M","$","T","M","R","M","?","$","R","BOSS"],"items_purchased_type":["Relic","Card","Card","Card","Card","Card","Relic"],"build_version":"2020-12-13","purchased_purges":4,"victory":false,"max_hp_per_floor":[70,70,70,70,70,70,70,70,70,70,70,70,70,70,70,70,70,70,70,70,70,70,70,70,70,70,70,70,70,70,70,70,70,70],"card_choices":[{"not_picked":["Poisoned Stab","Deadly Poison"],"picked":"Deflect","floor":1.0},{"not_picked":["Deadly Poison","hubris:TrickCloak","Well Laid Plans"],"picked":"SKIP","floor":3.0},{"not_picked":["Prepared","Crippling Poison","Riddle With Holes"],"picked":"SKIP","floor":4.0},{"not_picked":["Venomology","Storm of Steel"],"picked":"Die Die Die","floor":7.0},{"not_picked":["Eviscerate","Dagger Throw"],"picked":"infinitespire:Neurotoxin","floor":7.0},{"not_picked":["Setup","Slice","Endless Agony"],"picked":"Cloak And Dagger","floor":14.0},{"not_picked":["Doppelganger","Night Terror","Envenom"],"picked":"Adrenaline","floor":16},{"not_picked":["Concentrate","Predator","Quick Slash+1"],"picked":"Blur","floor":18},{"not_picked":["Deadly Poison","Bouncing Flask","Quick Slash","Heel Hook"],"picked":"SKIP","floor":21},{"not_picked":["Flechettes+1","Dagger Throw","Outmaneuver","Heel Hook"],"picked":"SKIP","floor":22},{"not_picked":["Bouncing Flask","Caltrops","hubris:SlightOfHand"],"picked":"Slice+1","floor":23},{"not_picked":["Venomology","Poisoned Stab+1","Backflip"],"picked":"Deflect+1","floor":24},{"not_picked":["Outmaneuver","Dodge and Roll+1","Deflect","Caltrops"],"picked":"SKIP","floor":27},{"not_picked":["Cloak And Dagger","Heel Hook","Deflect","Slice"],"picked":"SKIP","floor":29}],"player_experience":86623,"relics_obtained":[{"floor":7.0,"key":"conspire:GiftBox"},{"floor":9.0,"key":"PreservedInsect"}],"event_choices":[{"damage_healed":0.0,"max_hp_gain":0.0,"max_hp_loss":0.0,"gold_gain":0.0,"event_name":"betterThird:BetterScrap","player_choice":"Relic ","floor":11.0,"gold_loss":0.0,"damage_taken":7.0,"cards_obtained":["SandsOfTime"]},{"damage_healed":0,"gold_gain":0,"player_choice":"Ignored","damage_taken":0,"max_hp_gain":0,"max_hp_loss":0,"event_name":"Cursed Tome","floor":20,"gold_loss":0}],"is_beta":false,"boss_relics":[{"not_picked":["hubris:HollowSoul","Astrolabe"],"picked":"infinitespire:Cupcake"}],"items_purged_floors":[0,10,19,30],"is_endless":false,"potions_floor_spawned":[1,14,18,22,27,29],"killed_by":"Champ","ascension_level":0}}