{"host":"quagnxip3u93mzqy","time":1608252672,"event":{"mods":["AchievementEnabler","BaseMod","Colored Powertips","Minty Spire (QoL Compilation)","Quick Restart","SuperFastMode"],"gold_per_floor":[116,116,116,140,63,63,94,94,94,94,130,130,163,252,252,380,407,405,675,300,300,309,309,309,309,361,361,374,122,256,256,256,394,394,426,450,459,496,121,121,454,511,557,557,590,615,41,66,66,66,66,66,11,49,49],"floor_reached":56,"playtime":2870,"items_purged":["Defend_G","Strike_G+1","Bane"],"score":1639,"play_id":"cc1a3f8d-0fa6-4516-b53d-e4c78e1cb704","local_time":"20201218005112","is_ascension_mode":true,"campfire_choices":[{"data":"Noxious Fumes","floor":6,"key":"SMITH"},{"data":"Neutralize","floor":8,"key":"SMITH"},{"data":"Caltrops","floor":10,"key":"SMITH"},{"data":"Survivor","floor":12,"key":"SMITH"},{"data":"Quick Slash","floor":15,"key":"SMITH"},{"data":"Footwork","floor":23,"key":"SMITH"},{"floor":32,"key":"REST"},{"data":"Adrenaline","floor":40,"key":"SMITH"},{"floor":44,"key":"RECALL"},{"data":"Footwork","floor":49,"key":"SMITH"},{"data":"Wraith Form v2","floor":52,"key":"SMITH"}],"circlet_count":0,"master_deck":["Defend_G+1","Defend_G+1","Defend_G+1","Defend_G+1","Survivor+1","Neutralize+1","Backstab+1","Noxious Fumes+1","Caltrops+1","PiercingWail","Quick Slash+1","Outmaneuver+1","Burst+1","Dagger Spray+1","Quick Slash+1","Noxious Fumes+1","Footwork+1","Catalyst","Adrenaline+1","Leg Sweep+1","Catalyst+1","Crippling Poison+1","Flash of Steel","Escape Plan+1","Calculated Gamble+1","Heel Hook+1","Deadly Poison","Dash+1","Sucker Punch+1","Wraith Form v2+1","Footwork+1","Well Laid Plans","Calculated Gamble","PiercingWail","Prepared","Endless Agony","Wraith Form v2"],"relics":["Ring of the Snake","NeowsBlessing","Regal Pillow","InkBottle","Eternal Feather","Oddly Smooth Stone","Juzu Bracelet","CeramicFish","Astrolabe","DollysMirror","Whetstone","Pantograph","OrangePellets","Prayer Wheel","The Courier","Letter Opener","Cursed Key","Orrery","Omamori","Calipers","Lantern","Nunchaku","Paper Crane","Bag of Marbles","Sundial"],"acts_visited":["Exordium","TheCity","TheBeyond","TheEnding"],"potions_floor_usage":[16,30,30,55,55,55],"damage_taken":[{"damage":0,"enemies":"Cultist","floor":1,"turns":1},{"damage":0,"enemies":"3 Sentries","floor":7,"turns":1},{"damage":0,"enemies":"Gremlin Nob","floor":11,"turns":1},{"damage":2,"enemies":"Lagavulin","floor":13,"turns":7},{"damage":9,"enemies":"3 Sentries","floor":14,"turns":6},{"damage":0,"enemies":"The Guardian","floor":16,"turns":9},{"damage":14,"enemies":"2 Thieves","floor":18,"turns":4},{"damage":12,"enemies":"Spheric Guardian","floor":28,"turns":4},{"damage":15,"enemies":"Colosseum Slavers","floor":30,"turns":4},{"damage":25,"enemies":"Colosseum Nobs","floor":30,"turns":5},{"damage":12,"enemies":"Collector","floor":33,"turns":8},{"damage":16,"enemies":"Orb Walker","floor":35,"turns":4},{"damage":0,"enemies":"3 Shapes","floor":36,"turns":4},{"damage":0,"enemies":"Jaw Worm Horde","floor":38,"turns":4},{"damage":10,"enemies":"2 Orb Walkers","floor":42,"turns":5},{"damage":1,"enemies":"4 Shapes","floor":45,"turns":4},{"damage":3,"enemies":"Writhing Mass","floor":46,"turns":4},{"damage":0,"enemies":"Sphere and 2 Shapes","floor":48,"turns":3},{"damage":19,"enemies":"Time Eater","floor":50,"turns":7},{"damage":12,"enemies":"Shield and Spear","floor":54,"turns":7},{"damage":52,"enemies":"The Heart","floor":55,"turns":8}],"seed_played":"5653597787576487083","potions_obtained":[{"floor":7,"key":"SteroidPotion"},{"floor":13,"key":"Poison Potion"},{"floor":28,"key":"ColorlessPotion"},{"floor":42,"key":"SteroidPotion"},{"floor":45,"key":"PowerPotion"},{"floor":46,"key":"LiquidMemories"},{"floor":54,"key":"Strength Potion"}],"is_trial":false,"path_per_floor":["M","?","?","T","$","R","E","R","T","R","E","R","E","?","R","B",null,"M","?","$","?","?","R","?","?","T","?","M","$","?","T","R","B",null,"M","M","?","M","$","R","?","?","T","R","M","M","$","M","R","B",null,"R","$","E","B",null],"character_chosen":"THE_SILENT","items_purchased":["Noxious Fumes","DollysMirror","Whetstone","OrangePellets","Flash of Steel","Orrery","Omamori","Footwork","Nunchaku","Paper Crane","Bag of Marbles","Well Laid Plans","Calculated Gamble","Prepared","Endless Agony"],"campfire_rested":1,"item_purchase_floors":[5,20,20,29,39,39,39,47,47,47,47,47,47,53,53],"current_hp_per_floor":[63,49,49,49,49,49,49,49,49,58,58,65,63,54,63,63,65,51,24,24,75,75,75,61,61,61,61,49,49,9,9,57,68,77,61,61,61,61,61,76,76,66,66,80,79,76,76,76,80,61,75,80,80,68,28],"gold":49,"neow_bonus":"THREE_ENEMY_KILL","is_daily":false,"chose_seed":false,"campfire_upgraded":9,"win_rate":0.0,"timestamp":1608252672,"path_taken":["M","?","?","?","$","R","E","R","T","R","E","R","E","?","R","BOSS","M","?","$","?","?","R","?","?","T","?","M","$","?","?","R","BOSS","M","M","?","M","$","R","?","?","T","R","M","M","$","M","R","BOSS","R","$","E","BOSS"],"items_purchased_type":["Card","Relic","Relic","Relic","Card","Relic","Relic","Card","Relic","Relic","Relic","Card","Card","Card","Card"],"build_version":"2020-12-13","purchased_purges":3,"victory":true,"max_hp_per_floor":[70,70,65,65,65,65,65,65,65,65,65,65,65,65,65,65,65,65,65,65,75,75,75,80,80,80,80,80,80,80,80,80,80,80,80,80,80,80,80,80,80,80,80,80,80,80,80,80,80,80,80,80,80,80,80],"card_choices":[{"not_picked":["Sucker Punch","Dagger Spray"],"picked":"Backstab","floor":1},{"not_picked":["Acrobatics","Prepared"],"picked":"Caltrops","floor":7},{"not_picked":["Prepared","Blur","Dodge and Roll"],"picked":"SKIP","floor":11},{"not_picked":["Underhanded Strike","Slice"],"picked":"PiercingWail","floor":13},{"not_picked":["Blade Dance","Dagger Throw"],"picked":"Quick Slash","floor":14},{"not_picked":["Glass Knife","Storm of Steel"],"picked":"After Image","floor":16},{"not_picked":["Dagger Throw","Bane"],"picked":"Quick Slash+1","floor":18},{"not_picked":["Bane","Slice","Sucker Punch"],"picked":"SKIP","floor":28},{"not_picked":["Eviscerate","Distraction+1"],"picked":"Catalyst","floor":30},{"not_picked":["Venomology","After Image"],"picked":"Adrenaline","floor":33},{"not_picked":["Blade Dance+1","Acrobatics+1"],"picked":"Leg Sweep+1","floor":35},{"not_picked":["Flechettes+1","Quick Slash","Riddle With Holes"],"picked":"SKIP","floor":35},{"not_picked":["Dagger Throw","Masterful Stab","Bane"],"picked":"SKIP","floor":36},{"not_picked":["PiercingWail","Sucker Punch","Riddle With Holes"],"picked":"SKIP","floor":36},{"not_picked":["Deadly Poison","Phantasmal Killer"],"picked":"Catalyst+1","floor":38},{"not_picked":["Deflect+1","Acrobatics"],"picked":"Crippling Poison+1","floor":38},{"not_picked":["Backflip","Dagger Throw+1"],"picked":"Escape Plan+1","floor":39},{"not_picked":["Riddle With Holes","Noxious Fumes+1"],"picked":"Calculated Gamble+1","floor":39},{"not_picked":["Flying Knee","Tactician"],"picked":"Heel Hook+1","floor":39},{"not_picked":["Slice","Well Laid Plans+1"],"picked":"Deadly Poison","floor":42},{"not_picked":["Acrobatics+1","Calculated Gamble"],"picked":"Dash+1","floor":45},{"not_picked":["Noxious Fumes+1","Concentrate+1"],"picked":"Sucker Punch+1","floor":45},{"not_picked":["Poisoned Stab+1","Riddle With Holes+1"],"picked":"Wraith Form v2","floor":46},{"not_picked":["Backflip","Distraction+1","Bane"],"picked":"SKIP","floor":46},{"not_picked":["Poisoned Stab+1","Prepared"],"picked":"PiercingWail","floor":48},{"not_picked":["Backflip","Sucker Punch+1","Flying Knee"],"picked":"SKIP","floor":48},{"not_picked":["Infinite Blades","Concentrate+1"],"picked":"Wraith Form v2","floor":54}],"player_experience":401448,"relics_obtained":[{"floor":4,"key":"Regal Pillow"},{"floor":7,"key":"InkBottle"},{"floor":9,"key":"Eternal Feather"},{"floor":11,"key":"Oddly Smooth Stone"},{"floor":13,"key":"Juzu Bracelet"},{"floor":14,"key":"CeramicFish"},{"floor":30,"key":"Prayer Wheel"},{"floor":30,"key":"The Courier"},{"floor":31,"key":"Letter Opener"},{"floor":42,"key":"Calipers"},{"floor":43,"key":"Lantern"},{"floor":54,"key":"Sundial"}],"event_choices":[{"damage_healed":0,"gold_gain":0,"player_choice":"Entered Light","damage_taken":14,"max_hp_gain":0,"max_hp_loss":0,"event_name":"Shining Light","floor":2,"gold_loss":0,"cards_upgraded":["Strike_G","Defend_G"]},{"damage_healed":0,"gold_gain":0,"player_choice":"Lose Max HP","damage_taken":0,"relics_obtained":["Golden Idol"],"max_hp_gain":0,"max_hp_loss":5,"event_name":"Golden Idol","floor":3,"gold_loss":0},{"damage_healed":0,"gold_gain":0,"player_choice":"Searched \u00271\u0027 times","damage_taken":0,"max_hp_gain":0,"max_hp_loss":0,"event_name":"Dead Adventurer","floor":14,"gold_loss":0},{"damage_healed":0,"gold_gain":270,"player_choice":"GOLD GOLD GOLD ","damage_taken":27,"max_hp_gain":0,"max_hp_loss":0,"event_name":"Knowing Skull","floor":19,"potions_obtained":[],"gold_loss":0,"cards_obtained":[]},{"cards_removed":["After Image"],"damage_healed":41,"gold_gain":0,"player_choice":"Offered Rare","damage_taken":0,"max_hp_gain":10,"max_hp_loss":0,"event_name":"Bonfire Elementals","floor":21,"gold_loss":0},{"damage_healed":0,"gold_gain":0,"player_choice":"Read","damage_taken":0,"max_hp_gain":0,"max_hp_loss":0,"event_name":"The Library","floor":22,"gold_loss":0,"cards_obtained":["Footwork"]},{"damage_healed":0,"gold_gain":0,"player_choice":"Shed Blood","damage_taken":19,"max_hp_gain":5,"max_hp_loss":0,"event_name":"Forgotten Altar","floor":24,"gold_loss":0},{"damage_healed":0,"gold_gain":0,"player_choice":"Simplicity","damage_taken":0,"max_hp_gain":0,"max_hp_loss":0,"event_name":"Back to Basics","floor":25,"gold_loss":0,"cards_upgraded":["Defend_G","Defend_G","Defend_G"]},{"damage_healed":0,"gold_gain":0,"player_choice":"Opened","damage_taken":0,"relics_obtained":["Pantograph"],"max_hp_gain":0,"max_hp_loss":0,"event_name":"The Mausoleum","floor":27,"gold_loss":0},{"damage_healed":0,"gold_gain":0,"player_choice":"Fight","damage_taken":0,"max_hp_gain":0,"max_hp_loss":0,"event_name":"Colosseum","floor":30,"gold_loss":0},{"damage_healed":0,"gold_gain":0,"player_choice":"Fought Nobs","damage_taken":0,"max_hp_gain":0,"max_hp_loss":0,"event_name":"Colosseum","floor":30,"gold_loss":0},{"damage_healed":0,"gold_gain":0,"cards_transformed":["Strike_G"],"player_choice":"Transformed","damage_taken":0,"max_hp_gain":0,"max_hp_loss":0,"event_name":"Transmorgrifier","floor":37,"gold_loss":0,"cards_obtained":["Bane"]},{"damage_healed":0,"gold_gain":333,"player_choice":"Gave Idol","damage_taken":0,"max_hp_gain":0,"max_hp_loss":0,"event_name":"The Moai Head","floor":41,"relics_lost":["Golden Idol"],"gold_loss":0},{"damage_healed":0,"gold_gain":0,"player_choice":"Fight","damage_taken":0,"max_hp_gain":0,"max_hp_loss":0,"event_name":"Mysterious Sphere","floor":42,"gold_loss":0}],"is_beta":false,"boss_relics":[{"not_picked":["Black Star","SacredBark"],"picked":"Astrolabe"},{"not_picked":["Velvet Choker","Pandora\u0027s Box"],"picked":"Cursed Key"}],"items_purged_floors":[20,29,39],"is_endless":false,"potions_floor_spawned":[7,13,28,30,42,45,46,54],"ascension_level":6}}