{"host":"3jpwrwmmgyabjceh","time":1608308329,"event":{"mods":["AchievementEnabler","BaseMod","Colored Map","Colored Powertips","Highlight Path","Minty Spire (QoL Compilation)","StSLib"],"gold_per_floor":[129,160,188,200,222,262,274,298,310,342,372,399,430,473,485,596,608,633,656,137,52,69,98,98,109,109,134,134,134,159,172,172,267,267,277,110,122,134,147,147,147,160,186,214,214,227,227,80,80,80,80,80,80,107,107,107],"floor_reached":55,"playtime":3488,"items_purged":["Strike_G","Strike_G"],"score":900,"play_id":"ffdfd127-124f-402a-8ada-b18f68ada6f8","local_time":"20201218191849","is_ascension_mode":true,"campfire_choices":[{"floor":7,"key":"REST"},{"floor":15,"key":"REST"},{"floor":24,"key":"REST"},{"data":"A Thousand Cuts","floor":29,"key":"SMITH"},{"floor":32,"key":"DIG"},{"floor":41,"key":"DIG"},{"data":"Crippling Poison","floor":45,"key":"SMITH"},{"data":"Leg Sweep","floor":47,"key":"SMITH"},{"floor":49,"key":"RECALL"},{"data":"Leg Sweep","floor":52,"key":"SMITH"}],"circlet_count":0,"master_deck":["Strike_G+1","Defend_G","Defend_G","Defend_G","Defend_G","Defend_G","Survivor","Neutralize","Outmaneuver","Leg Sweep+1","Dash+1","Adrenaline","Leg Sweep+1","Backflip","Dagger Spray","Crippling Poison+1","Cloak And Dagger","Sucker Punch","Backflip","A Thousand Cuts+1","Crippling Poison","Underhanded Strike","Die Die Die","Bouncing Flask","Bouncing Flask","Dash","Night Terror","CurseOfTheBell","Underhanded Strike+1","Footwork+1","Caltrops+1","Dash+1"],"relics":["Ring of the Snake","MawBank","Letter Opener","Centennial Puzzle","Snecko Eye","Lantern","TwistedFunnel","CaptainsWheel","Regal Pillow","Shovel","FossilizedHelix","Blood Vial","Molten Egg 2","Calling Bell","Bag of Marbles","Frozen Egg 2","Bird Faced Urn","Singing Bowl","PreservedInsect","Potion Belt","Oddly Smooth Stone","White Beast Statue"],"acts_visited":["Exordium","TheCity","TheBeyond","TheEnding"],"potions_floor_usage":[10,14,14,16,23,33,44,46,50],"damage_taken":[{"damage":6,"enemies":"Small Slimes","floor":1,"turns":5},{"damage":0,"enemies":"2 Louse","floor":2,"turns":3},{"damage":0,"enemies":"Jaw Worm","floor":3,"turns":6},{"damage":2,"enemies":"Gremlin Gang","floor":5,"turns":5},{"damage":15,"enemies":"Gremlin Nob","floor":6,"turns":6},{"damage":3,"enemies":"Looter","floor":8,"turns":3},{"damage":3,"enemies":"Lots of Slimes","floor":10,"turns":6},{"damage":0,"enemies":"2 Fungi Beasts","floor":11,"turns":3},{"damage":7,"enemies":"Exordium Thugs","floor":12,"turns":7},{"damage":0,"enemies":"Blue Slaver","floor":13,"turns":3},{"damage":3,"enemies":"Lagavulin","floor":14,"turns":9},{"damage":56,"enemies":"The Guardian","floor":16,"turns":23},{"damage":8,"enemies":"Spheric Guardian","floor":18,"turns":6},{"damage":4,"enemies":"Chosen","floor":19,"turns":6},{"damage":7,"enemies":"Centurion and Healer","floor":22,"turns":7},{"damage":15,"enemies":"Gremlin Leader","floor":23,"turns":6},{"damage":0,"enemies":"Cultist and Chosen","floor":25,"turns":4},{"damage":7,"enemies":"Slavers","floor":27,"turns":3},{"damage":0,"enemies":"Gremlin Leader","floor":30,"turns":4},{"damage":0,"enemies":"3 Cultists","floor":31,"turns":3},{"damage":36,"enemies":"Collector","floor":33,"turns":8},{"damage":8,"enemies":"3 Darklings","floor":35,"turns":3},{"damage":0,"enemies":"3 Shapes","floor":37,"turns":2},{"damage":0,"enemies":"Maw","floor":38,"turns":6},{"damage":0,"enemies":"4 Shapes","floor":39,"turns":3},{"damage":0,"enemies":"Jaw Worm Horde","floor":42,"turns":4},{"damage":3,"enemies":"Giant Head","floor":44,"turns":7},{"damage":0,"enemies":"Writhing Mass","floor":46,"turns":6},{"damage":21,"enemies":"Time Eater","floor":50,"turns":10},{"damage":73,"enemies":"Shield and Spear","floor":54,"turns":8},{"damage":68,"enemies":"The Heart","floor":55,"turns":5}],"seed_played":"9197458508574874430","potions_obtained":[{"floor":1,"key":"SpeedPotion"},{"floor":6,"key":"CultistPotion"},{"floor":11,"key":"GamblersBrew"},{"floor":12,"key":"Poison Potion"},{"floor":13,"key":"PowerPotion"},{"floor":16,"key":"Strength Potion"},{"floor":18,"key":"FairyPotion"},{"floor":22,"key":"Fire Potion"},{"floor":37,"key":"SpeedPotion"},{"floor":38,"key":"LiquidBronze"},{"floor":44,"key":"DistilledChaos"}],"is_trial":false,"path_per_floor":["M","M","M","?","M","E","R","M","T","M","M","M","M","E","R","B",null,"M","M","$","?","M","E","R","M","T","E","?","R","E","M","R","B",null,"M","$","M","M","M","?","R","M","T","E","R","M","R","$","R","B",null,"R","$","E","B"],"character_chosen":"THE_SILENT","items_purchased":["Lantern","Die Die Die","TwistedFunnel","Footwork+1","Oddly Smooth Stone"],"campfire_rested":3,"item_purchase_floors":[20,20,20,36,48],"current_hp_per_floor":[64,64,64,50,48,33,54,51,51,48,48,41,41,38,59,3,70,62,58,58,58,51,36,70,70,70,63,63,63,63,65,65,31,70,64,64,66,70,70,70,70,72,72,71,71,76,76,76,76,57,76,76,76,9,0,0],"gold":107,"neow_bonus":"RANDOM_COMMON_RELIC","is_daily":false,"chose_seed":false,"campfire_upgraded":4,"win_rate":0.0,"timestamp":1608308329,"path_taken":["M","M","M","?","M","E","R","M","T","M","M","M","M","E","R","BOSS","M","M","$","?","M","E","R","M","T","E","?","R","E","?","R","BOSS","M","$","M","M","M","?","R","M","T","E","R","?","R","$","R","BOSS","R","$","E","BOSS"],"items_purchased_type":["Relic","Card","Relic","Card","Relic"],"build_version":"2020-12-13","purchased_purges":2,"victory":false,"max_hp_per_floor":[70,70,70,70,70,70,70,70,70,70,70,70,70,70,70,70,70,70,70,70,70,70,70,70,70,70,70,70,70,70,70,70,70,70,70,70,70,70,70,70,70,72,72,74,74,76,76,76,76,76,76,76,76,78,78,78],"card_choices":[{"not_picked":["Deadly Poison","Dagger Throw"],"picked":"Outmaneuver","floor":1},{"not_picked":["Prepared","Slice"],"picked":"Leg Sweep","floor":2},{"not_picked":["Bane","Dodge and Roll"],"picked":"Dash","floor":3},{"not_picked":["Crippling Poison","Bouncing Flask"],"picked":"Adrenaline","floor":5},{"not_picked":["Setup","Finisher"],"picked":"Leg Sweep","floor":6},{"not_picked":["Skewer","Cloak And Dagger"],"picked":"Backflip","floor":8},{"not_picked":["Dagger Throw","Cloak And Dagger"],"picked":"Dagger Spray","floor":10},{"not_picked":["Grand Finale","Flechettes"],"picked":"Crippling Poison","floor":11},{"not_picked":["Backflip","Quick Slash"],"picked":"Cloak And Dagger","floor":12},{"not_picked":["Catalyst","Blade Dance"],"picked":"Sucker Punch","floor":13},{"not_picked":["Slice","Accuracy"],"picked":"Backflip","floor":14},{"not_picked":["Grand Finale","Bullet Time"],"picked":"A Thousand Cuts","floor":16},{"not_picked":["Leg Sweep","PiercingWail"],"picked":"Crippling Poison","floor":18},{"not_picked":["Cloak And Dagger","Outmaneuver"],"picked":"Underhanded Strike","floor":19},{"not_picked":["Well Laid Plans+1","Dodge and Roll"],"picked":"Bouncing Flask","floor":22},{"not_picked":["Sucker Punch","Poisoned Stab+1"],"picked":"Bouncing Flask","floor":23},{"not_picked":["Storm of Steel","Finisher","Dodge and Roll"],"picked":"SKIP","floor":25},{"not_picked":["Sucker Punch","Glass Knife","Venomology"],"picked":"SKIP","floor":27},{"not_picked":["Concentrate","Sucker Punch+1"],"picked":"Dash","floor":30},{"not_picked":["Deadly Poison","Quick Slash","Blade Dance+1"],"picked":"SKIP","floor":31},{"not_picked":["Grand Finale+1","Storm of Steel"],"picked":"Night Terror","floor":33},{"not_picked":["Poisoned Stab+1","Slice+1"],"picked":"Underhanded Strike+1","floor":35},{"not_picked":["Sucker Punch+1","Deflect+1"],"picked":"Caltrops+1","floor":37},{"not_picked":["Skewer+1","Prepared","Heel Hook+1"],"picked":"SKIP","floor":38},{"not_picked":["Backflip","Dagger Throw+1","Deflect+1"],"picked":"SKIP","floor":39},{"not_picked":["Underhanded Strike+1","Burst","Flying Knee+1"],"picked":"Singing Bowl","floor":42},{"not_picked":["Backflip+1","Poisoned Stab+1","Deflect+1"],"picked":"Singing Bowl","floor":44},{"not_picked":["Bane+1","Deflect+1","Terror"],"picked":"Singing Bowl","floor":46},{"not_picked":["Corpse Explosion","Backstab+1","Terror+1"],"picked":"Singing Bowl","floor":54}],"player_experience":221331,"relics_obtained":[{"floor":6,"key":"Letter Opener"},{"floor":14,"key":"Centennial Puzzle"},{"floor":23,"key":"Regal Pillow"},{"floor":26,"key":"Shovel"},{"floor":27,"key":"FossilizedHelix"},{"floor":30,"key":"Blood Vial"},{"floor":32,"key":"Molten Egg 2"},{"floor":34,"key":"Bag of Marbles"},{"floor":34,"key":"Frozen Egg 2"},{"floor":34,"key":"Bird Faced Urn"},{"floor":41,"key":"Singing Bowl"},{"floor":43,"key":"PreservedInsect"},{"floor":44,"key":"Potion Belt"},{"floor":54,"key":"White Beast Statue"}],"event_choices":[{"damage_healed":0,"gold_gain":0,"player_choice":"Entered Light","damage_taken":14,"max_hp_gain":0,"max_hp_loss":0,"event_name":"Shining Light","floor":4,"gold_loss":0,"cards_upgraded":["Dash","Strike_G"]},{"damage_healed":0,"gold_gain":0,"player_choice":"Obtained Relic","damage_taken":0,"relics_obtained":["CaptainsWheel"],"max_hp_gain":0,"max_hp_loss":0,"event_name":"Addict","floor":21,"gold_loss":85},{"cards_removed":["Strike_G"],"damage_healed":0,"gold_gain":0,"player_choice":"Purged","damage_taken":0,"max_hp_gain":0,"max_hp_loss":0,"event_name":"Purifier","floor":28,"gold_loss":0},{"damage_healed":0,"gold_gain":0,"cards_transformed":["Strike_G"],"player_choice":"Transformed","damage_taken":0,"max_hp_gain":0,"max_hp_loss":0,"event_name":"Transmorgrifier","floor":40,"gold_loss":0,"cards_obtained":["Dash"]}],"is_beta":false,"boss_relics":[{"not_picked":["Velvet Choker","SacredBark"],"picked":"Snecko Eye"},{"not_picked":["WristBlade","Coffee Dripper"],"picked":"Calling Bell"}],"items_purged_floors":[20,36],"is_endless":false,"potions_floor_spawned":[1,6,11,12,13,16,18,22,37,38,44],"killed_by":"The Heart","ascension_level":4}}