{"host":"wcdwdpnxbe04tinu","time":1608319565,"event":{"mods":["BaseMod","Downfall","Minty Spire (QoL Compilation)","Relic Sorter","StSLib"],"gold_per_floor":[99,130,55,55,84,101,101,131,145,179,189,189,208,91,110,206,206,131,131,131,131,148,178,204,239,164,199,199,217,228,228,247,342,342,342,359,359,387,397,428,428,428,428,463,728,741,741,241,251,251,251,282,22,22,22],"floor_reached":56,"playtime":7719,"items_purged":["hexamod:Strike","hexamod:Firestarter","hexamod:SwordOfDarkness","hexamod:Strike+1"],"score":1595,"play_id":"00ea0aa7-e238-4a07-b519-253ce819879d","local_time":"20201218132605","is_ascension_mode":false,"campfire_choices":[{"floor":1.0,"key":"RECALL"},{"data":"hexamod:Float","floor":3.0,"key":"SMITH"},{"data":"hexamod:TimeOfNeed","floor":18.0,"key":"SMITH"},{"data":"hexamod:TimeWarp","floor":20.0,"key":"SMITH"},{"data":"hexamod:GhostOfSpirePast","floor":26.0,"key":"SMITH"},{"data":"hexamod:Rewind","floor":35.0,"key":"SMITH"},{"data":"hexamod:RainOfEmbers","floor":37.0,"key":"SMITH"},{"data":"hexamod:GhostOfSpirePast","floor":54.0,"key":"SMITH"}],"circlet_count":0,"master_deck":["hexamod:Strike+1","hexamod:Strike+1","hexamod:Defend+1","hexamod:Defend+1","hexamod:Defend+1","hexamod:Defend+1","hexamod:Sear","hexamod:Float+1","hexamod:ShieldOfDarkness","hexamod:BacktrackSmack+1","hexamod:HeatShield","hexamod:GhostOfSpirePast+1","hexamod:HauntingEcho","hexamod:SpectersWail","hexamod:HauntingEcho","hexamod:ThermalTransfer","hexamod:TimeWarp+1","hexamod:TimeOfNeed+1","hexamod:EmpoweredFlame","hexamod:RainOfEmbers+1","hexamod:Rewind+1","hexamod:BacktrackSmack","hexamod:BacktrackSmack","hexamod:GhostOfSpirePast+1","hexamod:WildfireWeapon","hexamod:PhantomCloak+1","hexamod:WildfireWeapon","hexamod:ShieldOfDarkness","Flash of Steel"],"relics":["hexamod:SpiritBrand","downfall:HeartsMalice","Question Card","downfall:HeartBlessingRed","HornCleat","Smiling Mask","Toy Ornithopter","Philosopher\u0027s Stone","downfall:HeartBlessingBlue","Strawberry","Spirit Poop","Tiny Chest","Bronze Scales","Nunchaku","downfall:HeartBlessingGreen","Pantograph","hexamod:IceCube","Juzu Bracelet","Boot","hexamod:SoulConsumer","Letter Opener","Orichalcum","Calipers","Guardian:GemstoneGun"],"acts_visited":["Exordium","TheCity","TheBeyond","TheEnding"],"potions_floor_usage":[55,55,55],"damage_taken":[{"damage":0.0,"enemies":"Gremlin Nob","floor":2.0,"turns":1.0},{"damage":0.0,"enemies":"Cultist","floor":4.0,"turns":1.0},{"damage":0.0,"enemies":"Lagavulin","floor":5.0,"turns":1.0},{"damage":0.0,"enemies":"Small Slimes","floor":6.0,"turns":3.0},{"damage":0.0,"enemies":"Gremlin Nob","floor":8.0,"turns":3.0},{"damage":0.0,"enemies":"Jaw Worm","floor":9.0,"turns":3.0},{"damage":4.0,"enemies":"3 Sentries","floor":10.0,"turns":7.0},{"damage":0.0,"enemies":"Blue Slaver","floor":11.0,"turns":3.0},{"damage":0.0,"enemies":"Exordium Thugs","floor":13.0,"turns":3.0},{"damage":0.0,"enemies":"downfall:FleeingMerchant","floor":14.0,"turns":4.0},{"damage":0.0,"enemies":"3 Louse","floor":15.0,"turns":2.0},{"damage":0.0,"enemies":"downfall:Ironclad","floor":16.0,"turns":6.0},{"damage":0.0,"enemies":"Chosen","floor":22.0,"turns":3.0},{"damage":27.0,"enemies":"Slavers","floor":23.0,"turns":4.0},{"damage":19.0,"enemies":"Gremlin Leader","floor":25.0,"turns":5.0},{"damage":11.0,"enemies":"Book of Stabbing","floor":27.0,"turns":4.0},{"damage":5.0,"enemies":"Shell Parasite","floor":29.0,"turns":3.0},{"damage":0.0,"enemies":"Centurion and Healer","floor":30.0,"turns":4.0},{"damage":0.0,"enemies":"3 Cultists","floor":32.0,"turns":4.0},{"damage":36.0,"enemies":"downfall:Watcher","floor":33.0,"turns":7.0},{"damage":8.0,"enemies":"3 Darklings","floor":36.0,"turns":4.0},{"damage":35.0,"enemies":"Reptomancer","floor":38.0,"turns":5.0},{"damage":0.0,"enemies":"Orb Walker","floor":39.0,"turns":2.0},{"damage":8.0,"enemies":"Giant Head","floor":40.0,"turns":7.0},{"damage":8.0,"enemies":"Nemesis","floor":44.0,"turns":5.0},{"damage":0.0,"enemies":"downfall:FleeingMerchant","floor":45.0,"turns":4.0},{"damage":21.0,"enemies":"Writhing Mass","floor":46.0,"turns":5.0},{"damage":15.0,"enemies":"3 Darklings","floor":49.0,"turns":4.0},{"damage":5.0,"enemies":"downfall:Silent","floor":50.0,"turns":7.0},{"damage":11.0,"enemies":"downfall:CharBossMerchant","floor":52.0,"turns":8.0},{"damage":22,"enemies":"downfall:NeowBoss","floor":55,"turns":27}],"seed_played":"-3694775576102915356","potions_obtained":[{"floor":2.0,"key":"AttackPotion"},{"floor":6.0,"key":"Weak Potion"},{"floor":9.0,"key":"Block Potion"},{"floor":10.0,"key":"Dexterity Potion"},{"floor":16.0,"key":"Fire Potion"},{"floor":25.0,"key":"SteroidPotion"},{"floor":30.0,"key":"Strength Potion"},{"floor":39.0,"key":"Fruit Juice"},{"floor":42.0,"key":"EntropicBrew"}],"is_trial":false,"path_per_floor":["R","E","R","M","E","M","T","E","M","E","M","?","M","$","M","B",null,"R","?","R","?","M","E","T","E","R","E","?","M","M","?","M","B",null,"R","M","R","E","M","E","T","?","T","E","?","M","?","$","M","B",null,"E","$","R","B",null],"character_chosen":"THE_SPIRIT","items_purchased":["Fire Potion","Calipers","hexamod:WildfireWeapon","Flash of Steel","Dexterity Potion","DuplicationPotion"],"campfire_rested":0,"item_purchase_floors":[14,48,48,53,53,53],"current_hp_per_floor":[70,70,70,70,70,70,70,70,70,66,66,66,66,66,66,70,70,80,87,87,87,87,60,60,46,46,35,35,30,30,30,30,19,87,87,79,79,44,54,46,46,46,46,38,38,17,17,17,2,47,92,81,81,81,70],"gold":22,"neow_bonus":"THREE_ENEMY_KILL","is_daily":false,"chose_seed":false,"campfire_upgraded":7,"win_rate":0.0,"timestamp":1608319565,"path_taken":["R","E","R","M","E","M","T","E","?","E","M","?","M","?","M","BOSS","R","?","R","?","?","E","T","E","R","E","?","M","M","?","M","BOSS","R","M","R","E","M","E","T","?","?","E","?","M","?","?","M","BOSS","E","$","R","BOSS"],"items_purchased_type":["Potion","Relic","Card","Card","Potion","Potion"],"build_version":"2020-12-13","purchased_purges":4,"victory":true,"max_hp_per_floor":[70,70,70,70,70,70,70,70,70,70,70,70,70,70,70,70,70,80,87,87,87,87,87,87,87,87,87,87,87,87,87,87,87,87,87,87,87,87,92,92,92,92,92,92,92,92,92,92,92,92,92,92,92,92,92],"card_choices":[{"not_picked":["hexamod:Rewind","hexamod:FirstSeal"],"picked":"hexamod:Firestarter","floor":2.0},{"not_picked":["hexamod:ThirdSeal","hexamod:CatchUp","hexamod:GhostOfSpirePresent"],"picked":"hexamod:ShieldOfDarkness","floor":4.0},{"not_picked":["hexamod:SpectralAdrenaline","hexamod:HauntingEcho","hexamod:StepThrough"],"picked":"hexamod:BacktrackSmack","floor":5.0},{"not_picked":["hexamod:InspiringFlames","hexamod:GhostOfSpirePresent","hexamod:SkipABeat"],"picked":"hexamod:HeatShield","floor":6.0},{"not_picked":["hexamod:ExtraCrispy","hexamod:EmpoweringStance","hexamod:GhostOfSpireFuture"],"picked":"hexamod:GhostOfSpirePast","floor":8.0},{"not_picked":["hexamod:EtherealExpedition","hexamod:SoulSteal","hexamod:FastForward"],"picked":"hexamod:HauntingEcho","floor":9.0},{"not_picked":["hexamod:SpectralSpark","hexamod:PhantomFireball","hexamod:NightmareGuise"],"picked":"hexamod:SpectersWail","floor":10.0},{"not_picked":["hexamod:SoulSteal","hexamod:BurningTouch","hexamod:SecondSeal"],"picked":"hexamod:HauntingEcho","floor":11.0},{"not_picked":["hexamod:DynamicBlow","hexamod:RecurringNightmare","hexamod:InspiringFlames"],"picked":"hexamod:ThermalTransfer","floor":13.0},{"not_picked":["hexamod:ShieldOfDarkness","hexamod:ThermalTransfer","hexamod:SoulSteal"],"picked":"hexamod:TimeWarp","floor":14.0},{"not_picked":["hexamod:HeatShield","hexamod:InspiringFlames","hexamod:NightmareStrike","hexamod:GhostOfSpirePresent"],"picked":"SKIP","floor":15.0},{"not_picked":["hexamod:ApocalypticArmor","hexamod:ApocalypseNow","hexamod:TurnItUp"],"picked":"hexamod:TimeOfNeed","floor":16.0},{"not_picked":["hexamod:GhostLash+1","hexamod:NightmareGuise","hexamod:SpectersWail"],"picked":"hexamod:SwordOfDarkness","floor":22.0},{"not_picked":["hexamod:StepThrough","hexamod:SuperheatedStrike","hexamod:GhostLash"],"picked":"hexamod:EmpoweredFlame","floor":23.0},{"not_picked":["hexamod:AdvancingGuard+1","hexamod:UnlimitedPower","hexamod:GhostLash"],"picked":"hexamod:RainOfEmbers","floor":25.0},{"not_picked":["hexamod:SwordOfDarkness","hexamod:Hexaguard","hexamod:ShieldOfDarkness"],"picked":"hexamod:Rewind","floor":27.0},{"not_picked":["hexamod:SkipABeat","hexamod:DynamicBlow","hexamod:PowerFromBeyond"],"picked":"hexamod:BacktrackSmack","floor":29.0},{"not_picked":["hexamod:SwordOfDarkness","hexamod:Hexaguard+1","hexamod:SpectralAdrenaline"],"picked":"hexamod:BacktrackSmack","floor":30.0},{"not_picked":["hexamod:GhostLash","hexamod:EmpoweredFlame","hexamod:FourthSeal"],"picked":"hexamod:GhostOfSpirePast","floor":32.0},{"not_picked":["hexamod:EmpoweringStance","hexamod:UnlimitedPower","hexamod:TimeWarp"],"picked":"hexamod:WildfireWeapon","floor":33.0},{"not_picked":["hexamod:ThirdSeal","hexamod:SpectersWail","hexamod:Firestarter"],"picked":"hexamod:PhantomCloak+1","floor":36.0},{"not_picked":["hexamod:ShieldOfDarkness+1","hexamod:GhostLash","hexamod:SecondSeal","hexamod:NightmareStrike"],"picked":"SKIP","floor":38.0},{"not_picked":["hexamod:AdvancingGuard+1","hexamod:SpectersWail","hexamod:InspiringFlames+1","hexamod:HauntingEcho+1"],"picked":"SKIP","floor":39.0},{"not_picked":["hexamod:Firestarter+1","hexamod:CatchUp","hexamod:NightmareStrike+1","hexamod:ThermalTransfer+1"],"picked":"SKIP","floor":40.0},{"not_picked":["hexamod:BurningTouch+1","hexamod:InspiringFlames+1","hexamod:ApocalypticArmor","hexamod:GiftsFromTheDead"],"picked":"SKIP","floor":44.0},{"not_picked":["hexamod:SwordOfDarkness+1","hexamod:BurningTouch+1","hexamod:GhostShield","hexamod:FastForward+1"],"picked":"SKIP","floor":45.0},{"not_picked":["hexamod:ThirdSeal","hexamod:NightmareStrike","hexamod:GhostflameBarrier","hexamod:FastForward+1"],"picked":"SKIP","floor":46.0},{"not_picked":["hexamod:Hexaguard+1","hexamod:FastForward+1","hexamod:SwordOfDarkness"],"picked":"hexamod:ShieldOfDarkness","floor":49.0},{"not_picked":["hexamod:BurningTouch","hexamod:RetreatToShadows+1","hexamod:HeatCrush","hexamod:RainOfEmbers+1"],"picked":"SKIP","floor":52.0}],"player_experience":501377,"relics_obtained":[{"floor":2.0,"key":"Question Card"},{"floor":5.0,"key":"HornCleat"},{"floor":8.0,"key":"Smiling Mask"},{"floor":10.0,"key":"Toy Ornithopter"},{"floor":23.0,"key":"Tiny Chest"},{"floor":24.0,"key":"Bronze Scales"},{"floor":25.0,"key":"Nunchaku"},{"floor":27.0,"key":"Pantograph"},{"floor":38.0,"key":"Juzu Bracelet"},{"floor":40.0,"key":"Boot"},{"floor":41.0,"key":"hexamod:SoulConsumer"},{"floor":43.0,"key":"Letter Opener"},{"floor":44.0,"key":"Orichalcum"},{"floor":52.0,"key":"Guardian:GemstoneGun"}],"event_choices":[{"damage_healed":0.0,"max_hp_gain":0.0,"max_hp_loss":0.0,"gold_gain":0.0,"event_name":"Upgrade Shrine","player_choice":"Upgraded","floor":12.0,"gold_loss":0.0,"damage_taken":0.0,"cards_upgraded":["hexamod:BacktrackSmack"]},{"cards_removed":["Writhe"],"damage_healed":0.0,"max_hp_gain":0.0,"max_hp_loss":0.0,"gold_gain":0.0,"event_name":"Bonfire Elementals","player_choice":"Offered Curse","floor":21.0,"gold_loss":0.0,"damage_taken":0.0,"relics_obtained":["Spirit Poop"]},{"damage_healed":0.0,"max_hp_gain":0.0,"max_hp_loss":0.0,"gold_gain":0.0,"event_name":"Back to Basics","player_choice":"Simplicity","floor":28.0,"gold_loss":0.0,"damage_taken":0.0,"cards_upgraded":["hexamod:Strike","hexamod:Strike","hexamod:Strike","hexamod:Defend","hexamod:Defend","hexamod:Defend","hexamod:Defend"]},{"damage_healed":0.0,"max_hp_gain":0.0,"max_hp_loss":0.0,"gold_gain":0.0,"event_name":"Vampires","player_choice":"Ignored","floor":31.0,"gold_loss":0.0,"damage_taken":0.0},{"damage_healed":0.0,"max_hp_gain":0.0,"max_hp_loss":0.0,"gold_gain":0.0,"event_name":"Lab","player_choice":"Got Potions","floor":42.0,"gold_loss":0.0,"damage_taken":0.0}],"is_beta":false,"boss_relics":[{"not_picked":["Runic Dome","Busted Crown"],"picked":"Philosopher\u0027s Stone"},{"not_picked":["Coffee Dripper","Fusion Hammer"],"picked":"hexamod:IceCube"}],"items_purged_floors":[14,45,48,53],"is_endless":false,"potions_floor_spawned":[2,6,9,10,13,16,22,25,30,39,44,46],"ascension_level":0}}