{"host":"heub7c0qcswxubs2","time":1608279217,"event":{"mods":["2.2 Compatiblity","AchievementEnabler","BaseMod","BetterRewards","Colored Map","Colored Powertips","Downfall","Gremlin Mod","Hermit","Highlight Path","Hubris","Infinite Spire","Jorbs\u0027s Wanderer Trilogy","Marisa????????","Minty Spire (QoL Compilation)","Permanent Neow","Random Character Button","Rare Cards Sparkle","Replay The Spire","Shade Mod","Somnambulant","StSLib","The Cursed","The Disciple","The Gatherer","The Hierophant"],"gold_per_floor":[118,137,232,232,248,275,40,53,53,53,64,77,95,128,128,230,230,243,4,4,22,32,32,46,46,46,60,60,60,60,70,70,166,166,183,183,183,201,201,201,218,218,218,218,248,248,268,285,285,285],"floor_reached":51,"playtime":2099,"items_purged":["Gatherer:Strike_Gatherer"],"score":791,"play_id":"82816a42-dcb7-40b3-9e42-84255154f47e","local_time":"20201218031337","is_ascension_mode":false,"metric_token":1681,"campfire_choices":[{"floor":10,"key":"REST"},{"floor":15,"key":"REST"},{"floor":23,"key":"REST"},{"floor":25,"key":"REST"},{"floor":28,"key":"REST"},{"data":"Gatherer:BomberForm","floor":30,"key":"SMITH"},{"floor":32,"key":"REST"},{"data":"Mayhem","floor":40,"key":"SMITH"},{"floor":42,"key":"REST"},{"floor":49,"key":"REST"}],"circlet_count":0,"master_deck":["Gatherer:Strike_Gatherer","Gatherer:Strike_Gatherer+1","Gatherer:Strike_Gatherer+1","Gatherer:Defend_Gatherer","Gatherer:Defend_Gatherer","Gatherer:Defend_Gatherer","Gatherer:Defend_Gatherer","Gatherer:Defend_Gatherer+1","Gatherer:Centralize","Gatherer:FlowerWhip","Gatherer:UpgradeBag","Gatherer:EnergyBasket","Gatherer:Snatch","Gatherer:BambuSword","Gatherer:EnergyBasket","Gatherer:Snatch","Gatherer:ScherryThrow","Gatherer:MindSearch","Gatherer:FlowerFalling+1","Gatherer:RecipeChange","Gatherer:QuickSynthesis","Gatherer:Misfortune","Gatherer:RecoveryHerb","Gatherer:BomberForm","Spreading Infection","ReplayTheSpireMod:Faulty Equipment","Guardian:Aged","Gatherer:Snatch+1","Mayhem+1","Gatherer:Uplift+1","Gatherer:Liquidism+1","Gatherer:BomberForm+1","Gatherer:GrowBook","Gatherer:AlchemyTrial+1","hubris:InfiniteBlow+64"],"relics":["Gatherer:AlchemyBag","Replay:Ringing Soul","infinitespire:Joker Card","Gremlin Food","Replay:Ancient Bell","Gatherer:MistGenerator","Eternal Feather","WingedGreaves","Sundial","Ring of Searing","ReplayTheSpireMod:Ring of Collecting","Ring of Panic","Mirror","ReplayTheSpireMod:Ring of Addiction","Onion Ring","Potion Belt","SacredBark","Oddly Smooth Stone"],"acts_visited":["Exordium","TheCity","TheBeyond"],"potions_floor_usage":[13,14,45,47],"damage_taken":[{"damage":0,"enemies":"2 Louse","floor":1,"turns":3},{"damage":0,"enemies":"Small Slimes","floor":2,"turns":4},{"damage":1,"enemies":"Jaw Worm","floor":5,"turns":3},{"damage":31,"enemies":"Gremlin Nob","floor":6,"turns":5},{"damage":8,"enemies":"Red Slaver","floor":8,"turns":3},{"damage":15,"enemies":"Exordium Wildlife","floor":11,"turns":3},{"damage":11,"enemies":"Large Slime","floor":12,"turns":3},{"damage":2,"enemies":"Exordium Thugs","floor":13,"turns":4},{"damage":14,"enemies":"3 Sentries","floor":14,"turns":8},{"damage":24,"enemies":"Hexaghost","floor":16,"turns":6},{"damage":44,"enemies":"Shell Parasite","floor":18,"turns":6},{"damage":43,"enemies":"2 Thieves","floor":21,"turns":5},{"damage":21,"enemies":"Snecko","floor":22,"turns":5},{"damage":24,"enemies":"Chosen and Byrds","floor":24,"turns":6},{"damage":71,"enemies":"Shelled Parasite and Fungi","floor":27,"turns":6},{"damage":49,"enemies":"Snake Plant","floor":31,"turns":6},{"damage":21,"enemies":"hubris:MusketHawk","floor":33,"turns":5},{"damage":10,"enemies":"3 Darklings","floor":35,"turns":2},{"damage":23,"enemies":"Orb Walker","floor":38,"turns":3},{"damage":51,"enemies":"Writhing Mass","floor":41,"turns":4},{"damage":70,"enemies":"Reptomancer","floor":45,"turns":6},{"damage":16,"enemies":"Spire Growth","floor":47,"turns":3},{"damage":0,"enemies":"Transient","floor":48,"turns":5},{"damage":95,"enemies":"Awakened One","floor":50,"turns":5}],"seed_played":"-239454806562828558","potions_obtained":[{"floor":5,"key":"EssenceOfSteel"},{"floor":11,"key":"DuplicationPotion"},{"floor":12,"key":"BottledMiracle"},{"floor":14,"key":"DistilledChaos"},{"floor":16,"key":"FearPotion"},{"floor":31,"key":"ColorlessPotion"},{"floor":43,"key":"FairyPotion"},{"floor":43,"key":"Death Potion"},{"floor":47,"key":"Ancient Potion"}],"is_trial":false,"path_per_floor":["M","M","?","?","M","E","$","M","T","R","M","M","M","E","R","B",null,"M","$","?","M","M","R","M","R","T","M","R","?","R","M","R","B",null,"M","?","?","M","T","R","M","R","T","AVR","E","?","M","M","R","B",null],"character_chosen":"THE_GATHERER","items_purchased":["Gatherer:MindSearch","Mayhem","Gatherer:Uplift"],"campfire_rested":8,"item_purchase_floors":[7,19,19],"current_hp_per_floor":[72,72,44,44,43,15,18,13,13,37,25,17,18,7,34,19,99,63,66,66,27,9,59,35,85,85,21,71,74,92,43,94,76,114,104,107,77,57,57,78,27,84,84,87,32,32,35,53,110,15],"gold":285,"neow_bonus":"THREE_CARDS","is_daily":false,"chose_seed":false,"campfire_upgraded":2,"win_rate":0.0,"timestamp":1608279217,"path_taken":["M","M","?","?","M","E","$","M","T","R","M","M","?","E","R","BOSS","M","$","?","M","M","R","M","R","T","M","R","?","R","M","R","BOSS","M","?","?","M","?","R","?","R","T","AVR","E","?","?","M","R","BOSS"],"items_purchased_type":["Card","Card","Card"],"build_version":"2020-12-13","purchased_purges":1,"victory":true,"max_hp_per_floor":[72,72,72,72,72,75,78,81,81,81,84,87,90,93,93,96,99,102,105,105,105,108,108,108,108,108,108,108,111,111,111,111,114,114,114,117,117,120,120,120,120,120,120,123,123,123,123,123,123,123],"card_choices":[{"not_picked":["Gatherer:TreeGrowth","Gatherer:ScherryThrow"],"picked":"Gatherer:UpgradeBag","floor":0},{"not_picked":["Gatherer:WitheringStrike","Gatherer:Nutrients"],"picked":"Gatherer:EnergyBasket","floor":1},{"not_picked":["Gatherer:SaveValuables","Gatherer:AcidicSpray"],"picked":"Gatherer:Snatch","floor":2},{"not_picked":["Gatherer:Overflowing","Gatherer:SaveValuables"],"picked":"Gatherer:BambuSword","floor":3},{"not_picked":["Gatherer:FlowerBeam","Gatherer:ScherryThrow"],"picked":"Gatherer:EnergyBasket","floor":3},{"not_picked":["Gatherer:AromaProtection","Gatherer:PotentialSlash"],"picked":"Gatherer:Snatch","floor":5},{"not_picked":["Gatherer:CollectorsShot","Gatherer:Transmute"],"picked":"Gatherer:ScherryThrow","floor":6},{"not_picked":["Gatherer:SaveValuables","Gatherer:ScherryThrow"],"picked":"Gatherer:FlowerFalling","floor":8},{"not_picked":["Gatherer:ScherryThrow","Gatherer:BambuSword"],"picked":"Gatherer:RecipeChange","floor":11},{"not_picked":["Gatherer:ScrollOfPurity","Gatherer:TacticalStrike"],"picked":"Gatherer:QuickSynthesis","floor":12},{"not_picked":["Gatherer:MiningStrike","Gatherer:WitheringStrike"],"picked":"Gatherer:Misfortune","floor":13},{"not_picked":["Gatherer:RottenStipe","Gatherer:VenomBarrier"],"picked":"Gatherer:RecoveryHerb","floor":14},{"not_picked":["Gatherer:BlackTea","Gatherer:Bulldoze"],"picked":"Gatherer:BomberForm","floor":16},{"not_picked":["Voices","hubris:Gluttony"],"picked":"Spreading Infection","floor":17},{"not_picked":["Amnesia","hubris:Compulsion"],"picked":"ReplayTheSpireMod:Faulty Equipment","floor":17},{"not_picked":["Amnesia","stsjorbsmod:Amnesia"],"picked":"Guardian:Aged","floor":17},{"not_picked":["Gatherer:VenomBarrier","Gatherer:Photoscythe"],"picked":"Gatherer:Snatch","floor":18},{"not_picked":["Gatherer:Convert","Gatherer:AromaProtection","Gatherer:FragileHammer"],"picked":"SKIP","floor":21},{"not_picked":["Gatherer:SmartManeuver+1","Gatherer:Snatch"],"picked":"Gatherer:Liquidism+1","floor":22},{"not_picked":["Gatherer:WoolGloves","Gatherer:SmartManeuver","Gatherer:SaveValuables"],"picked":"SKIP","floor":24},{"not_picked":["Gatherer:Uplift+1","Gatherer:CarefulStrike","Gatherer:FeelingFine+1"],"picked":"SKIP","floor":27},{"not_picked":["Gatherer:WoolGloves","Gatherer:ScrollOfPurity","Gatherer:BambuSword+1"],"picked":"SKIP","floor":31},{"not_picked":["Gatherer:HeartToFruit","Gatherer:FinishingStrike"],"picked":"Gatherer:GrowBook","floor":33},{"not_picked":["Gatherer:Enchant+1","Gatherer:PotentialSlash+1","Gatherer:GatherMaterial"],"picked":"SKIP","floor":35},{"not_picked":["Gatherer:QuickSynthesis","Gatherer:Duplicator+1"],"picked":"Gatherer:AlchemyTrial","floor":38},{"not_picked":["Gatherer:FlamingBottle","Gatherer:FlowerFalling","Gatherer:TacticalStrike+1"],"picked":"SKIP","floor":41},{"not_picked":["Gatherer:Examine","Gatherer:HeartToFruit","Gatherer:Convert+1"],"picked":"SKIP","floor":45},{"not_picked":["Gatherer:RottenStipe","Gatherer:CollectorsShot+1","Gatherer:OddSpoils"],"picked":"SKIP","floor":47},{"not_picked":["Gatherer:GatherMaterial","Gatherer:CarefulStrike","Gatherer:SaveValuables+1"],"picked":"SKIP","floor":48}],"player_experience":462689,"relics_obtained":[{"floor":6,"key":"Replay:Ringing Soul"},{"floor":9,"key":"infinitespire:Joker Card"},{"floor":14,"key":"Gremlin Food"},{"floor":26,"key":"Sundial"},{"floor":36,"key":"Ring of Searing"},{"floor":36,"key":"ReplayTheSpireMod:Ring of Collecting"},{"floor":39,"key":"Ring of Panic"},{"floor":39,"key":"Mirror"},{"floor":43,"key":"ReplayTheSpireMod:Ring of Addiction"},{"floor":43,"key":"Onion Ring"},{"floor":43,"key":"Potion Belt"},{"floor":43,"key":"SacredBark"},{"floor":45,"key":"Oddly Smooth Stone"}],"event_choices":[{"cards_removed":["Gatherer:Strike_Gatherer"],"damage_healed":0,"gold_gain":0,"player_choice":"Purged","damage_taken":0,"max_hp_gain":0,"max_hp_loss":0,"event_name":"Purifier","floor":4,"gold_loss":0},{"damage_healed":0,"gold_gain":0,"player_choice":"Ignored","damage_taken":0,"max_hp_gain":0,"max_hp_loss":0,"event_name":"Ghosts","floor":20,"gold_loss":0},{"damage_healed":0,"gold_gain":0,"player_choice":"Copied","damage_taken":0,"max_hp_gain":0,"max_hp_loss":0,"event_name":"Duplicator","floor":29,"gold_loss":0,"cards_obtained":["Gatherer:BomberForm"]},{"cards_removed":["Delirium"],"damage_healed":0,"gold_gain":0,"player_choice":"Purged","damage_taken":0,"max_hp_gain":0,"max_hp_loss":0,"event_name":"Purifier","floor":46,"gold_loss":0}],"is_beta":false,"boss_relics":[{"not_picked":["hubris:Backtick","ReplayTheSpireMod:SealedPack"],"picked":"Replay:Ancient Bell"},{"not_picked":["Smiling Mask","War Paint"],"picked":"Gatherer:MistGenerator"},{"not_picked":["hubris:MobiusCoin","hubris:DuctTape"],"picked":"Eternal Feather"},{"not_picked":["Replay:PocketPolymizer","hubris:Teleporter"],"picked":"WingedGreaves"},{"not_picked":["hubris:GrandSneckoEye","Philosopher\u0027s Stone","Astrolabe"]}],"items_purged_floors":[7],"is_endless":false,"potions_floor_spawned":[5,11,12,14,16,21,24,31,38,47],"ascension_level":0}}