{"host":"o5jvvi5yapo90aia","time":1608275129,"event":{"mods":["BaseMod","CapriCore","Minty Spire (QoL Compilation)","MostiFishMod","Prisma Mod","Spicy Shops","StSLib","TestMod","The Immortal","【东方二次创作】八云紫mod","【人物mod】游戏王New YuGiOh mod","【功能Mod】Neow奖励"],"gold_per_floor":[114,264,109,109,9,38,53,79,79,95,95,121,185,202,202,279,279,297,307,68,68,78,113,128,155,179,48,48,79,98,98,98,179,179,199,212,239,259,269,300,300,344,397,415,444,444,494,524,524,529,534,534,534,35,65,82],"floor_reached":57,"playtime":1929,"items_purged":["Doubt","Rage","Sword Boomerang"],"score":4075,"play_id":"87fe860d-01d3-46d9-a190-fd1bd854e2ce","local_time":"20201218150529","is_ascension_mode":true,"campfire_choices":[{"floor":15.0,"key":"RECALL"},{"data":"Power Through","floor":28.0,"key":"PURGE"},{"data":"Flame Barrier","floor":32.0,"key":"PURGE"},{"data":"Brutality","floor":41.0,"key":"PURGE"},{"data":"Second Wind","floor":46,"key":"PURGE"},{"data":"MostiFishMod:FrostNova","floor":49,"key":"PURGE"},{"data":"MostiFishMod:RacingGame","floor":53,"key":"SMITH"}],"circlet_count":0,"master_deck":["AscendersBane","Exhume+1","Intimidate","Pummel+1","Shrug It Off+1","MostiFishMod:RacingGame+1","MostiFishMod:CullingBlade","MostiFishMod:WinterMarkForm","Shockwave","Entrench+1","MostiFishMod:404NotFound+1","Burning Pact","Feel No Pain"],"relics":["DaveBox","testmod-TestBox","FixedStarFall","FeatherPendant","testmod-ObsoleteBoomerang","Question Card","Art of War","Eternal Feather","ImprovedEquipment","Omamori","SynthV:C4","ImportantClient","FrostBlade","Membership Card","Sundial","Bronze Scales","CeramicFish","Calipers","Anchor","Runic Cube","The Courier","Boot","testmod-LifeArmor","Blood Vial","testmod-TheFather","Technique","Whetstone","Dodecahedron","Mummified Hand","testmod-IndustrialRevolution","Lantern","Bag of Preparation","testmod-AssaultLearning","Oddly Smooth Stone"],"acts_visited":["Exordium","TheCity","TheBeyond","TheEnding"],"potions_floor_usage":[56],"damage_taken":[{"damage":0.0,"enemies":"2 Louse","floor":1.0,"turns":2.0},{"damage":0.0,"enemies":"3 Sentries","floor":6.0,"turns":1.0},{"damage":0.0,"enemies":"Small Slimes","floor":7.0,"turns":1.0},{"damage":2.0,"enemies":"Lagavulin","floor":8.0,"turns":3.0},{"damage":0.0,"enemies":"Jaw Worm","floor":10.0,"turns":2.0},{"damage":0.0,"enemies":"Gremlin Nob","floor":12.0,"turns":2.0},{"damage":0.0,"enemies":"3 Sentries","floor":13.0,"turns":1.0},{"damage":0.0,"enemies":"Lots of Slimes","floor":14.0,"turns":2.0},{"damage":4.0,"enemies":"Hexaghost","floor":16.0,"turns":4.0},{"damage":0.0,"enemies":"Chosen","floor":18.0,"turns":2.0},{"damage":0.0,"enemies":"2 Thieves","floor":19.0,"turns":1.0},{"damage":0.0,"enemies":"Shelled Parasite and Fungi","floor":22.0,"turns":2.0},{"damage":0.0,"enemies":"Book of Stabbing","floor":23.0,"turns":2.0},{"damage":2.0,"enemies":"Cultist and Chosen","floor":24.0,"turns":2.0},{"damage":2.0,"enemies":"Gremlin Leader","floor":25.0,"turns":2.0},{"damage":0.0,"enemies":"Slavers","floor":29.0,"turns":1.0},{"damage":0.0,"enemies":"Snecko","floor":30.0,"turns":2.0},{"damage":0.0,"enemies":"Collector","floor":33.0,"turns":5.0},{"damage":0.0,"enemies":"3 Shapes","floor":35.0,"turns":1.0},{"damage":0.0,"enemies":"Orb Walker","floor":36.0,"turns":2.0},{"damage":0.0,"enemies":"Spire Growth","floor":37.0,"turns":1.0},{"damage":0.0,"enemies":"3 Darklings","floor":38.0,"turns":1.0},{"damage":0.0,"enemies":"Sphere and 2 Shapes","floor":39.0,"turns":2.0},{"damage":0.0,"enemies":"Nemesis","floor":40.0,"turns":3.0},{"damage":0.0,"enemies":"Giant Head","floor":42.0,"turns":3.0},{"damage":0,"enemies":"Transient","floor":44,"turns":2},{"damage":0,"enemies":"Reptomancer","floor":45,"turns":1},{"damage":0,"enemies":"Nemesis","floor":48,"turns":1},{"damage":0,"enemies":"Time Eater","floor":50,"turns":3},{"damage":0,"enemies":"Awakened One","floor":51,"turns":3},{"damage":0,"enemies":"Shield and Spear","floor":55,"turns":1},{"damage":0,"enemies":"The Heart","floor":56,"turns":4}],"seed_played":"6344221501805953927","potions_obtained":[{"floor":6.0,"key":"testmod-TimePotion"},{"floor":10.0,"key":"AttackPotion"}],"is_trial":false,"path_per_floor":["M","?","$","?","$","E","M","E","T","M","?","E","?","M","R","B",null,"M","M","$","?","M","E","M","E","T","$","R","E","M","?","R","B",null,"M","M","M","M","M","E","R","E","T","M","E","R","?","E","R","B","B",null,"R","$","E","B",null],"character_chosen":"IRONCLAD","items_purchased":["Art of War","Membership Card","Sundial","Calipers","testmod-TheFather","Technique","Whetstone","Dodecahedron","Mummified Hand","testmod-IndustrialRevolution","Lantern","Bag of Preparation","testmod-AssaultLearning"],"campfire_rested":0,"item_purchase_floors":[3,20,20,27,54,54,54,54,54,54,54,54,54],"current_hp_per_floor":[69,69,69,46,46,47,48,47,47,48,48,49,50,51,57,54,70,71,72,72,85,85,85,83,82,82,82,85,85,85,80,85,85,85,85,85,85,85,85,85,85,85,85,85,85,85,85,85,85,85,85,85,85,85,85,85],"gold":82,"neow_bonus":"BOSS_RELIC","is_daily":false,"chose_seed":false,"campfire_upgraded":1,"win_rate":0.0,"timestamp":1608275129,"path_taken":["M","?","$","?","?","E","?","E","T","M","?","E","?","M","R","BOSS","M","M","$","?","M","E","M","E","T","$","R","E","?","?","R","BOSS","M","?","M","?","M","E","R","E","T","M","E","R","?","E","R","BOSS","BOSS","R","$","E","BOSS"],"items_purchased_type":["Relic","Relic","Relic","Relic","Relic","Relic","Relic","Relic","Relic","Relic","Relic","Relic","Relic"],"build_version":"2020-12-13","purchased_purges":3,"victory":true,"max_hp_per_floor":[75,75,75,75,75,75,75,75,75,75,75,75,75,75,75,75,75,75,75,75,85,85,85,85,85,85,85,85,85,85,85,85,85,85,85,85,85,85,85,85,85,85,85,85,85,85,85,85,85,85,85,85,85,85,85,85],"card_choices":[{"not_picked":["Clothesline","Perfected Strike","Bloodletting"],"picked":"SKIP","floor":1.0},{"not_picked":["Flex","Sentinel","Searing Blow"],"picked":"Shrug It Off","floor":6.0},{"not_picked":["True Grit","Second Wind","Inflame","Disarm"],"picked":"SKIP","floor":7.0},{"not_picked":["Perfected Strike","Sever Soul","Bloodletting","Sword Boomerang"],"picked":"SKIP","floor":8.0},{"not_picked":["Second Wind","Combust","Clash","Twin Strike"],"picked":"SKIP","floor":10.0},{"not_picked":["Feel No Pain","Shrug It Off","Armaments"],"picked":"MostiFishMod:RacingGame","floor":12.0},{"not_picked":["Heavy Blade","Uppercut","Clothesline","Cleave"],"picked":"SKIP","floor":14.0},{"not_picked":["MostiFishMod:#F4004","Impervious","MostiFishMod:ChineseTea"],"picked":"MostiFishMod:CullingBlade","floor":16.0},{"not_picked":["Heavy Blade","Cleave","Twin Strike+1","Ghostly Armor"],"picked":"SKIP","floor":18.0},{"not_picked":["Perfected Strike","Twin Strike","Spot Weakness","Thunderclap+1"],"picked":"SKIP","floor":19.0},{"not_picked":["MostiFishMod:NewArrival","Cleave","Warcry"],"picked":"Shockwave","floor":22.0},{"not_picked":["Wild Strike","Twin Strike+1","Sword Boomerang","Whirlwind"],"picked":"SKIP","floor":23.0},{"not_picked":["Cleave","Body Slam","Thunderclap"],"picked":"Entrench","floor":24.0},{"not_picked":["Limit Break","Thunderclap","MostiFishMod:BrandingRite+1","Headbutt"],"picked":"SKIP","floor":25.0},{"not_picked":["Pommel Strike","Clothesline","Brutality","Thunderclap"],"picked":"SKIP","floor":29.0},{"not_picked":["Entrench","Body Slam","Havoc","Searing Blow"],"picked":"SKIP","floor":30.0},{"not_picked":["MostiFishMod:NewArrival","MostiFishMod:PerfectStrikeMKII","MostiFishMod:FireWorks"],"picked":"MostiFishMod:404NotFound","floor":33.0},{"not_picked":["Pommel Strike+1","Fire Breathing","Ghostly Armor","Iron Wave"],"picked":"SKIP","floor":35.0},{"not_picked":["Reckless Charge","Body Slam","Entrench","True Grit"],"picked":"SKIP","floor":36.0},{"not_picked":["Inflame","Warcry+1","Feed"],"picked":"Burning Pact","floor":37.0},{"not_picked":["Fire Breathing+1","Havoc","Wild Strike","Intimidate"],"picked":"SKIP","floor":38.0},{"not_picked":["Body Slam","Wild Strike+1","Clash+1","Bloodletting"],"picked":"SKIP","floor":39.0},{"not_picked":["Reckless Charge","Clothesline","Carnage","Body Slam"],"picked":"SKIP","floor":40.0},{"not_picked":["Reckless Charge","Clothesline","Carnage","Body Slam"],"picked":"SKIP","floor":40.0},{"not_picked":["Heavy Blade","Battle Trance","Pommel Strike"],"picked":"Feel No Pain","floor":42},{"not_picked":["True Grit","Power Through+1","Seeing Red","Anger"],"picked":"SKIP","floor":44},{"not_picked":["Anger","Havoc","Warcry","Clash"],"picked":"SKIP","floor":45},{"not_picked":["Wild Strike","Ghostly Armor+1","MostiFishMod:TemporaryOutbreak","Shrug It Off"],"picked":"SKIP","floor":48},{"not_picked":["Thunderclap","Twin Strike","Intimidate","Fire Breathing"],"picked":"SKIP","floor":55}],"player_experience":1313618,"relics_obtained":[{"floor":1.0,"key":"Question Card"},{"floor":6.0,"key":"Eternal Feather"},{"floor":8.0,"key":"ImprovedEquipment"},{"floor":9.0,"key":"Omamori"},{"floor":12.0,"key":"SynthV:C4"},{"floor":16.0,"key":"ImportantClient"},{"floor":23.0,"key":"Bronze Scales"},{"floor":25.0,"key":"CeramicFish"},{"floor":29.0,"key":"Anchor"},{"floor":40.0,"key":"The Courier"},{"floor":43,"key":"Boot"},{"floor":45,"key":"testmod-LifeArmor"},{"floor":48,"key":"Blood Vial"},{"floor":55,"key":"Oddly Smooth Stone"}],"event_choices":[{"damage_healed":0.0,"max_hp_gain":0.0,"max_hp_loss":0.0,"gold_gain":150.0,"event_name":"Liars Game","player_choice":"AGREE","floor":2.0,"gold_loss":0.0,"damage_taken":0.0,"cards_obtained":["Doubt"]},{"damage_healed":0.0,"max_hp_gain":0.0,"max_hp_loss":0.0,"gold_gain":0.0,"event_name":"Shining Light","player_choice":"Entered Light","floor":4.0,"gold_loss":0.0,"damage_taken":23.0,"cards_upgraded":["Exhume","Rage"]},{"damage_healed":0.0,"max_hp_gain":0.0,"max_hp_loss":0.0,"gold_gain":0.0,"cards_transformed":["Rage"],"event_name":"Living Wall","player_choice":"Change","floor":11.0,"gold_loss":0.0,"damage_taken":0.0,"cards_obtained":["Power Through"]},{"damage_healed":0.0,"max_hp_gain":0.0,"max_hp_loss":0.0,"gold_gain":0.0,"event_name":"Dead Adventurer","player_choice":"Searched \u00271\u0027 times","floor":13.0,"gold_loss":0.0,"damage_taken":0.0},{"cards_removed":["Immolate"],"damage_healed":3.0,"max_hp_gain":10.0,"max_hp_loss":0.0,"gold_gain":0.0,"event_name":"Bonfire Elementals","player_choice":"Offered Rare","floor":21.0,"gold_loss":0.0,"damage_taken":0.0},{"damage_healed":0.0,"max_hp_gain":0.0,"max_hp_loss":0.0,"gold_gain":0.0,"event_name":"The Woman in Blue","player_choice":"Bought 0 Potions","floor":31.0,"gold_loss":0.0,"damage_taken":0.0},{"damage_healed":0,"gold_gain":50,"player_choice":"Pray","damage_taken":0,"max_hp_gain":0,"max_hp_loss":0,"event_name":"Golden Shrine","floor":47,"gold_loss":0}],"is_beta":false,"boss_relics":[{"not_picked":["testmod-Fanaticism","testmod-SaigiyounoYou"],"picked":"FrostBlade"},{"not_picked":["NightmareShop","HaiYi:Twilight"],"picked":"Runic Cube"}],"items_purged_floors":[3,5,20],"is_endless":false,"potions_floor_spawned":[6,10,12,16,19,22,29,33,36,37,40,45,55],"ascension_level":20}}