{"host":"hgkb2zpbo2dcws21","time":1608295117,"event":{"mods":["AchievementEnabler","BaseMod","Colored Map","Colored Powertips","Custom Start","DeckTracker","KOR Keyword Fix","Minty Spire (QoL Compilation)","StSLib","SuperFastMode"],"gold_per_floor":[112,37,50,125,125,159,10,10,10,10,42,42,42,60,60,134,134,148,148,9,24,44,44,76,86,86,101,101,101,101,119,119,191,191,206,206,206,206],"floor_reached":37,"playtime":916,"items_purged":["Strike_G","Strike_G"],"score":893,"play_id":"8a382274-46a7-469c-96fc-31c9447663d3","local_time":"20201218213837","is_ascension_mode":true,"campfire_choices":[{"data":"Neutralize","floor":8,"key":"SMITH"},{"data":"Acrobatics","floor":13,"key":"SMITH"},{"data":"Grand Finale","floor":15,"key":"SMITH"},{"data":"Tactician","floor":23,"key":"SMITH"},{"floor":28,"key":"REST"},{"data":"Adrenaline","floor":30,"key":"SMITH"},{"data":"Footwork","floor":32,"key":"SMITH"}],"circlet_count":0,"master_deck":["AscendersBane","Strike_G","Strike_G","Defend_G","Defend_G","Defend_G","Defend_G","Survivor","Neutralize+1","Dagger Spray","Noxious Fumes+1","Grand Finale+1","Acrobatics+1","Dagger Throw","Prepared+1","Adrenaline+1","Tactician+1","Backflip","Footwork+1","Adrenaline","Escape Plan","Madness","Madness"],"relics":["Ring of the Snake","NeowsBlessing","Happy Flower","Oddly Smooth Stone","Lantern","Runic Pyramid","Art of War","Gremlin Horn","Runic Dome"],"acts_visited":["Exordium","TheCity","TheBeyond"],"potions_floor_usage":[11,16,24,37],"damage_taken":[{"damage":0,"enemies":"Cultist","floor":1,"turns":1},{"damage":0,"enemies":"2 Louse","floor":3,"turns":1},{"damage":0,"enemies":"Gremlin Nob","floor":6,"turns":1},{"damage":18,"enemies":"Lagavulin","floor":11,"turns":8},{"damage":0,"enemies":"Small Slimes","floor":14,"turns":2},{"damage":6,"enemies":"Hexaghost","floor":16,"turns":7},{"damage":26,"enemies":"2 Thieves","floor":18,"turns":4},{"damage":0,"enemies":"Chosen","floor":21,"turns":3},{"damage":0,"enemies":"3 Cultists","floor":22,"turns":3},{"damage":21,"enemies":"Slavers","floor":24,"turns":3},{"damage":0,"enemies":"Centurion and Healer","floor":25,"turns":2},{"damage":0,"enemies":"Snake Plant","floor":27,"turns":2},{"damage":0,"enemies":"Shelled Parasite and Fungi","floor":31,"turns":4},{"damage":0,"enemies":"Collector","floor":33,"turns":6},{"damage":0,"enemies":"Orb Walker","floor":35,"turns":2},{"damage":103,"enemies":"2 Orb Walkers","floor":37,"turns":5}],"seed_played":"9049286705960428885","potions_obtained":[{"floor":1,"key":"Swift Potion"},{"floor":3,"key":"Swift Potion"},{"floor":11,"key":"Explosive Potion"},{"floor":21,"key":"FairyPotion"},{"floor":24,"key":"EssenceOfSteel"},{"floor":27,"key":"Regen Potion"}],"is_trial":false,"path_per_floor":["M","$","M","?","?","E","$","R","T","?","E","?","R","M","R","B",null,"M","?","$","M","M","R","E","M","T","M","R","$","R","M","R","B",null,"M","?","?"],"character_chosen":"THE_SILENT","items_purchased":["Grand Finale","Tactician"],"campfire_rested":1,"item_purchase_floors":[7,20],"current_hp_per_floor":[59,59,59,48,48,48,48,48,48,53,35,28,28,28,28,22,59,33,33,33,33,33,33,12,12,12,12,33,33,33,33,33,33,62,62,49,0,0],"gold":206,"neow_bonus":"THREE_ENEMY_KILL","is_daily":false,"chose_seed":false,"campfire_upgraded":6,"win_rate":0.0,"timestamp":1608295117,"path_taken":["M","$","?","?","?","E","$","R","T","?","E","?","R","M","R","BOSS","M","?","$","M","M","R","E","M","T","?","R","$","R","M","R","BOSS","M","?","?"],"items_purchased_type":["Card","Card"],"build_version":"2020-12-13","purchased_purges":2,"victory":false,"max_hp_per_floor":[66,66,66,66,66,66,66,66,66,71,71,71,71,71,71,71,71,71,71,71,71,71,71,71,71,71,71,71,71,71,71,71,71,71,71,71,71,71],"card_choices":[{"not_picked":["Finisher","Dodge and Roll"],"picked":"Dagger Spray","floor":1},{"not_picked":["Dodge and Roll","Outmaneuver"],"picked":"Noxious Fumes","floor":3},{"not_picked":["Slice","Finisher","Flying Knee"],"picked":"SKIP","floor":6},{"not_picked":["PiercingWail","Infinite Blades"],"picked":"Acrobatics","floor":11},{"not_picked":["Night Terror","Underhanded Strike"],"picked":"Dagger Throw","floor":14},{"not_picked":["Dagger Throw","Leg Sweep"],"picked":"Prepared+1","floor":18},{"not_picked":["Endless Agony","Underhanded Strike"],"picked":"Backflip","floor":21},{"not_picked":["Dodge and Roll+1","Tactician"],"picked":"Footwork","floor":22},{"not_picked":["Flying Knee","Bullet Time","All Out Attack"],"picked":"SKIP","floor":24},{"not_picked":["Poisoned Stab","Deadly Poison","Sucker Punch"],"picked":"SKIP","floor":25},{"not_picked":["Backstab","Riddle With Holes","Accuracy+1"],"picked":"SKIP","floor":27},{"not_picked":["Backflip","Terror","Cloak And Dagger"],"picked":"SKIP","floor":31},{"not_picked":["Malaise","A Thousand Cuts"],"picked":"Adrenaline","floor":33},{"not_picked":["PiercingWail+1","Cloak And Dagger"],"picked":"Escape Plan","floor":35}],"player_experience":1083094,"relics_obtained":[{"floor":6,"key":"Happy Flower"},{"floor":9,"key":"Oddly Smooth Stone"},{"floor":11,"key":"Lantern"},{"floor":24,"key":"Art of War"},{"floor":26,"key":"Gremlin Horn"}],"event_choices":[{"damage_healed":0,"gold_gain":75,"player_choice":"Gather Gold","damage_taken":11,"max_hp_gain":0,"max_hp_loss":0,"event_name":"World of Goop","floor":4,"gold_loss":0},{"damage_healed":0,"gold_gain":0,"player_choice":"Grow","damage_taken":0,"max_hp_gain":0,"max_hp_loss":0,"event_name":"Living Wall","floor":5,"gold_loss":0,"cards_upgraded":["Noxious Fumes"]},{"damage_healed":0,"gold_gain":0,"player_choice":"Donut","damage_taken":0,"max_hp_gain":5,"max_hp_loss":0,"event_name":"Big Fish","floor":10,"gold_loss":0},{"cards_removed":["Defend_G"],"damage_healed":0,"gold_gain":0,"player_choice":"Card Removal","damage_taken":7,"max_hp_gain":0,"max_hp_loss":0,"event_name":"Golden Wing","floor":12,"gold_loss":0},{"damage_healed":0,"gold_gain":0,"cards_transformed":["Strike_G"],"player_choice":"Transformed","damage_taken":0,"max_hp_gain":0,"max_hp_loss":0,"event_name":"Transmorgrifier","floor":19,"gold_loss":0,"cards_obtained":["Adrenaline"]},{"damage_healed":0,"gold_gain":0,"player_choice":"Embrace Madness","damage_taken":13,"max_hp_gain":0,"max_hp_loss":0,"event_name":"Winding Halls","floor":36,"gold_loss":0,"cards_obtained":["Madness","Madness"]},{"damage_healed":0,"gold_gain":0,"player_choice":"Fight","damage_taken":0,"max_hp_gain":0,"max_hp_loss":0,"event_name":"Mysterious Sphere","floor":37,"gold_loss":0}],"is_beta":false,"boss_relics":[{"not_picked":["Fusion Hammer","Busted Crown"],"picked":"Runic Pyramid"},{"not_picked":["Ring of the Serpent","Pandora\u0027s Box"],"picked":"Runic Dome"}],"items_purged_floors":[2,20],"is_endless":false,"potions_floor_spawned":[1,3,11,21,24,27,33,35],"killed_by":"2 Orb Walkers","ascension_level":18}}