{"host":"r2b8ojg4o4pyvjvq","time":1608304546,"event":{"mods":["BaseMod","Colored Map","Downfall","Highlight Path","Hubris","Marisa????????","Minty Spire (QoL Compilation)","Quick Restart","Replay The Spire","StSLib","SuperFastMode"],"gold_per_floor":[119,119,119,44,60,60,88,102,125,125,151,169,500,500,500,500,500,500,500,500,500,500,500,500,532,555,555,593,619,407,407,407,506,506,516,516,516,538,553,553,588,588,615,644,653,597,150,5,5,5,5,5,5,37,37,37],"floor_reached":55,"playtime":2473,"items_purged":["Pain","Strike_MRS","Strike_MRS","Strike_MRS"],"score":1183,"play_id":"2e5b36d4-74c5-4e1d-b527-f324a9953fd0","local_time":"20201218161546","is_ascension_mode":true,"campfire_choices":[{"data":"GalacticHalo","floor":6.0,"key":"SMITH"},{"data":"TreasureHunter","floor":15.0,"key":"SMITH"},{"data":"UltimateShortwave","floor":24.0,"key":"SMITH"},{"data":"MagicChant","floor":27,"key":"SMITH"},{"floor":32,"key":"REST"},{"floor":40,"key":"RECALL"},{"data":"EnergyFlow","floor":42,"key":"SMITH"},{"floor":49,"key":"REST"},{"data":"OrrerysSun","floor":52,"key":"SMITH"}],"circlet_count":0,"master_deck":["Strike_MRS","Defend_MRS","Defend_MRS","Defend_MRS","Defend_MRS","MasterSpark","UpSweep+1","GalacticHalo+1","DarkMatter","Acceleration","MagicChant+1","SporeBomb+1","ManaConvection","TreasureHunter+1","EnergyFlow+1","GrandCross","AsteroidBelt","expansioncontent:Corrupt+1","NonDirectionalLaser","UltimateShortwave+1","NonDirectionalLaser+1","PulseMagic+1","MagicAbsorber","OpenUniverse","DoubleSpark+1","EnergyRecoil+1","Metamorphosis","DeepEcoloBomb+1","OrrerysSun+1"],"relics":["MiniHakkero","NeowsBlessing","WarpedTongs","FossilizedHelix","Nunchaku","ReplayTheSpireMod:Ring of Addiction","hubris:EmptyBottle","Chameleon Ring","Ring of Peace","hubris:GlazedTorus","Mummified Hand","Toolbox","hubris:MysteriousPyramids","Ring of Chaos","hubris:TenFootPole","Orichalcum","Strawberry","War Paint","CeramicFish","Membership Card","Mirror","hubris:VirtuousBlindfold","hubris:Towel","Lantern","Replay:Baseball","Juzu Bracelet","hubris:BottledRain","Lizard Tail","Replay:Accelerometer","hubris:BundleOfHerbs","Bronze Scales"],"acts_visited":["Exordium","TheCity","TheBeyond","TheEnding"],"potions_floor_usage":[33,33,41,41,44,50,50,55,55,55,55,55,55,55,55,55,55,55,55,55],"damage_taken":[{"damage":0.0,"enemies":"Cultist","floor":1.0,"turns":1.0},{"damage":0.0,"enemies":"Small Slimes","floor":5.0,"turns":2.0},{"damage":0.0,"enemies":"Gremlin Nob","floor":7.0,"turns":1.0},{"damage":0.0,"enemies":"Jaw Worm","floor":8.0,"turns":5.0},{"damage":0.0,"enemies":"Lagavulin","floor":11.0,"turns":8.0},{"damage":0.0,"enemies":"2 Fungi Beasts","floor":12.0,"turns":4.0},{"damage":4.0,"enemies":"Lots of Slimes","floor":14.0,"turns":5.0},{"damage":0.0,"enemies":"Slime Boss","floor":16.0,"turns":5.0},{"damage":0.0,"enemies":"Shell Parasite","floor":18.0,"turns":4.0},{"damage":4.0,"enemies":"3 Byrds","floor":20.0,"turns":5.0},{"damage":0.0,"enemies":"Centurion and Healer","floor":22.0,"turns":3.0},{"damage":21.0,"enemies":"Book of Stabbing","floor":23.0,"turns":5.0},{"damage":0,"enemies":"Slavers","floor":25,"turns":6},{"damage":21,"enemies":"Book of Stabbing","floor":28,"turns":6},{"damage":0,"enemies":"Snecko","floor":29,"turns":5},{"damage":31,"enemies":"hubris:MusketHawk","floor":33,"turns":7},{"damage":0,"enemies":"Orb Walker","floor":35,"turns":3},{"damage":0,"enemies":"3 Darklings","floor":38,"turns":5},{"damage":4,"enemies":"Spire Growth","floor":39,"turns":6},{"damage":25,"enemies":"Giant Head","floor":41,"turns":8},{"damage":0,"enemies":"Nemesis","floor":44,"turns":11},{"damage":24,"enemies":"Replay:Hell Engine","floor":50,"turns":8},{"damage":71,"enemies":"Shield and Spear","floor":54,"turns":8},{"damage":26,"enemies":"The Heart","floor":55,"turns":6}],"seed_played":"5046306333788053199","potions_obtained":[{"floor":5.0,"key":"Regen Potion"},{"floor":7.0,"key":"FearPotion"},{"floor":10.0,"key":"Dexterity Potion"},{"floor":38,"key":"SneckoOil"},{"floor":41,"key":"BlessingOfTheForge"}],"is_trial":false,"path_per_floor":["M","?","?","$","M","R","E","M","T","?","E","M","$","M","R","B",null,"M","?","M","?","M","E","R","E","T","R","E","M","$","?","R","B",null,"M","?","?","M","M","R","E","R","T","E","?","?","$","$","R","B",null,"R","$","E","B"],"character_chosen":"MARISA","items_purchased":["TreasureHunter","EnergyFlow","GrandCross","AsteroidBelt","Mummified Hand","Toolbox","hubris:MysteriousPyramids","expansioncontent:Corrupt","Membership Card","DeepEcoloBomb+1","Lizard Tail","Replay:Accelerometer","OrrerysSun","CultistPotion","hubris:BundleOfHerbs"],"campfire_rested":2,"item_purchase_floors":[13,13,13,13,13,13,13,13,30,47,47,47,47,47,48],"current_hp_per_floor":[68,68,68,68,68,68,68,68,68,68,68,68,68,64,64,64,69,69,69,65,65,65,44,44,51,51,51,30,30,30,30,51,47,64,64,64,64,64,60,60,35,35,35,35,35,35,35,35,54,36,57,57,57,20,0,0],"gold":37,"neow_bonus":"THREE_ENEMY_KILL","is_daily":false,"chose_seed":false,"campfire_upgraded":6,"win_rate":0.0,"timestamp":1608304546,"path_taken":["M","?","?","$","?","R","E","M","T","?","E","M","?","?","R","BOSS","M","?","?","?","?","E","R","E","T","R","E","M","$","?","R","BOSS","M","?","?","?","?","R","E","R","T","E","?","?","?","$","R","BOSS","R","$","E","BOSS"],"items_purchased_type":["Card","Card","Card","Card","Relic","Relic","Relic","Card","Relic","Card","Relic","Relic","Card","Potion","Relic"],"build_version":"2020-12-13","purchased_purges":4,"victory":false,"max_hp_per_floor":[75,75,75,75,75,75,75,75,75,75,75,75,75,73,73,73,71,71,71,69,69,69,69,69,76,76,74,74,74,72,72,72,70,70,70,70,68,68,68,66,66,66,66,66,66,66,66,64,64,64,64,64,64,62,62,62],"card_choices":[{"not_picked":["DC","OrrerysSun"],"picked":"GalacticHalo","floor":1.0},{"not_picked":["Robbery","DarkSpark"],"picked":"DarkMatter","floor":5.0},{"not_picked":["AlicesGift","IllusionStar"],"picked":"Acceleration","floor":7.0},{"not_picked":["Occultation","FairyDestructionRay"],"picked":"MagicChant","floor":8.0},{"not_picked":["PowerUp","WitchOfGreed"],"picked":"SporeBomb","floor":11.0},{"not_picked":["DC","MagicChant"],"picked":"ManaConvection","floor":12.0},{"not_picked":["UnstableBomb","PowerUp"],"picked":"NonDirectionalLaser","floor":14.0},{"not_picked":["CollectingQuirk","EscapeVelocity"],"picked":"UltimateShortwave","floor":16.0},{"not_picked":["WitchOfGreed","MilkyWay+1"],"picked":"NonDirectionalLaser+1","floor":18.0},{"not_picked":["DC","Acceleration"],"picked":"PulseMagic+1","floor":20.0},{"not_picked":["WitchOfGreed","DC"],"picked":"MagicAbsorber","floor":22.0},{"not_picked":["MeteoricShower","BinaryStars","StarlightTyphoon"],"picked":"SKIP","floor":23.0},{"not_picked":["PulseMagic","UnstableBomb","WitchOfGreed"],"picked":"SKIP","floor":25},{"not_picked":["MagicChant","6A"],"picked":"FinalSpark","floor":28},{"not_picked":["GalacticHalo+1","Singularity"],"picked":"OpenUniverse","floor":29},{"not_picked":["RefractionSpark","WitchOfGreed","IllusionStar+1"],"picked":"SKIP","floor":35},{"not_picked":["NonDirectionalLaser","PowerUp"],"picked":"DoubleSpark+1","floor":38},{"not_picked":["WitchLeyline","6A+1","MilkyWay"],"picked":"SKIP","floor":39},{"not_picked":["RefractionSpark","EnergyFlow"],"picked":"EnergyRecoil+1","floor":41},{"not_picked":["StarlightTyphoon","WitchOfGreed+1","NonDirectionalLaser"],"picked":"SKIP","floor":44},{"not_picked":["expansioncontent:TimeRipple","Violence"],"picked":"Metamorphosis","floor":45},{"not_picked":["OpenUniverse","ShootingEcho+1","MachineGunSpark"],"picked":"SKIP","floor":54}],"player_experience":454536,"relics_obtained":[{"floor":7.0,"key":"FossilizedHelix"},{"floor":9.0,"key":"Nunchaku"},{"floor":10.0,"key":"ReplayTheSpireMod:Ring of Addiction"},{"floor":10.0,"key":"hubris:EmptyBottle"},{"floor":10.0,"key":"Chameleon Ring"},{"floor":10.0,"key":"Ring of Peace"},{"floor":11.0,"key":"hubris:GlazedTorus"},{"floor":23.0,"key":"hubris:TenFootPole"},{"floor":23.0,"key":"Orichalcum"},{"floor":25,"key":"Strawberry"},{"floor":25,"key":"War Paint"},{"floor":28,"key":"CeramicFish"},{"floor":41,"key":"Lantern"},{"floor":43,"key":"Replay:Baseball"},{"floor":44,"key":"Juzu Bracelet"},{"floor":54,"key":"Bronze Scales"}],"event_choices":[{"damage_healed":0.0,"max_hp_gain":0.0,"max_hp_loss":0.0,"gold_gain":0.0,"event_name":"Living Wall","player_choice":"Grow","floor":2.0,"gold_loss":0.0,"damage_taken":0.0,"cards_upgraded":["UpSweep"]},{"damage_healed":0.0,"max_hp_gain":0.0,"max_hp_loss":0.0,"gold_gain":0.0,"event_name":"Accursed Blacksmith","player_choice":"Rummage","floor":3.0,"gold_loss":0.0,"damage_taken":0.0,"relics_obtained":["WarpedTongs"],"cards_obtained":["Pain"]},{"damage_healed":0.0,"max_hp_gain":0.0,"max_hp_loss":0.0,"gold_gain":0.0,"event_name":"The Joust","player_choice":"Bet on Murderer","floor":19.0,"gold_loss":50.0,"damage_taken":0.0},{"damage_healed":0.0,"max_hp_gain":0.0,"max_hp_loss":0.0,"gold_gain":0.0,"event_name":"The Woman in Blue","player_choice":"Bought 0 Potions","floor":21.0,"gold_loss":0.0,"damage_taken":0.0},{"cards_removed":["FinalSpark"],"damage_healed":0,"gold_gain":0,"player_choice":"Removed Attack","damage_taken":0,"max_hp_gain":0,"max_hp_loss":0,"event_name":"Falling","floor":37,"gold_loss":0},{"damage_healed":0,"gold_gain":0,"player_choice":"Memory 1","damage_taken":0,"max_hp_gain":0,"max_hp_loss":0,"event_name":"SensoryStone","floor":45,"gold_loss":0},{"damage_healed":0,"gold_gain":0,"player_choice":"Paid Gold","damage_taken":0,"relics_obtained":["hubris:BottledRain"],"max_hp_gain":0,"max_hp_loss":0,"event_name":"WeMeetAgain","floor":46,"gold_loss":56}],"is_beta":false,"boss_relics":[{"not_picked":["Philosopher\u0027s Stone","hubris:GrandSneckoEye"],"picked":"Ring of Chaos"},{"not_picked":["Runic Pyramid","Tiny House"],"picked":"hubris:VirtuousBlindfold"}],"items_purged_floors":[4,13,30,47],"is_endless":false,"potions_floor_spawned":[5,7,12,16,18,22,29,38,41],"killed_by":"The Heart","ascension_level":9}}