{"host":"nk1hwk2qadwaubm5","time":1608332399,"event":{"mods":["BaseMod","Hermit","Infinite Spire","Marisa????????","Minty Spire (QoL Compilation)","Replay The Spire","StSLib","The Animator","The Cursed","The Jungle","The Servant 0.9.4"],"gold_per_floor":[363,377,75,90,103,133,133,153,205,205,224,324,349,367,367,469,469,482,535,545,545,226,246,246,280,307,325,325,325,325,337,337,436,436,455,455,474,166,182,217,237,249,300,300,335,131,144,163,163,163,163,163,63,90,90,90],"floor_reached":55,"playtime":3052,"items_purged":["Amnesia","UpSweep"],"score":888,"play_id":"1cf9965a-1972-4128-a938-e5d65470138d","local_time":"20201218235959","is_ascension_mode":false,"campfire_choices":[{"data":"BlazeAway","floor":7,"key":"SMITH"},{"data":"FairyDestructionRay","floor":10,"key":"SMITH"},{"data":"UltimateShortwave","floor":15,"key":"SMITH"},{"data":"StarBarrage","floor":24,"key":"SMITH"},{"data":"AlicesGift","floor":28,"key":"SMITH"},{"data":"MysteriousBeam","floor":30,"key":"SMITH"},{"data":"MysteriousBeam","floor":32,"key":"SMITH"},{"floor":44,"key":"RECALL"},{"data":"GalacticHalo","floor":52,"key":"SMITH"}],"circlet_count":0,"master_deck":["Strike_MRS","Strike_MRS","Defend_MRS","Defend_MRS","Defend_MRS","Defend_MRS","MasterSpark","MysteriousBeam","BlazeAway+1","FairyDestructionRay+1","MysteriousBeam+1","GalacticHalo+1","UltimateShortwave+1","AlicesGift+1","StarBarrage+1","MysteriousBeam+1","CasketOfStar+1","OrrerysSun+1","Acceleration"],"relics":["BewitchedHakkero","SimpleLauncher","Replay:WaspNest","Vajra","infinitespire:EmpoweringShard","Replay:Grab Bag","Replay:Fungal Core","RampagingMagicTools","Empty Cage","Blue Doll","Ring of Fury","Matryoshka","Dream Catcher","PreservedInsect","Simple Rune","Orichalcum","Letter Opener","Coffee Dripper","Busted Crown","TungstenRod","Bag of Marbles","Sling","Replay:Bottled Eggs","Juzu Bracelet","infinitespire:Lucky Rock","Bag of Preparation"],"acts_visited":["Exordium","Exordium","TheBeyond","TheEnding"],"potions_floor_usage":[13,16,20,23,47,50,55,55],"damage_taken":[{"damage":1,"enemies":"infinitespire:Voidling","floor":1,"turns":3},{"damage":0,"enemies":"2 Louse","floor":2,"turns":2},{"damage":0,"enemies":"Cultist","floor":4,"turns":2},{"damage":0,"enemies":"Exordium Wildlife","floor":5,"turns":1},{"damage":14,"enemies":"Gremlin Nob","floor":6,"turns":3},{"damage":4,"enemies":"Blue Slaver","floor":8,"turns":2},{"damage":3,"enemies":"Red Slaver","floor":11,"turns":2},{"damage":9,"enemies":"3 Sentries","floor":13,"turns":2},{"damage":4,"enemies":"Gremlin Gang","floor":14,"turns":2},{"damage":2,"enemies":"Hexaghost","floor":16,"turns":6},{"damage":0,"enemies":"Shell Parasite","floor":18,"turns":1},{"damage":3,"enemies":"theJungle:MUSHROOMGANG","floor":20,"turns":2},{"damage":0,"enemies":"theJungle:JungleHuntersEncounter","floor":23,"turns":3},{"damage":0,"enemies":"theJungle:Cassacara","floor":25,"turns":2},{"damage":15,"enemies":"theJungle:2_Flameangoes","floor":27,"turns":3},{"damage":0,"enemies":"theJungle:2_Snecko_Cultists","floor":31,"turns":2},{"damage":3,"enemies":"theJungle:QueenSpyder","floor":33,"turns":1},{"damage":9,"enemies":"3 Darklings","floor":35,"turns":2},{"damage":0,"enemies":"Orb Walker","floor":37,"turns":1},{"damage":0,"enemies":"Jaw Worm Horde","floor":39,"turns":1},{"damage":2,"enemies":"R_Hoarder","floor":40,"turns":1},{"damage":0,"enemies":"Spire Growth","floor":41,"turns":2},{"damage":2,"enemies":"4 Shapes","floor":42,"turns":2},{"damage":0,"enemies":"Reptomancer","floor":45,"turns":2},{"damage":0,"enemies":"Writhing Mass","floor":47,"turns":2},{"damage":0,"enemies":"3 Darklings","floor":48,"turns":2},{"damage":37,"enemies":"Time Eater","floor":50,"turns":6},{"damage":2,"enemies":"Shield and Spear","floor":54,"turns":2},{"damage":72,"enemies":"The Heart","floor":55,"turns":3}],"seed_played":"-2746938217363147763","potions_obtained":[{"floor":5,"key":"EssenceOfSteel"},{"floor":6,"key":"Milkshake"},{"floor":8,"key":"AttackPotion"},{"floor":13,"key":"Adrenaline Potion"},{"floor":20,"key":"Languid Potion"},{"floor":27,"key":"AttackPotion"},{"floor":40,"key":"Ancient Potion"},{"floor":48,"key":"SkillPotion"}],"is_trial":false,"path_per_floor":["M","M","$","M","M","E","R","M","T","R","M","?","E","M","R","B",null,"M","T","M","?","$","M","R","E","T","M","R","T","R","M","R","B",null,"M","AVR","M","$","M","E","M","M","T","R","E","$","M","M","R","B",null,"R","$","E","B"],"character_chosen":"MARISA","items_purchased":["SimpleLauncher","Matryoshka","Bag of Marbles","Sling","infinitespire:Lucky Rock","OrrerysSun+1"],"campfire_rested":0,"item_purchase_floors":[3,22,38,38,46,46],"current_hp_per_floor":[67,67,67,67,67,53,53,49,49,49,46,46,37,33,33,31,68,68,68,65,65,65,65,65,65,65,50,50,50,50,50,50,47,68,59,59,59,59,59,57,57,55,55,55,55,55,55,55,68,31,68,68,68,66,0,0],"gold":90,"neow_bonus":"TWO_FIFTY_GOLD","is_daily":false,"chose_seed":false,"campfire_upgraded":8,"win_rate":0.0,"timestamp":1608332399,"path_taken":["M","?","$","M","M","E","R","?","T","R","M","?","E","M","R","BOSS","M","?","M","?","$","M","R","E","T","M","R","?","R","?","R","BOSS","M","AVR","M","$","?","E","M","M","T","R","E","$","M","M","R","BOSS","R","$","E","BOSS"],"items_purchased_type":["Relic","Relic","Relic","Relic","Relic","Card"],"build_version":"2020-12-13","purchased_purges":2,"victory":false,"max_hp_per_floor":[68,68,68,68,68,68,68,68,68,68,68,68,68,68,68,68,68,68,68,68,68,68,68,68,68,68,68,68,68,68,68,68,68,68,68,68,68,68,68,68,68,68,68,68,68,68,68,68,68,68,68,68,68,68,68,68],"card_choices":[{"not_picked":["WitchLeyline","WitchOfGreed"],"picked":"MysteriousBeam","floor":1},{"not_picked":["PulseMagic","6A"],"picked":"BlazeAway","floor":2},{"not_picked":["MagicAbsorber","DC"],"picked":"FairyDestructionRay","floor":4},{"not_picked":["FairyDestructionRay","SprinkleStarSeal","StarlightTyphoon"],"picked":"SKIP","floor":5},{"not_picked":["DarkMatter","PulseMagic"],"picked":"MysteriousBeam","floor":6},{"not_picked":["WitchLeyline","DC","Acceleration"],"picked":"SKIP","floor":8},{"not_picked":["DragonMeteor","DoubleSpark","WitchOfGreed"],"picked":"SKIP","floor":11},{"not_picked":["DC","DeepEcoloBomb"],"picked":"GalacticHalo","floor":13},{"not_picked":["UnstableBomb","WitchOfGreed"],"picked":"UltimateShortwave","floor":14},{"not_picked":["DeepEcoloBomb","UnstableBomb+1","PowerUp"],"picked":"SKIP","floor":18},{"not_picked":["StarlightTyphoon","6A"],"picked":"AlicesGift","floor":20},{"not_picked":["DoubleSpark","MeteoricShower"],"picked":"StarBarrage","floor":23},{"not_picked":["Robbery","GravityBeat"],"picked":"MysteriousBeam","floor":25},{"not_picked":["SporeBomb","DC","WitchOfGreed"],"picked":"SKIP","floor":27},{"not_picked":["RefractionSpark+1","DC+1","WitchOfGreed"],"picked":"SKIP","floor":31},{"not_picked":["EnergyFlow+1","MysteriousBeam+1","GravityBeat"],"picked":"SKIP","floor":35},{"not_picked":["LuminesStrike+1"],"picked":"SKIP","floor":37},{"not_picked":["MilkyWay"],"picked":"SKIP","floor":39},{"not_picked":[],"picked":"CasketOfStar","floor":40},{"not_picked":["MagicChant+1"],"picked":"SKIP","floor":41},{"not_picked":["GravityBeat"],"picked":"SKIP","floor":42},{"not_picked":["DC+1"],"picked":"SKIP","floor":45},{"not_picked":["Orbital+1"],"picked":"SKIP","floor":47},{"not_picked":["Orbital+1"],"picked":"SKIP","floor":48},{"not_picked":["Acceleration"],"picked":"SKIP","floor":54},{"not_picked":[],"picked":"Acceleration","floor":54}],"player_experience":189667,"relics_obtained":[{"floor":6,"key":"Replay:WaspNest"},{"floor":9,"key":"Vajra"},{"floor":13,"key":"infinitespire:EmpoweringShard"},{"floor":19,"key":"Blue Doll"},{"floor":21,"key":"Ring of Fury"},{"floor":25,"key":"Dream Catcher"},{"floor":26,"key":"PreservedInsect"},{"floor":26,"key":"Simple Rune"},{"floor":29,"key":"Orichalcum"},{"floor":29,"key":"Letter Opener"},{"floor":40,"key":"Replay:Bottled Eggs"},{"floor":45,"key":"Juzu Bracelet"},{"floor":54,"key":"Bag of Preparation"}],"event_choices":[{"damage_healed":0,"gold_gain":100,"player_choice":"Pray","damage_taken":0,"max_hp_gain":0,"max_hp_loss":0,"event_name":"Golden Shrine","floor":12,"gold_loss":0}],"is_beta":false,"boss_relics":[{"not_picked":["SacredBark","infinitespire:Cupcake"],"picked":"Replay:Grab Bag"},{"not_picked":["Cursed Key","Ectoplasm"],"picked":"Replay:Fungal Core"},{"not_picked":["ChewingGum","ReplayTheSpireMod:Onyx Gauntlets"],"picked":"RampagingMagicTools"},{"not_picked":["Runic Pyramid","Calling Bell"],"picked":"Empty Cage"},{"not_picked":["Snecko Eye","Kintsugi"],"picked":"BewitchedHakkero"},{"not_picked":["Painkiller Herb","Runic Dome"],"picked":"Coffee Dripper"}],"items_purged_floors":[22,53],"is_endless":false,"potions_floor_spawned":[5,6,8,13,20,27,40,42,45,48],"killed_by":"The Heart","ascension_level":0}}