{"host":"xvbffgbexllnyc1z","time":1608310524,"event":{"mods":["BaseMod","Colored Map","Downfall","Googly Eyes","Highlight Path","Minty Spire (QoL Compilation)","Replay The Spire","StSLib"],"gold_per_floor":[99,99,156,175,100,110,110,145,164,164,164,164,264,283,125,125,140,237,237,137,170,70,70,20,5,5,5,5,5,5,26,44,35,57,163,163,113,173,473,493,517,868,868,818,858,808,808,808,834,834,848,854],"floor_reached":53,"playtime":4110,"items_purged":[],"score":749,"play_id":"e1374ac1-c1a5-42f2-8914-61c3a296b3d0","local_time":"20201218165524","is_ascension_mode":false,"campfire_choices":[{"floor":1.0,"key":"RECALL"},{"floor":5.0,"key":"REST"},{"data":"Slimebound:LevelUp","floor":10.0,"key":"SMITH"},{"data":"Slimebound:ForwardTackle","floor":20.0,"key":"SMITH"},{"data":"Slimebound:RainOfGoop","floor":22.0,"key":"SMITH"},{"floor":24.0,"key":"REST"},{"data":"Slimebound:SplitMire","floor":29.0,"key":"SMITH"},{"data":"Slimebound:PrepareCrush","floor":37.0,"key":"SMITH"},{"data":"Replay:SS_hec_4","floor":44,"key":"SMITH"},{"floor":46,"key":"REST"}],"circlet_count":0,"master_deck":["Slimebound:Strike_Slimebound","Slimebound:Strike_Slimebound","Slimebound:Strike_Slimebound","Slimebound:Tackle","Slimebound:Defend_Slimebound","Slimebound:Defend_Slimebound","Slimebound:Defend_Slimebound","Slimebound:Defend_Slimebound","Slimebound:Split","Slimebound:CorrosiveSpit","Slimebound:SlimeBarrage","Slimebound:RollThrough","Slimebound:LivingWall","Slimebound:SplitLeeching","Slimebound:LevelUp+1","Slimebound:RainOfGoop+1","Slimebound:MassFeed","Replay:SS_hec_4+1","Slimebound:Prepare","Slimebound:Prepare","Slimebound:ForwardTackle+1","Slimebound:LeechLife+1","Slimebound:SplitMire+1","Slimebound:SplitBruiser+1","Slimebound:GrowthPunch","Slimebound:AcidTongue+1","Slimebound:HauntingLick","Slimebound:TongueLash","Slimebound:PrepareCrush+1","Slimebound:SplitAcid+1","Slimebound:Prepare+1","Slimebound:MegaLick+1","Slimebound:LivingWall+1","Parasite","Slimebound:Repurpose+1"],"relics":["Slimebound:AbsorbEndCombat","TungstenRod","Strawberry","Kunai","downfall:HeartBlessingRed","Shuriken","Gremlin Horn","downfall:GremlinWheel","Slimebound:GreedOozeRelic","Runic Pyramid","Matryoshka","Gremlin Food","Replay:Bandana","Pantograph","MutagenicStrength","Cursed Key","Mango","Frozen Egg 2"],"acts_visited":["Exordium","TheCity","TheBeyond"],"potions_floor_usage":[],"damage_taken":[{"damage":31.0,"enemies":"Gremlin Nob","floor":3.0,"turns":5.0},{"damage":10.0,"enemies":"Jaw Worm","floor":4.0,"turns":3.0},{"damage":5.0,"enemies":"Small Slimes","floor":6.0,"turns":3.0},{"damage":9.0,"enemies":"3 Sentries","floor":8.0,"turns":7.0},{"damage":6.0,"enemies":"Cultist","floor":9.0,"turns":3.0},{"damage":14.0,"enemies":"Cultist","floor":13.0,"turns":5.0},{"damage":8.0,"enemies":"Blue Slaver","floor":14.0,"turns":4.0},{"damage":6.0,"enemies":"downfall:FleeingMerchant","floor":15.0,"turns":4.0},{"damage":21.0,"enemies":"Exordium Thugs","floor":17.0,"turns":3.0},{"damage":62.0,"enemies":"downfall:Defect","floor":18.0,"turns":7.0},{"damage":42.0,"enemies":"Book of Stabbing","floor":21.0,"turns":7.0},{"damage":9.0,"enemies":"downfall:FleeingMerchant","floor":25.0,"turns":4.0},{"damage":8.0,"enemies":"Spheric Guardian","floor":31.0,"turns":4.0},{"damage":14.0,"enemies":"Chosen and Byrds","floor":32.0,"turns":4.0},{"damage":9.0,"enemies":"downfall:FleeingMerchant","floor":33.0,"turns":4.0},{"damage":17.0,"enemies":"Sentry and Sphere","floor":34.0,"turns":4.0},{"damage":69.0,"enemies":"downfall:Silent","floor":35.0,"turns":8.0},{"damage":0.0,"enemies":"Mind Bloom Boss Battle","floor":38.0,"turns":3.0},{"damage":17.0,"enemies":"3 Shapes","floor":40.0,"turns":3.0},{"damage":15.0,"enemies":"Orb Walker","floor":41.0,"turns":2.0},{"damage":2.0,"enemies":"downfall:FleeingMerchant","floor":42.0,"turns":2.0},{"damage":89,"enemies":"Giant Head","floor":45,"turns":8},{"damage":46,"enemies":"Jaw Worm Horde","floor":49,"turns":3},{"damage":6,"enemies":"Writhing Mass","floor":51,"turns":5},{"damage":44,"enemies":"downfall:Watcher","floor":52,"turns":7}],"seed_played":"1443688859809045529","potions_obtained":[{"floor":4.0,"key":"ColorlessPotion"},{"floor":8.0,"key":"Elixir"},{"floor":14.0,"key":"Weak Potion"},{"floor":17.0,"key":"Dexterity Potion"},{"floor":18.0,"key":"DistilledChaos"},{"floor":21.0,"key":"Energy Potion"},{"floor":38.0,"key":"Cursed Concoction"},{"floor":45,"key":"Death Potion"},{"floor":51,"key":"Slimebound:SlimedPotion"}],"is_trial":false,"path_per_floor":["R","?","?","M","R","M","T","E","M","R","PTL","PTL","?","M","$","?","M","B",null,"R","E","R","?","R","$","T","?","?","R","?","M","M","$","M","B",null,"R","?","?","M","M","$","T","R","E","R","T","?","M","?","M","B",null],"character_chosen":"SLIMEBOUND","items_purchased":["Replay:SS_hec_4","Slimebound:Prepare"],"campfire_rested":3,"item_purchase_floors":[15,15],"current_hp_per_floor":[54,56,33,35,53,60,60,58,61,61,61,61,53,57,61,61,51,13,61,61,50,50,50,61,61,61,61,61,61,61,57,55,61,58,36,61,61,75,75,79,77,75,75,75,26,50,50,50,43,43,84,70],"gold":854,"neow_bonus":"ONE_RARE_RELIC","is_daily":false,"chose_seed":false,"campfire_upgraded":6,"win_rate":0.0,"timestamp":1608310524,"path_taken":["R","?","?","M","R","M","T","E","M","R","PTL","PTL","?","?","$","?","M","BOSS","R","E","R","?","R","?","T","?","?","R","?","?","M","$","M","BOSS","R","?","?","?","M","?","T","R","E","R","?","?","M","?","M","BOSS"],"items_purchased_type":["Card","Card"],"build_version":"2020-12-13","purchased_purges":0,"victory":true,"max_hp_per_floor":[54,61,61,61,61,61,61,61,61,61,61,61,61,61,61,61,61,61,61,61,61,61,61,61,61,61,61,61,61,61,61,61,61,61,61,61,61,75,75,81,81,81,81,81,81,81,81,81,81,81,84,84],"card_choices":[{"not_picked":["Slimebound:SlimeBrawl","Slimebound:GoopTackle"],"picked":"Slimebound:SlimeBarrage","floor":3.0},{"not_picked":["Slimebound:ViciousTackle","Slimebound:FirmFortitude"],"picked":"Slimebound:RollThrough","floor":4.0},{"not_picked":["Slimebound:FinishingTackle","Slimebound:GrowthPunch"],"picked":"Slimebound:LivingWall","floor":6.0},{"not_picked":["Slimebound:PrepareCrush","Slimebound:SplitAcid"],"picked":"Slimebound:SplitLeeching","floor":8.0},{"not_picked":["Slimebound:Equalize","Slimebound:Nibble"],"picked":"Slimebound:LevelUp","floor":9.0},{"not_picked":["Slimebound:SlimeSpikes","Slimebound:SplitMire"],"picked":"Slimebound:RainOfGoop","floor":14.0},{"not_picked":["Slimebound:SamplingLick","Slimebound:ForwardTackle"],"picked":"Slimebound:MassFeed","floor":15.0},{"not_picked":["Slimebound:SplitAcid","Slimebound:FirmFortitude"],"picked":"Slimebound:ForwardTackle","floor":17.0},{"not_picked":["Slimebound:PrepareCrush","Slimebound:WasteNot"],"picked":"Slimebound:LeechLife","floor":18.0},{"not_picked":["Slimebound:ComboTackle","Slimebound:SplitAcid"],"picked":"Slimebound:SplitMire","floor":21.0},{"not_picked":["Slimebound:Schlurp","Slimebound:WasteNot"],"picked":"Slimebound:SplitBruiser","floor":25.0},{"not_picked":["Slimebound:ViciousTackle","Slimebound:SplitMire"],"picked":"Slimebound:GrowthPunch","floor":31.0},{"not_picked":["Slimebound:SplitBruiser","Slimebound:GrowthPunch+1"],"picked":"Slimebound:AcidTongue+1","floor":32.0},{"not_picked":["Slimebound:Gluttony","Slimebound:RollThrough"],"picked":"Slimebound:HauntingLick","floor":33.0},{"not_picked":["Slimebound:SplitAcid+1","Slimebound:Grow"],"picked":"Slimebound:TongueLash","floor":34.0},{"not_picked":["Slimebound:MassFeed","Slimebound:WasteNot"],"picked":"Slimebound:PrepareCrush","floor":35.0},{"not_picked":["Slimebound:LivingWall","Slimebound:ItLooksTasty+1"],"picked":"Slimebound:SplitAcid+1","floor":38.0},{"not_picked":["Slimebound:GrowthPunch+1","Slimebound:SplitAcid","Slimebound:FlameTackle"],"picked":"SKIP","floor":40.0},{"not_picked":["Slimebound:LeechEnergy+1","Slimebound:LivingWall+1"],"picked":"Slimebound:Prepare+1","floor":41.0},{"not_picked":["Slimebound:SlimeBarrage+1","Slimebound:SplitLeeching"],"picked":"Slimebound:MegaLick+1","floor":42},{"not_picked":["Slimebound:ComboTackle","Slimebound:ItLooksTasty+1","Slimebound:FinishingTackle"],"picked":"SKIP","floor":45},{"not_picked":["Slimebound:Schlurp","Slimebound:LeechEnergy"],"picked":"Slimebound:LivingWall+1","floor":49},{"not_picked":["Slimebound:Schlurp","Slimebound:ComboTackle+1"],"picked":"Slimebound:Repurpose+1","floor":51}],"player_experience":0,"relics_obtained":[{"floor":3.0,"key":"Kunai"},{"floor":7.0,"key":"Shuriken"},{"floor":8.0,"key":"Gremlin Horn"},{"floor":13.0,"key":"downfall:GremlinWheel"},{"floor":21.0,"key":"Matryoshka"},{"floor":24.0,"key":"Gremlin Food"},{"floor":26.0,"key":"Replay:Bandana"},{"floor":26.0,"key":"Pantograph"},{"floor":38.0,"key":"Mango"},{"floor":45,"key":"Frozen Egg 2"}],"event_choices":[{"damage_healed":0.0,"max_hp_gain":0.0,"max_hp_loss":0.0,"gold_gain":0.0,"event_name":"Scrap Ooze","player_choice":"Success","floor":2.0,"gold_loss":0.0,"damage_taken":7.0,"relics_obtained":["Strawberry"]},{"damage_healed":0.0,"max_hp_gain":0.0,"max_hp_loss":0.0,"gold_gain":0.0,"event_name":"Wheel of Change","player_choice":"Relic","floor":24.0,"gold_loss":0.0,"damage_taken":0.0},{"damage_healed":0.0,"max_hp_gain":0.0,"max_hp_loss":0.0,"gold_gain":0.0,"event_name":"Drug Dealer","player_choice":"Inject Mutagens","floor":27.0,"gold_loss":0.0,"damage_taken":0.0,"relics_obtained":["MutagenicStrength"]},{"damage_healed":0.0,"max_hp_gain":0.0,"max_hp_loss":0.0,"gold_gain":300.0,"event_name":"Wheel of Change","player_choice":"Gold","floor":39.0,"gold_loss":0.0,"damage_taken":0.0}],"is_beta":false,"boss_relics":[{"not_picked":["Replay:Drink Me","Honey Jar"],"picked":"Runic Pyramid"},{"not_picked":["Slimebound:TarBlob","Replay:Ancient Bell"],"picked":"Cursed Key"}],"items_purged_floors":[],"is_endless":false,"potions_floor_spawned":[4,8,14,17,18,21,31,34,38,45,51],"ascension_level":0}}