{"host":"do5be0rrwzdbe7ng","time":1608279805,"event":{"mods":["AchievementEnabler","BaseMod","Colored Map","Colored Powertips","Custom Start","DeckTracker","Keyboard Shortcuts","Minty Spire (QoL Compilation)","Quick Restart","StSLib","SuperFastMode","everything is the same but u backflip on backflip"],"gold_per_floor":[112,131,131,56,56,56,90,102,125,143,143,170,189,199,199,272,272,291,26,26,26,26,26,37,63,63,63,74,106,106,106,106,180,180,191,191,191,27,27,27,52,77,77,0,18,48,63,74,74,74],"floor_reached":51,"playtime":1888,"items_purged":["Pain","Reprogram"],"score":1514,"play_id":"2676fb63-995d-474c-8ee3-a10eca22acdc","local_time":"20201218172325","is_ascension_mode":true,"campfire_choices":[{"data":"Zap","floor":6.0,"key":"SMITH"},{"data":"Sweeping Beam","floor":11.0,"key":"SMITH"},{"data":"Turbo","floor":15.0,"key":"SMITH"},{"data":"RitualDagger","floor":23.0,"key":"SMITH"},{"floor":27.0,"key":"REST"},{"floor":30.0,"key":"REST"},{"data":"White Noise","floor":32.0,"key":"SMITH"},{"data":"Coolheaded","floor":40.0,"key":"SMITH"},{"data":"Creative AI","floor":49,"key":"SMITH"}],"circlet_count":0,"master_deck":["AscendersBane","Zap+1","Dualcast","BootSequence","Buffer","Glacier","Sweeping Beam+1","Turbo+1","Hologram","Self Repair","Electrodynamics","Leap","Force Field","Defragment","Darkness","Multi-Cast","Coolheaded+1","RitualDagger+1","Defragment","White Noise+1","Force Field+1","Creative AI+1","Coolheaded+1"],"relics":["Cracked Core","NeowsBlessing","WarpedTongs","Dream Catcher","Mercury Hourglass","Juzu Bracelet","Ornamental Fan","Pandora\u0027s Box","Bag of Preparation","Art of War","Toy Ornithopter","Centennial Puzzle","Philosopher\u0027s Stone","ClockworkSouvenir","Pen Nib","Turnip","Singing Bowl","Red Mask","Incense Burner"],"acts_visited":["Exordium","TheCity","TheBeyond"],"potions_floor_usage":[41,45,46],"damage_taken":[{"damage":0.0,"enemies":"2 Louse","floor":1.0,"turns":1.0},{"damage":0.0,"enemies":"Cultist","floor":2.0,"turns":1.0},{"damage":0.0,"enemies":"Gremlin Nob","floor":7.0,"turns":1.0},{"damage":0.0,"enemies":"Jaw Worm","floor":8.0,"turns":2.0},{"damage":0.0,"enemies":"Red Slaver","floor":10.0,"turns":4.0},{"damage":0.0,"enemies":"Lagavulin","floor":12.0,"turns":6.0},{"damage":0.0,"enemies":"3 Louse","floor":13.0,"turns":2.0},{"damage":2.0,"enemies":"Looter","floor":14.0,"turns":3.0},{"damage":2.0,"enemies":"Slime Boss","floor":16.0,"turns":9.0},{"damage":23.0,"enemies":"Chosen","floor":18.0,"turns":6.0},{"damage":12.0,"enemies":"2 Thieves","floor":24.0,"turns":3.0},{"damage":51.0,"enemies":"Book of Stabbing","floor":25.0,"turns":6.0},{"damage":14.0,"enemies":"3 Cultists","floor":28.0,"turns":4.0},{"damage":22.0,"enemies":"Gremlin Leader","floor":29.0,"turns":7.0},{"damage":25.0,"enemies":"Collector","floor":33.0,"turns":8.0},{"damage":0.0,"enemies":"Orb Walker","floor":35.0,"turns":4.0},{"damage":17,"enemies":"Reptomancer","floor":41,"turns":8},{"damage":0,"enemies":"Mind Bloom Boss Battle","floor":42,"turns":5},{"damage":20,"enemies":"3 Darklings","floor":45,"turns":3},{"damage":29,"enemies":"Giant Head","floor":46,"turns":9},{"damage":15,"enemies":"Transient","floor":47,"turns":6},{"damage":0,"enemies":"4 Shapes","floor":48,"turns":2},{"damage":11,"enemies":"Time Eater","floor":50,"turns":11}],"seed_played":"2532307952015033893","potions_obtained":[{"floor":1.0,"key":"Swift Potion"},{"floor":7.0,"key":"EssenceOfSteel"},{"floor":13.0,"key":"Fire Potion"},{"floor":14.0,"key":"Strength Potion"},{"floor":16.0,"key":"Ancient Potion"},{"floor":25.0,"key":"Swift Potion"},{"floor":29.0,"key":"Fruit Juice"},{"floor":35.0,"key":"Block Potion"},{"floor":37.0,"key":"Fruit Juice"},{"floor":37.0,"key":"LiquidMemories"},{"floor":41,"key":"DistilledChaos"},{"floor":42,"key":"LiquidMemories"}],"is_trial":false,"path_per_floor":["M","M","?","$","?","R","E","M","T","M","R","E","M","M","R","B",null,"M","$","?","?","?","R","M","E","T","R","M","E","R","?","R","B",null,"M","?","?","$","?","R","E","?","T","?","M","E","M","M","R","B",null],"character_chosen":"DEFECT","items_purchased":["Bag of Preparation","ClockworkSouvenir"],"campfire_rested":2,"item_purchase_floors":[19,38],"current_hp_per_floor":[64,64,64,64,59,59,59,59,59,59,59,59,59,57,57,65,70,54,54,71,65,65,65,53,9,9,30,26,16,48,48,48,35,66,73,63,73,73,73,73,68,75,75,75,69,54,51,60,60,59],"gold":74,"neow_bonus":"THREE_ENEMY_KILL","is_daily":false,"chose_seed":false,"campfire_upgraded":7,"win_rate":0.0,"timestamp":1608279805,"path_taken":["M","M","?","?","?","R","E","M","T","M","R","E","M","M","R","BOSS","M","$","?","?","?","R","M","E","T","R","M","E","R","?","R","BOSS","M","?","?","$","?","R","E","?","T","?","M","E","M","M","R","BOSS"],"items_purchased_type":["Relic","Relic"],"build_version":"2020-12-13","purchased_purges":2,"victory":true,"max_hp_per_floor":[71,71,71,71,71,71,71,71,71,71,71,71,71,71,71,71,71,71,71,71,71,71,71,71,71,71,71,71,71,76,76,76,76,76,76,76,81,81,81,81,81,81,81,81,83,85,87,89,89,89],"card_choices":[{"not_picked":["Conserve Battery","Gash"],"picked":"BootSequence","floor":1.0},{"not_picked":["Gash","Go for the Eyes","Static Discharge"],"picked":"SKIP","floor":2.0},{"not_picked":["Coolheaded","Multi-Cast"],"picked":"Buffer","floor":7.0},{"not_picked":["Loop","Beam Cell"],"picked":"Glacier","floor":8.0},{"not_picked":["Double Energy","Genetic Algorithm"],"picked":"Sweeping Beam","floor":10.0},{"not_picked":["Capacitor","Sweeping Beam"],"picked":"Turbo","floor":12.0},{"not_picked":["Turbo","Buffer"],"picked":"Hologram","floor":13.0},{"not_picked":["Sweeping Beam","Conserve Battery"],"picked":"Self Repair","floor":14.0},{"not_picked":["Thunder Strike","Biased Cognition"],"picked":"Electrodynamics","floor":16.0},{"not_picked":["Turbo","Streamline+1"],"picked":"Coolheaded","floor":18.0},{"not_picked":["Coolheaded+1","Hologram+1"],"picked":"White Noise","floor":24.0},{"not_picked":["Electrodynamics","Leap","Rebound"],"picked":"SKIP","floor":25.0},{"not_picked":["Rebound","Cold Snap","Self Repair"],"picked":"SKIP","floor":28.0},{"not_picked":["Genetic Algorithm","Go for the Eyes+1","Scrape"],"picked":"SKIP","floor":29.0},{"not_picked":["Compile Driver","Sweeping Beam"],"picked":"Force Field+1","floor":30.0},{"not_picked":["All For One","Reboot"],"picked":"Creative AI","floor":33.0},{"not_picked":["Compile Driver","Gash+1","Steam"],"picked":"SKIP","floor":35.0},{"not_picked":["Compile Driver","Gash+1","Steam"],"picked":"SKIP","floor":35.0},{"not_picked":["Self Repair","Go for the Eyes","Conserve Battery"],"picked":"SKIP","floor":41},{"not_picked":["Rebound+1","Consume"],"picked":"Coolheaded+1","floor":42},{"not_picked":["Compile Driver","Steam+1","Go for the Eyes"],"picked":"Singing Bowl","floor":45},{"not_picked":["Barrage","Darkness","Beam Cell"],"picked":"Singing Bowl","floor":46},{"not_picked":["Rip and Tear","Sunder","Streamline+1"],"picked":"Singing Bowl","floor":47},{"not_picked":["Coolheaded","Genetic Algorithm","Redo"],"picked":"Singing Bowl","floor":48}],"player_experience":346943,"relics_obtained":[{"floor":7.0,"key":"Mercury Hourglass"},{"floor":9.0,"key":"Juzu Bracelet"},{"floor":12.0,"key":"Ornamental Fan"},{"floor":25.0,"key":"Art of War"},{"floor":26.0,"key":"Toy Ornithopter"},{"floor":29.0,"key":"Centennial Puzzle"},{"floor":41,"key":"Pen Nib"},{"floor":42,"key":"Turnip"},{"floor":43,"key":"Singing Bowl"},{"floor":46,"key":"Incense Burner"}],"event_choices":[{"damage_healed":0.0,"max_hp_gain":0.0,"max_hp_loss":0.0,"gold_gain":0.0,"event_name":"Accursed Blacksmith","player_choice":"Rummage","floor":3.0,"gold_loss":0.0,"damage_taken":0.0,"relics_obtained":["WarpedTongs"],"cards_obtained":["Pain"]},{"damage_healed":0.0,"max_hp_gain":0.0,"max_hp_loss":0.0,"gold_gain":0.0,"event_name":"Scrap Ooze","player_choice":"Success","floor":5.0,"gold_loss":0.0,"damage_taken":5.0,"relics_obtained":["Dream Catcher"]},{"damage_healed":17.0,"max_hp_gain":0.0,"max_hp_loss":0.0,"gold_gain":0.0,"event_name":"Wheel of Change","player_choice":"Full Heal","floor":20.0,"gold_loss":0.0,"damage_taken":0.0},{"damage_healed":0.0,"max_hp_gain":0.0,"max_hp_loss":0.0,"gold_gain":0.0,"event_name":"Nest","player_choice":"Joined the Cult","floor":21.0,"gold_loss":0.0,"damage_taken":6.0,"cards_obtained":["RitualDagger"]},{"damage_healed":0.0,"max_hp_gain":0.0,"max_hp_loss":0.0,"gold_gain":0.0,"event_name":"Duplicator","player_choice":"Copied","floor":22.0,"gold_loss":0.0,"damage_taken":0.0,"cards_obtained":["Defragment"]},{"cards_removed":["Reprogram"],"damage_healed":0.0,"max_hp_gain":0.0,"max_hp_loss":0.0,"gold_gain":0.0,"event_name":"Back to Basics","player_choice":"Elegance","floor":31.0,"gold_loss":0.0,"damage_taken":0.0},{"damage_healed":0.0,"max_hp_gain":0.0,"max_hp_loss":0.0,"gold_gain":0.0,"event_name":"SensoryStone","player_choice":"Memory 3","floor":36.0,"gold_loss":0.0,"damage_taken":10.0},{"damage_healed":0.0,"max_hp_gain":0.0,"max_hp_loss":0.0,"gold_gain":0.0,"event_name":"Lab","player_choice":"Got Potions","floor":37.0,"gold_loss":0.0,"damage_taken":0.0},{"cards_removed":["Ball Lightning"],"damage_healed":0.0,"max_hp_gain":0.0,"max_hp_loss":0.0,"gold_gain":0.0,"event_name":"Falling","player_choice":"Removed Attack","floor":39.0,"gold_loss":0.0,"damage_taken":0.0},{"damage_healed":0,"gold_gain":0,"player_choice":"Fight","damage_taken":0,"max_hp_gain":0,"max_hp_loss":0,"event_name":"MindBloom","floor":42,"gold_loss":0},{"damage_healed":0,"gold_gain":0,"player_choice":"Paid","damage_taken":0,"relics_obtained":["Red Mask"],"max_hp_gain":0,"max_hp_loss":0,"event_name":"Tomb of Lord Red Mask","floor":44,"gold_loss":77}],"is_beta":false,"boss_relics":[{"not_picked":["SacredBark","Calling Bell"],"picked":"Pandora\u0027s Box"},{"not_picked":["FrozenCore","Black Star"],"picked":"Philosopher\u0027s Stone"}],"items_purged_floors":[4,19],"is_endless":false,"potions_floor_spawned":[1,7,8,13,14,16,25,29,35,41,42],"ascension_level":19}}