{"host":"augq31c17g2ieuye","time":1608326497,"event":{"mods":["AchievementEnabler","Aspiration","BaseMod","Better Altar","Better Match","Better Note","Better Sensory Stone","Better Skull","Better Third Choice","Better Vampires","BetterRewards","Card Forge","Displayed Cursed Tome","Downfall","Energized Spire","GifTheSpireLib","Gold Saver","Hubris","Minty Spire (QoL Compilation)","Replay The Spire","Spicy Shops","StSLib","Stuff the Spire","The Necromancer","The Servant 0.9.4"],"gold_per_floor":[1074,1088,353,366,381,406,420,433,433,465,483,483,515,690,690,792,792,810,810,735,747,747,773,783,808,808,835,850,865,875,903,903,1006,1006,1024,1038,1110,1120,324,352,366,366,366,377,410,425,453,463,463,463,463,463,122,150,150],"floor_reached":56,"playtime":5047,"items_purged":[],"score":1867,"play_id":"d18ad123-7bf9-45a8-9458-ace9d5c05e47","local_time":"20201218222137","is_ascension_mode":true,"campfire_choices":[{"floor":12,"key":"RECALL"},{"floor":15,"key":"DIG"},{"data":"Summon_Lich","floor":32,"key":"SMITH"},{"data":"Grasp_Heart","floor":42,"key":"SMITH"},{"floor":49,"key":"REST"},{"floor":52,"key":"REST"}],"circlet_count":0,"master_deck":["expansioncontent:Collect+1","Bone_Armor+1","Acid_Javelin+1","Plague_Bolt+1","Pandemic+1","Spectral_Armor+1","Summon_Undead+1","Bone_Shift+1","Bone_Armor+1","Bone_Shift+1","Bones_to_Steel+1","Acid_Javelin+1","Plague_Bolt+1","Spectral_Armor+1","Slay_Living+1","Summon_Undead+1","Panacea+1","Catalyst+1","Burst+1","Acid_Javelin+1","Bone_Shift+1","Epidemic+1","Summon_Lich+1","Detonate_Bones+1","Hellfire+1","hubris:DuctTapeCard","Bone_Armor+1","Shade_Step+1","Summon_Lich+1","Uncharnel+1","Negative_Energy_Sphere+1","Grasp_Heart+1","Sadistic Nature+1","Finger_Of_Death+1","Uncharnel+1","Cloudkill+1","Stop_Heart+1","Summon_Undead_Army+1","Secret Technique+1"],"relics":["Vampire_Amulet","Hammer of Thor","Seething Fire","Anvil of the Gods","hubris:64BitClover","Oddly Smooth Stone","Dream Catcher","Blue Doll","StuffTheSpire:BottledEssence","Omamori","Cauldron","StuffTheSpire:Barrel","Toxic Egg 2","War Paint","Potion Belt","StuffTheSpire:Rhapsscallions","hubris:Backtick","hubris:DuctTape","Akabeko","aspiration:AnachronicSnailShell","aspiration:HummingbirdHeart","Boot","aspiration:StickyExplosives_weak","Frozen Egg 2","SlaversCollar","PreservedInsect","hubris:CuriousFeather","hubris:MysteriousPyramids","Bag of Marbles","Toy Ornithopter","Replay:Baseball","Lantern","Strange Spoon","Happy Flower"],"acts_visited":["Exordium","TheCity","TheBeyond","TheEnding"],"potions_floor_usage":[6,10,16,21,23,31,31,31,31,38,38,41,41,45,45,48,55,55,55],"damage_taken":[{"damage":10,"enemies":"Small Slimes","floor":1,"turns":6},{"damage":0,"enemies":"Jaw Worm","floor":2,"turns":4},{"damage":0,"enemies":"2 Louse","floor":4,"turns":2},{"damage":0,"enemies":"Looter","floor":5,"turns":2},{"damage":6,"enemies":"3 Sentries","floor":6,"turns":5},{"damage":0,"enemies":"Exordium Wildlife","floor":7,"turns":4},{"damage":7,"enemies":"Blue Slaver","floor":8,"turns":3},{"damage":16,"enemies":"Lagavulin","floor":10,"turns":5},{"damage":12,"enemies":"Large Slime","floor":11,"turns":6},{"damage":0,"enemies":"Replay:BlueRogue","floor":13,"turns":4},{"damage":0,"enemies":"The Guardian","floor":16,"turns":6},{"damage":0,"enemies":"Shell Parasite","floor":18,"turns":5},{"damage":5,"enemies":"Chosen","floor":21,"turns":4},{"damage":1,"enemies":"Slavers","floor":23,"turns":5},{"damage":8,"enemies":"Centurion and Healer","floor":24,"turns":4},{"damage":2,"enemies":"Replay:Snechameleon","floor":25,"turns":5},{"damage":3,"enemies":"Slavers","floor":27,"turns":4},{"damage":47,"enemies":"3 Cultists","floor":28,"turns":6},{"damage":1,"enemies":"Shelled Parasite and Fungi","floor":29,"turns":6},{"damage":0,"enemies":"Chosen and Byrds","floor":30,"turns":4},{"damage":10,"enemies":"Gremlin Leader","floor":31,"turns":6},{"damage":0,"enemies":"Champ","floor":33,"turns":8},{"damage":5,"enemies":"3 Darklings","floor":35,"turns":5},{"damage":0,"enemies":"Orb Walker","floor":36,"turns":4},{"damage":24,"enemies":"Sphere and 2 Shapes","floor":38,"turns":5},{"damage":1,"enemies":"R_Hoarder","floor":40,"turns":7},{"damage":11,"enemies":"Maw","floor":41,"turns":5},{"damage":19,"enemies":"Jaw Worm Horde","floor":44,"turns":5},{"damage":6,"enemies":"Giant Head","floor":45,"turns":6},{"damage":4,"enemies":"Spire Growth","floor":46,"turns":4},{"damage":0,"enemies":"Reptomancer","floor":47,"turns":3},{"damage":18,"enemies":"Writhing Mass","floor":48,"turns":5},{"damage":39,"enemies":"Time Eater","floor":50,"turns":6},{"damage":41,"enemies":"Shield and Spear","floor":54,"turns":5},{"damage":54,"enemies":"The Heart","floor":55,"turns":9}],"seed_played":"3524538526650240550","potions_obtained":[{"floor":2,"key":"hexamod:EctoCoolerPotion"},{"floor":3,"key":"Languid Potion"},{"floor":3,"key":"SteroidPotion"},{"floor":4,"key":"Strength Potion"},{"floor":5,"key":"DuplicationPotion"},{"floor":6,"key":"DistilledChaos"},{"floor":10,"key":"Strength Potion"},{"floor":13,"key":"Venom Potion"},{"floor":18,"key":"LiquidMemories"},{"floor":21,"key":"ColorlessPotion"},{"floor":28,"key":"Block Potion"},{"floor":29,"key":"Milkshake"},{"floor":33,"key":"Block Potion"},{"floor":36,"key":"SteroidPotion"},{"floor":37,"key":"Elixir"},{"floor":37,"key":"LiquidBronze"},{"floor":40,"key":"Elixir"},{"floor":45,"key":"Regen Potion"},{"floor":47,"key":"SneckoOil"}],"is_trial":false,"path_per_floor":["M","M","$","M","M","E","M","M","T","E","M","R","E","?","R","B",null,"M","?","?","M","$","E","M","E","T","E","M","M","M","E","R","B",null,"M","M","?","M","$","E","M","R","T","M","E","M","E","M","R","B",null,"R","$","E","B",null],"character_chosen":"NECROMANCER","items_purchased":["hubris:64BitClover","expansioncontent:Collect","Oddly Smooth Stone","Blue Doll","StuffTheSpire:BottledEssence","Omamori","Cauldron","Bone_Shift+1","Shade_Step","Sadistic Nature+1","PowerPotion","hubris:CuriousFeather","hubris:MysteriousPyramids","Strange Spoon","Secret Technique+1"],"campfire_rested":2,"item_purchase_floors":[0,0,0,3,3,3,3,3,3,39,39,39,39,53,53],"current_hp_per_floor":[69,75,75,75,75,71,75,73,73,59,51,51,53,53,55,57,77,77,77,77,74,74,77,73,77,77,77,42,75,77,73,73,77,77,74,76,76,58,58,62,69,69,69,56,74,72,77,67,77,40,77,77,77,46,24],"gold":150,"neow_bonus":"","is_daily":false,"chose_seed":false,"campfire_upgraded":2,"win_rate":0.0,"timestamp":1608326497,"path_taken":["M","M","$","M","M","E","M","M","T","E","M","R","E","?","R","BOSS","M","?","?","M","?","E","M","E","T","E","M","M","M","E","R","BOSS","M","M","?","M","$","E","M","R","T","M","E","M","E","?","R","BOSS","R","$","E","BOSS"],"items_purchased_type":["Relic","Card","Relic","Relic","Relic","Relic","Relic","Card","Card","Card","Potion","Relic","Relic","Relic","Card"],"build_version":"2020-12-13","purchased_purges":0,"victory":true,"max_hp_per_floor":[75,75,75,75,75,75,75,75,75,75,75,75,75,75,77,77,77,77,77,77,77,77,77,77,77,77,77,77,77,77,77,77,77,77,77,77,77,77,77,77,77,77,77,77,77,77,77,77,77,77,77,77,77,77,77],"card_choices":[{"not_picked":["Consume_Illness","Toxic_Smoke_Screen"],"picked":"Acid_Javelin","floor":1},{"not_picked":["Blood_Is_Power","Shackles_Of_Pain","Scare"],"picked":"SKIP","floor":2},{"not_picked":["Uncharnel","Consume_Illness"],"picked":"Epidemic","floor":4},{"not_picked":["Bone_Shift","Bone_Prison","Negative_Energy_Shield"],"picked":"SKIP","floor":5},{"not_picked":["Bone_Armory","Negative_Energy_Shield"],"picked":"Summon_Lich","floor":6},{"not_picked":["Bone_Armory","Thousand_Bone_Knives"],"picked":"Detonate_Bones","floor":7},{"not_picked":["Bone_Armor","Consume_Illness","Shackles_Of_Pain"],"picked":"SKIP","floor":8},{"not_picked":["Exploit","Necrotic_Claws"],"picked":"Bone_Prison+1","floor":10},{"not_picked":["Negative_Energy_Shield+1","Bone_Spikes","Death_March_Dance"],"picked":"SKIP","floor":11},{"not_picked":["Chill_Blood+1","Slay_Living","Thousand_Bone_Knives"],"picked":"SKIP","floor":13},{"not_picked":["Blood_Magic","Detonate_Bones"],"picked":"Hellfire","floor":16},{"not_picked":["Negative_Energy_Sphere","Chill_Blood+1","Finger_Of_Death"],"picked":"SKIP","floor":18},{"not_picked":["Chill_Blood+1","Shackles_Of_Pain+1"],"picked":"Bone_Armor+1","floor":21},{"not_picked":["Acid_Javelin+1","Summon_Death_Knight"],"picked":"Shade_Step+1","floor":23},{"not_picked":["Bone_Bullets","Bones_to_Steel+1","Shackles_Of_Pain+1"],"picked":"SKIP","floor":24},{"not_picked":["Bone_Spikes","Flesh_Made_Foul"],"picked":"Summon_Lich","floor":25},{"not_picked":["Requiem","Blood_Shield+1"],"picked":"Uncharnel+1","floor":27},{"not_picked":["Bone_Spikes","Death_Coil"],"picked":"Negative_Energy_Sphere+1","floor":28},{"not_picked":["Thousand_Bone_Knives","Scare+1","Chill_Blood+1"],"picked":"SKIP","floor":29},{"not_picked":["Acid_Javelin","Bones_to_Steel+1","Bone_Shift+1"],"picked":"SKIP","floor":30},{"not_picked":["Bone_Armory+1","Bone_Armor+1","Life_Drain"],"picked":"SKIP","floor":31},{"not_picked":["Requiem","Reap_The_Weak"],"picked":"Grasp_Heart","floor":33},{"not_picked":["Negative_Energy_Shield+1","Death_March_Dance","Death_Coil+1"],"picked":"SKIP","floor":35},{"not_picked":["Negative_Energy_Shield+1","Vampiric_Strike","Blood_Curse+1"],"picked":"SKIP","floor":36},{"not_picked":["Shackles_Of_Pain+1","Blood_Whip+1","Negative_Energy_Shield+1"],"picked":"SKIP","floor":38},{"not_picked":["Vampiric_Strike+1","Requiem"],"picked":"Finger_Of_Death+1","floor":40},{"not_picked":["Chill_Blood+1","Bone_Armor+1","Bone_Shift+1"],"picked":"SKIP","floor":41},{"not_picked":["Consume_Illness+1","Bone_Armory+1","Acid_Javelin"],"picked":"SKIP","floor":44},{"not_picked":["Consume_Illness+1","Epidemic+1"],"picked":"Uncharnel+1","floor":45},{"not_picked":["Blood_Whip","Uncharnel+1"],"picked":"Cloudkill+1","floor":46},{"not_picked":["Uncharnel+1","Bone_Armory+1","Negative_Energy_Mist+1"],"picked":"SKIP","floor":47},{"not_picked":["Negative_Energy_Javelin+1","Toxic_Smoke_Screen+1"],"picked":"Stop_Heart+1","floor":48},{"not_picked":["Death_Coil","Consume_Illness+1"],"picked":"Summon_Undead_Army+1","floor":52},{"not_picked":["Negative_Energy_Mist+1","Plague_Bolt+1","Whirlwind_of_Bones+1"],"picked":"SKIP","floor":54}],"player_experience":235660,"relics_obtained":[{"floor":6,"key":"StuffTheSpire:Barrel"},{"floor":10,"key":"Toxic Egg 2"},{"floor":11,"key":"War Paint"},{"floor":13,"key":"Potion Belt"},{"floor":15,"key":"StuffTheSpire:Rhapsscallions"},{"floor":23,"key":"Akabeko"},{"floor":25,"key":"aspiration:AnachronicSnailShell"},{"floor":26,"key":"aspiration:HummingbirdHeart"},{"floor":27,"key":"Boot"},{"floor":30,"key":"aspiration:StickyExplosives_weak"},{"floor":31,"key":"Frozen Egg 2"},{"floor":37,"key":"PreservedInsect"},{"floor":40,"key":"Bag of Marbles"},{"floor":43,"key":"Toy Ornithopter"},{"floor":46,"key":"Replay:Baseball"},{"floor":47,"key":"Lantern"},{"floor":54,"key":"Happy Flower"}],"event_choices":[{"damage_healed":0,"gold_gain":175,"player_choice":"AGREE","damage_taken":515,"max_hp_gain":0,"max_hp_loss":0,"event_name":"betterThird:BetterSerpent","floor":14,"gold_loss":0},{"damage_healed":0,"gold_gain":0,"player_choice":"Ignored","damage_taken":0,"max_hp_gain":0,"max_hp_loss":0,"event_name":"Transmorgrifier","floor":19,"gold_loss":0},{"damage_healed":0,"gold_gain":0,"player_choice":"3","damage_taken":0,"max_hp_gain":0,"max_hp_loss":0,"event_name":"betterMatch:BetterMatch","floor":20,"gold_loss":0,"cards_obtained":[]}],"is_beta":false,"boss_relics":[{"not_picked":["energizedSpire:StickyHand","ReplayTheSpireMod:DimensionalGlitch"],"picked":"hubris:Backtick"},{"not_picked":["StuffTheSpire:Kangaroo","Empty Cage"],"picked":"SlaversCollar"}],"items_purged_floors":[],"is_endless":false,"potions_floor_spawned":[2,4,5,6,10,13,18,21,28,29,33,36,40,45,47],"ascension_level":1}}