{"host":"9c3iwnd6ouvuezey","time":1608289186,"event":{"mods":["BaseMod","Downfall","Hermit","HololiveMod","Minty Spire (QoL Compilation)","Shop Mod","StSLib","Waifu the Spire"],"gold_per_floor":[116,116,132,152,171,171,171,181,181,181,181,181],"floor_reached":11,"playtime":261,"items_purged":[],"score":85,"play_id":"498253e0-97c2-47ba-9ef4-40adcc4c743f","local_time":"20201218185946","is_ascension_mode":true,"campfire_choices":[{"data":"Venomology","floor":6.0,"key":"SMITH"},{"data":"Concentrate","floor":10.0,"key":"SMITH"}],"circlet_count":0,"master_deck":["Strike_G","Strike_G","Strike_G","Strike_G","Strike_G","Defend_G","Defend_G","Defend_G","Defend_G","Defend_G","Survivor","Neutralize","PiercingWail","Concentrate+1","Venomology+1","Regret"],"relics":["Ring of the Snake","CaptainsWheel","FaceOfCleric","Ginger","Darkstone Periapt"],"acts_visited":[],"potions_floor_usage":[],"damage_taken":[{"damage":0.0,"enemies":"Cultist","floor":1.0,"turns":4.0},{"damage":0.0,"enemies":"2 Louse","floor":3.0,"turns":3.0},{"damage":2.0,"enemies":"Small Slimes","floor":4.0,"turns":5.0},{"damage":26.0,"enemies":"Exordium Thugs","floor":5.0,"turns":9.0},{"damage":3.0,"enemies":"Blue Slaver","floor":8.0,"turns":5.0},{"damage":0,"enemies":"Lagavulin","floor":11,"turns":1}],"seed_played":"6374415754285317427","potions_obtained":[{"floor":3.0,"key":"FearPotion"},{"floor":8.0,"key":"Block Potion"}],"is_trial":false,"path_per_floor":["M","?","M","M","M","R","?","M","T","R","E"],"character_chosen":"THE_SILENT","items_purchased":[],"campfire_rested":0,"item_purchase_floors":[],"current_hp_per_floor":[63,63,64,63,38,38,38,36,36,36,36,36],"gold":181,"neow_bonus":"ONE_RARE_RELIC","is_daily":false,"chose_seed":false,"campfire_upgraded":2,"win_rate":0.0,"timestamp":1608289186,"path_taken":["M","?","?","M","M","R","?","M","T","R","E"],"items_purchased_type":[],"build_version":"2020-12-13","purchased_purges":0,"victory":false,"max_hp_per_floor":[63,63,64,65,66,66,66,67,67,67,67,67],"card_choices":[{"not_picked":["Quick Slash","Deflect","Masterful Stab"],"picked":"SKIP","floor":1.0},{"not_picked":["Outmaneuver","Deflect"],"picked":"PiercingWail","floor":3.0},{"not_picked":["Terror","Acrobatics"],"picked":"Concentrate","floor":4.0},{"not_picked":["Endless Agony","Deadly Poison"],"picked":"Venomology","floor":5.0},{"not_picked":["Dodge and Roll","Deadly Poison","Dash"],"picked":"SKIP","floor":8.0}],"player_experience":248822,"relics_obtained":[{"floor":9.0,"key":"Darkstone Periapt"}],"event_choices":[{"damage_healed":0.0,"max_hp_gain":0.0,"max_hp_loss":0.0,"gold_gain":0.0,"event_name":"FaceTrader","player_choice":"Trade","floor":2.0,"gold_loss":0.0,"damage_taken":0.0,"relics_obtained":["FaceOfCleric"]},{"damage_healed":0.0,"max_hp_gain":0.0,"max_hp_loss":0.0,"gold_gain":0.0,"event_name":"Big Fish","player_choice":"Box","floor":7.0,"gold_loss":0.0,"damage_taken":0.0,"relics_obtained":["Ginger"],"cards_obtained":["Regret"]}],"is_beta":false,"boss_relics":[],"items_purged_floors":[],"is_endless":false,"potions_floor_spawned":[3,8],"killed_by":"Lagavulin","ascension_level":6}}