{"host":"dth8fvkfiulu86fi","time":1608296984,"event":{"mods":["2.2 Compatiblity","AchievementEnabler","BaseMod","Better Third Choice","Colored Map","Colored Powertips","Minty Spire (QoL Compilation)","Rare Cards Sparkle","StSLib","SuperFastMode","Synergy Search"],"gold_per_floor":[144,189,234,279,158,248,293,293,318,708,753,798,511,601,601,601,601],"floor_reached":16,"playtime":633,"items_purged":["Indignation","Vengeance"],"score":174,"play_id":"c2844455-870b-4867-bbdf-ddae1fe9cebe","local_time":"20201218140944","daily_mods":["Draft","Colorless Cards","Midas"],"is_ascension_mode":false,"campfire_choices":[{"floor":15,"key":"REST"}],"circlet_count":0,"master_deck":["FlurryOfBlows","Crescendo","EmptyMind","JustLucky","ReachHeaven","EmptyFist","FlurryOfBlows","EmptyMind","FollowUp","EmptyFist","FlurryOfBlows","FlurryOfBlows","Protect","Protect","Finesse","Panacea","Consecrate","Trip","Good Instincts","Decay","Blind","Consecrate","FlurryOfBlows","Consecrate","Blind"],"relics":["PureWater","Oddly Smooth Stone","Lantern","Old Coin","Shovel"],"acts_visited":["Exordium"],"potions_floor_usage":[7,7,10,14,15],"damage_taken":[{"damage":0,"enemies":"Small Slimes","floor":1,"turns":2},{"damage":0,"enemies":"Cultist","floor":2,"turns":2},{"damage":0,"enemies":"2 Louse","floor":3,"turns":2},{"damage":22,"enemies":"Blue Slaver","floor":4,"turns":2},{"damage":0,"enemies":"Gremlin Nob","floor":6,"turns":2},{"damage":11,"enemies":"Exordium Thugs","floor":7,"turns":3},{"damage":20,"enemies":"3 Sentries","floor":10,"turns":5},{"damage":13,"enemies":"Large Slime","floor":11,"turns":2},{"damage":0,"enemies":"Blue Slaver","floor":12,"turns":3},{"damage":3,"enemies":"Gremlin Nob","floor":14,"turns":4},{"damage":30,"enemies":"The Guardian","floor":16,"turns":6}],"seed_played":"4511563792049188764","potions_obtained":[{"floor":1,"key":"SpeedPotion"},{"floor":2,"key":"Dexterity Potion"},{"floor":7,"key":"Strength Potion"},{"floor":11,"key":"GamblersBrew"},{"floor":14,"key":"Fruit Juice"}],"is_trial":false,"path_per_floor":["M","M","M","M","$","E","M","?","T","E","M","M","$","E","R","B"],"character_chosen":"WATCHER","items_purchased":["Consecrate","FlurryOfBlows","Consecrate","Blind"],"campfire_rested":1,"item_purchase_floors":[5,13,13,13],"current_hp_per_floor":[72,72,72,50,50,50,39,39,39,19,6,6,6,3,29,0,0],"gold":601,"neow_bonus":"","is_daily":true,"chose_seed":false,"campfire_upgraded":0,"win_rate":0.0,"timestamp":1608296984,"path_taken":["M","M","M","M","$","E","M","?","T","E","M","?","$","E","R","BOSS"],"items_purchased_type":["Card","Card","Card","Card"],"build_version":"2020-12-13","purchased_purges":2,"victory":false,"max_hp_per_floor":[72,72,72,72,72,72,72,72,72,72,72,72,72,72,77,77,77],"card_choices":[{"not_picked":["Conclude","Adaptation"],"picked":"Vengeance","floor":0},{"not_picked":["CrushJoints","Weave"],"picked":"FlurryOfBlows","floor":0},{"not_picked":["SashWhip","PathToVictory"],"picked":"Crescendo","floor":0},{"not_picked":["PathToVictory","ThirdEye"],"picked":"Indignation","floor":0},{"not_picked":["WheelKick","Nirvana"],"picked":"EmptyMind","floor":0},{"not_picked":["Fasting2","ThirdEye"],"picked":"JustLucky","floor":0},{"not_picked":["ClearTheMind","Evaluate"],"picked":"ReachHeaven","floor":0},{"not_picked":["PathToVictory","SignatureMove"],"picked":"EmptyFist","floor":0},{"not_picked":["Discovery","SashWhip"],"picked":"FlurryOfBlows","floor":0},{"not_picked":["Evaluate","JustLucky"],"picked":"EmptyMind","floor":0},{"not_picked":["JustLucky","ThirdEye"],"picked":"FollowUp","floor":0},{"not_picked":["BowlingBash","MentalFortress"],"picked":"EmptyFist","floor":0},{"not_picked":["PathToVictory","EmptyBody"],"picked":"FlurryOfBlows","floor":0},{"not_picked":["ThirdEye","Consecrate"],"picked":"FlurryOfBlows","floor":0},{"not_picked":["Blind","WindmillStrike"],"picked":"Protect","floor":0},{"not_picked":["SashWhip","BowlingBash","FearNoEvil"],"picked":"SKIP","floor":1},{"not_picked":["ThirdEye","BowlingBash"],"picked":"Protect","floor":2},{"not_picked":["Study","CrushJoints"],"picked":"Finesse","floor":3},{"not_picked":["FearNoEvil","Crescendo"],"picked":"Panacea","floor":4},{"not_picked":["SashWhip","PathToVictory"],"picked":"Trip","floor":6},{"not_picked":["FollowUp","InnerPeace"],"picked":"Good Instincts","floor":7},{"not_picked":["Sanctity","Tantrum","Halt"],"picked":"SKIP","floor":10},{"not_picked":["Weave","SashWhip"],"picked":"Blind","floor":11},{"not_picked":["BowlingBash","FlyingSleeves"],"picked":"Consecrate","floor":12},{"not_picked":["Alpha","CrushJoints","FollowUp"],"picked":"SKIP","floor":14}],"player_experience":1110667,"relics_obtained":[{"floor":6,"key":"Oddly Smooth Stone"},{"floor":9,"key":"Lantern"},{"floor":10,"key":"Old Coin"},{"floor":14,"key":"Shovel"}],"event_choices":[{"damage_healed":0,"gold_gain":0,"player_choice":"Cursed","damage_taken":0,"max_hp_gain":0,"max_hp_loss":0,"event_name":"Wheel of Change","floor":8,"gold_loss":0,"cards_obtained":["Decay"]}],"is_beta":false,"boss_relics":[],"items_purged_floors":[5,13],"is_endless":false,"potions_floor_spawned":[1,2,7,11,14],"killed_by":"The Guardian","ascension_level":0}}