{"host":"r2b8ojg4o4pyvjvq","time":1608330004,"event":{"mods":["BaseMod","Colored Map","Downfall","Highlight Path","Hubris","Marisa????????","Minty Spire (QoL Compilation)","Quick Restart","Replay The Spire","StSLib","SuperFastMode"],"gold_per_floor":[117,117,42,59,72,72,72,72,72,107,161,188,188,200,200,200,200],"floor_reached":16,"playtime":325,"items_purged":["Strike_P"],"score":130,"play_id":"bfaf38a0-84e6-48e1-bd09-c550d939ace5","local_time":"20201218232004","is_ascension_mode":true,"campfire_choices":[{"floor":6,"key":"REST"},{"data":"Eruption","floor":8,"key":"SMITH"},{"floor":13,"key":"REST"},{"floor":15,"key":"REST"}],"circlet_count":0,"master_deck":["Strike_P","Strike_P","Defend_P","Defend_P","Defend_P","Defend_P","Eruption+1","Vigilance","CarveReality","Replay:AtTheReady","FlyingSleeves","ThirdEye","CutThroughFate","FlyingSleeves"],"relics":["PureWater","Letter Opener","Bottled Flame","hubris:SlimyHat","StrikeDummy"],"acts_visited":["Exordium"],"potions_floor_usage":[12,16,16],"damage_taken":[{"damage":20,"enemies":"Small Slimes","floor":1,"turns":4},{"damage":16,"enemies":"Jaw Worm","floor":4,"turns":3},{"damage":12,"enemies":"Cultist","floor":5,"turns":4},{"damage":25,"enemies":"3 Sentries","floor":10,"turns":5},{"damage":15,"enemies":"Gremlin Nob","floor":12,"turns":4},{"damage":8,"enemies":"Large Slime","floor":14,"turns":4},{"damage":38,"enemies":"Hexaghost","floor":16,"turns":7}],"seed_played":"4879094968685846251","potions_obtained":[{"floor":1,"key":"Dexterity Potion"},{"floor":10,"key":"Languid Potion"},{"floor":12,"key":"Guardian:BlockOnCardUsePotion"}],"is_trial":false,"path_per_floor":["M","?","$","M","M","R","?","R","T","E","T","E","R","M","R","B"],"character_chosen":"WATCHER","items_purchased":[],"campfire_rested":3,"item_purchase_floors":[],"current_hp_per_floor":[57,50,50,34,22,45,45,45,45,20,20,5,28,20,43,5,5],"gold":200,"neow_bonus":"RANDOM_EVENT","is_daily":false,"chose_seed":false,"campfire_upgraded":1,"win_rate":0.0,"timestamp":1608330004,"path_taken":["M","?","$","M","M","R","?","R","T","E","?","E","R","M","R","BOSS"],"items_purchased_type":[],"build_version":"2020-12-13","purchased_purges":1,"victory":false,"max_hp_per_floor":[77,77,77,77,77,77,77,77,77,77,77,77,77,77,77,77,77],"card_choices":[{"not_picked":["InnerPeace","PathToVictory"],"picked":"CarveReality","floor":1},{"not_picked":["BowlingBash","SashWhip"],"picked":"Replay:AtTheReady","floor":4},{"not_picked":["Collect","EmptyBody"],"picked":"FlyingSleeves","floor":5},{"not_picked":["ForeignInfluence","Pray"],"picked":"ThirdEye","floor":10},{"not_picked":["FlurryOfBlows","Collect"],"picked":"CutThroughFate","floor":12},{"not_picked":["SignatureMove","ClearTheMind"],"picked":"FlyingSleeves","floor":14}],"player_experience":460767,"relics_obtained":[{"floor":9,"key":"Letter Opener"},{"floor":10,"key":"Bottled Flame"},{"floor":11,"key":"hubris:SlimyHat"},{"floor":12,"key":"StrikeDummy"}],"event_choices":[{"damage_healed":0,"gold_gain":0,"player_choice":"Donut","damage_taken":0,"max_hp_gain":5,"max_hp_loss":0,"event_name":"Big Fish","floor":0,"gold_loss":0},{"cards_removed":["Strike_P"],"damage_healed":0,"gold_gain":0,"player_choice":"Card Removal","damage_taken":7,"max_hp_gain":0,"max_hp_loss":0,"event_name":"Golden Wing","floor":2,"gold_loss":0},{"damage_healed":0,"gold_gain":0,"player_choice":"Ignored","damage_taken":0,"max_hp_gain":0,"max_hp_loss":0,"event_name":"Golden Idol","floor":7,"gold_loss":0}],"is_beta":false,"boss_relics":[],"items_purged_floors":[3],"is_endless":false,"potions_floor_spawned":[1,10,12],"killed_by":"Hexaghost","ascension_level":4}}