{"host":"9373kjg5yrouhim6","time":1608273316,"event":{"mods":["2.2 Compatiblity","AchievementEnabler","Aspiration","BaseMod","Beaked The Cultist","Better Altar","Better Match","Better Note","Better Sensory Stone","Better Skull","Better Third Choice","Colored Map","Colored Powertips","Conspire","Downfall","Friendly Minions","Highlight Path","Hubris","Infinite Spire","Mimic Mod","Minty Spire (QoL Compilation)","Replay The Spire","Spicy Shops","StSLib","The Construct","The Disciple","vexMod"],"gold_per_floor":[99,99,134,134,154,154,181,181,200,200,10,10,27,40,57,57,57],"floor_reached":16,"playtime":661,"items_purged":["hexamod:EmpoweredFlame","hexamod:Sear"],"score":125,"play_id":"d07c37e8-e050-452e-98f2-bd29c83d7718","local_time":"20201218013516","is_ascension_mode":false,"campfire_choices":[{"data":"hexamod:Float","floor":1,"key":"SMITH"},{"data":"hexamod:UnleashSpirits","floor":6,"key":"SMITH"},{"data":"hexamod:GhostLash","floor":8,"key":"SMITH"},{"floor":10,"key":"REST"}],"circlet_count":0,"master_deck":["hexamod:Strike","hexamod:Strike","hexamod:Strike+1","hexamod:Strike","hexamod:Defend","hexamod:Defend","hexamod:Defend","hexamod:Defend","hexamod:Float+1","hexamod:UnleashSpirits+1","hexamod:GhostLash+1","hexamod:NightmareGuise","hexamod:NightmareStrike","hexamod:SpectersWail"],"relics":["infinitespire:DarkRift","downfall:HeartsMalice","Gremlin Food","hexamod:MatchstickCase","infinitespire:Cubic Diamond"],"acts_visited":["Exordium"],"potions_floor_usage":[15,16,16],"damage_taken":[{"damage":0,"enemies":"conspire:RoseBush","floor":2,"turns":1},{"damage":0,"enemies":"Lagavulin","floor":3,"turns":1},{"damage":0,"enemies":"Jaw Worm","floor":4,"turns":1},{"damage":0,"enemies":"Small Slimes","floor":5,"turns":3},{"damage":23,"enemies":"Exordium Wildlife","floor":9,"turns":5},{"damage":0,"enemies":"downfall:FleeingMerchant","floor":11,"turns":4},{"damage":0,"enemies":"2 Fungi Beasts","floor":13,"turns":2},{"damage":20,"enemies":"Exordium Thugs","floor":14,"turns":4},{"damage":13,"enemies":"Lots of Slimes","floor":15,"turns":3},{"damage":47,"enemies":"downfall:Watcher","floor":16,"turns":8}],"seed_played":"2443818975386986310","potions_obtained":[{"floor":5,"key":"LiquidBronze"},{"floor":9,"key":"champ:CounterPotion"},{"floor":15,"key":"FearPotion"}],"is_trial":false,"path_per_floor":["R","M","E","M","M","R","T","R","M","R","$","?","M","M","M","B"],"character_chosen":"THE_SPIRIT","items_purchased":[],"campfire_rested":1,"item_purchase_floors":[],"current_hp_per_floor":[70,70,70,70,70,70,70,70,47,68,68,68,68,48,35,0,0],"gold":57,"neow_bonus":"THREE_ENEMY_KILL","is_daily":false,"chose_seed":false,"campfire_upgraded":3,"win_rate":0.0,"timestamp":1608273316,"path_taken":["R","M","E","M","M","R","T","R","M","R","$","?","M","M","M","BOSS"],"items_purchased_type":[],"build_version":"2020-12-13","purchased_purges":2,"victory":false,"max_hp_per_floor":[70,70,70,70,70,70,70,70,70,70,70,70,70,70,70,70,70],"card_choices":[{"not_picked":["hexamod:RadiantFlame","hexamod:FlamesFromBeyond"],"picked":"hexamod:EmpoweredFlame","floor":2},{"not_picked":["hexamod:ThermalTransfer","hexamod:ShieldOfDarkness","hexamod:SpectralAdrenaline"],"picked":"SKIP","floor":3},{"not_picked":["hexamod:NightmareStrike","hexamod:HeatShield"],"picked":"hexamod:UnleashSpirits","floor":4},{"not_picked":["hexamod:SwordOfDarkness","hexamod:GhostOfSpirePast"],"picked":"hexamod:GhostLash","floor":5},{"not_picked":["hexamod:SwordOfDarkness","hexamod:ShieldOfDarkness"],"picked":"hexamod:NightmareGuise","floor":9},{"not_picked":["hexamod:BurningTouch","hexamod:RainOfEmbers","hexamod:ChargedBarrage"],"picked":"SKIP","floor":11},{"not_picked":["hexamod:BacktrackSmack","hexamod:RecurringNightmare"],"picked":"hexamod:NightmareStrike","floor":13},{"not_picked":["hexamod:ThermalTransfer","hexamod:SearingWound","hexamod:FastForward"],"picked":"SKIP","floor":14},{"not_picked":["hexamod:BacktrackSmack","hexamod:NightmareStrike"],"picked":"hexamod:SpectersWail","floor":15}],"player_experience":330679,"relics_obtained":[{"floor":3,"key":"Gremlin Food"},{"floor":7,"key":"hexamod:MatchstickCase"}],"event_choices":[],"is_beta":false,"boss_relics":[],"items_purged_floors":[11,11],"is_endless":false,"potions_floor_spawned":[5,9,15],"killed_by":"downfall:Watcher","ascension_level":0}}