{"host":"ssbj2e5691x5ub3h","time":1608330283,"event":{"mods":["BaseMod","Minty Spire (QoL Compilation)","StSLib"],"gold_per_floor":[111,61,61,80,3,37,37,56,56,66,141,141,151,162,162,264,264,284,209,124,124,124,157,144,144,144,154,244,244,255,268,268,367,367,381,391,391,411,330,361,361,371,371,371,381,381,392,410,410,410],"floor_reached":51,"playtime":24489,"items_purged":[],"score":701,"play_id":"22f1692c-e0e7-4f6c-994c-7aea35bbeac6","local_time":"20201218202443","is_ascension_mode":false,"campfire_choices":[{"data":"Armaments","floor":7,"key":"SMITH"},{"data":"Inflame","floor":12,"key":"SMITH"},{"data":"Reaper","floor":15,"key":"SMITH"},{"data":"Rage","floor":25,"key":"SMITH"},{"data":"Impervious","floor":29,"key":"SMITH"},{"data":"Pommel Strike","floor":32,"key":"SMITH"},{"data":"Juggernaut","floor":41,"key":"SMITH"},{"data":"Dual Wield","floor":44,"key":"SMITH"},{"data":"Metallicize","floor":46,"key":"SMITH"},{"data":"Demon Form","floor":49,"key":"SMITH"}],"circlet_count":0,"master_deck":["Strike_R","Strike_R","Strike_R","Defend_R","Defend_R","Defend_R","Defend_R","Bash","Reaper+1","Clothesline","Armaments+1","Inflame+1","Feed","Heavy Blade","Metallicize+1","Iron Wave","Sword Boomerang","Impervious+1","Dual Wield+1","Offering","Rage+1","Pommel Strike+1","Feed","Blood for Blood+1","Juggernaut+1","Uppercut+1","Armaments+1","Bandage Up","Entrench+1","Rupture+1","Shrug It Off","Demon Form+1","Combust"],"relics":["Burning Blood","Matryoshka","Juzu Bracelet","Art of War","Gremlin Horn","Cursed Key","Eternal Feather","PreservedInsect","Pantograph","Runic Cube","Meat on the Bone"],"acts_visited":["Exordium","TheCity","TheBeyond"],"potions_floor_usage":[6,16,33,40,48,50],"damage_taken":[{"damage":2.0,"enemies":"2 Louse","floor":1.0,"turns":5.0},{"damage":8,"enemies":"Jaw Worm","floor":4,"turns":4},{"damage":17,"enemies":"Lagavulin","floor":6,"turns":11},{"damage":2,"enemies":"Cultist","floor":8,"turns":5},{"damage":3,"enemies":"2 Fungi Beasts","floor":10,"turns":4},{"damage":16,"enemies":"Red Slaver","floor":13,"turns":4},{"damage":7,"enemies":"Blue Slaver","floor":14,"turns":4},{"damage":32,"enemies":"Hexaghost","floor":16,"turns":14},{"damage":11,"enemies":"3 Byrds","floor":18,"turns":5},{"damage":26,"enemies":"Book of Stabbing","floor":23,"turns":6},{"damage":11,"enemies":"2 Thieves","floor":24,"turns":4},{"damage":1,"enemies":"Snecko","floor":27,"turns":7},{"damage":29,"enemies":"Centurion and Healer","floor":30,"turns":4},{"damage":12,"enemies":"Snake Plant","floor":31,"turns":5},{"damage":89,"enemies":"Champ","floor":33,"turns":16},{"damage":27,"enemies":"3 Darklings","floor":35,"turns":4},{"damage":8,"enemies":"3 Shapes","floor":36,"turns":5},{"damage":39,"enemies":"Jaw Worm Horde","floor":38,"turns":4},{"damage":36,"enemies":"Giant Head","floor":40,"turns":9},{"damage":21,"enemies":"Maw","floor":42,"turns":7},{"damage":59,"enemies":"Sphere and 2 Shapes","floor":45,"turns":6},{"damage":72,"enemies":"4 Shapes","floor":47,"turns":5},{"damage":32,"enemies":"3 Darklings","floor":48,"turns":5},{"damage":55,"enemies":"Time Eater","floor":50,"turns":10}],"seed_played":"-3678530593551441893","potions_obtained":[{"floor":4,"key":"EssenceOfSteel"},{"floor":6,"key":"EssenceOfSteel"},{"floor":10,"key":"BloodPotion"},{"floor":24,"key":"Explosive Potion"},{"floor":27,"key":"Regen Potion"},{"floor":33,"key":"Dexterity Potion"},{"floor":40,"key":"Weak Potion"},{"floor":48,"key":"ElixirPotion"}],"is_trial":false,"path_per_floor":["M","?","?","M","$","E","R","M","T","M","?","R","M","M","R","B",null,"M","?","?","$","?","E","M","R","T","M","?","R","M","M","R","B",null,"M","M","T","M","$","E","R","M","T","R","M","R","M","M","R","B",null],"character_chosen":"IRONCLAD","items_purchased":["Inflame","Bandage Up"],"campfire_rested":0,"item_purchase_floors":[5,39],"current_hp_per_floor":[80,80,77,75,75,64,64,68,68,74,63,63,57,56,56,38,83,83,83,83,83,83,71,69,81,81,86,74,86,63,57,69,18,86,65,78,78,51,51,25,40,47,47,65,32,50,20,53,71,70],"gold":410,"neow_bonus":"ONE_RANDOM_RARE_CARD","is_daily":false,"chose_seed":false,"campfire_upgraded":10,"win_rate":0.0,"timestamp":1608330283,"path_taken":["M","?","?","M","?","E","R","M","T","M","?","R","M","M","R","BOSS","M","?","?","?","?","E","M","R","T","M","?","R","M","M","R","BOSS","M","M","?","M","$","E","R","M","T","R","M","R","M","M","R","BOSS"],"items_purchased_type":["Card","Card"],"build_version":"2020-12-13","purchased_purges":0,"victory":true,"max_hp_per_floor":[80,80,80,80,80,80,80,80,80,83,83,83,83,83,83,83,83,83,83,83,83,83,83,86,86,86,86,86,86,86,86,86,86,86,86,89,89,95,95,95,95,95,95,95,99,99,99,99,99,102],"card_choices":[{"not_picked":["Headbutt","Fire Breathing"],"picked":"Clothesline","floor":1.0},{"not_picked":["Dual Wield","Clothesline"],"picked":"Armaments","floor":4},{"not_picked":["Flex","Anger"],"picked":"Feed","floor":6},{"not_picked":["Entrench","True Grit"],"picked":"Heavy Blade","floor":8},{"not_picked":["Reckless Charge","True Grit"],"picked":"Metallicize","floor":10},{"not_picked":["Headbutt","Armaments"],"picked":"Iron Wave","floor":13},{"not_picked":["Fire Breathing","Carnage"],"picked":"Sword Boomerang","floor":14},{"not_picked":["Limit Break","Double Tap"],"picked":"Impervious","floor":16},{"not_picked":["Feel No Pain","Cleave"],"picked":"Dual Wield","floor":18},{"not_picked":["Power Through+1","Thunderclap+1"],"picked":"Offering","floor":23},{"not_picked":["Flex","Warcry+1"],"picked":"Rage","floor":24},{"not_picked":["Thunderclap","Clothesline+1"],"picked":"Pommel Strike","floor":27},{"not_picked":["Armaments","Perfected Strike+1"],"picked":"Feed","floor":30},{"not_picked":["Intimidate","Body Slam"],"picked":"Blood for Blood+1","floor":31},{"not_picked":["Bludgeon","Brutality"],"picked":"Juggernaut","floor":33},{"not_picked":["Pommel Strike","Cleave"],"picked":"Uppercut+1","floor":35},{"not_picked":["Dark Embrace","Body Slam","Whirlwind"],"picked":"SKIP","floor":36},{"not_picked":["Sword Boomerang+1","Heavy Blade+1"],"picked":"Armaments+1","floor":38},{"not_picked":["Twin Strike","Clash"],"picked":"Entrench+1","floor":40},{"not_picked":["Sword Boomerang+1","Reckless Charge"],"picked":"Rupture+1","floor":42},{"not_picked":["Pummel","Thunderclap"],"picked":"Shrug It Off","floor":45},{"not_picked":["Cleave","Heavy Blade"],"picked":"Demon Form","floor":47},{"not_picked":["Seeing Red+1","Fire Breathing"],"picked":"Combust","floor":48}],"player_experience":110278,"relics_obtained":[{"floor":6,"key":"Juzu Bracelet"},{"floor":9,"key":"Art of War"},{"floor":9,"key":"Gremlin Horn"},{"floor":23,"key":"Pantograph"},{"floor":40,"key":"Meat on the Bone"}],"event_choices":[{"cards_removed":["Strike_R"],"damage_healed":0.0,"max_hp_gain":0.0,"max_hp_loss":0.0,"gold_gain":0.0,"event_name":"The Cleric","player_choice":"Card Removal","floor":2.0,"gold_loss":50.0,"damage_taken":0.0},{"damage_healed":0.0,"max_hp_gain":0.0,"max_hp_loss":0.0,"gold_gain":0.0,"event_name":"Scrap Ooze","player_choice":"Success","floor":3.0,"gold_loss":0.0,"damage_taken":3.0,"relics_obtained":["Matryoshka"]},{"damage_healed":0,"gold_gain":75,"player_choice":"Gather Gold","damage_taken":11,"max_hp_gain":0,"max_hp_loss":0,"event_name":"World of Goop","floor":11,"gold_loss":0},{"cards_removed":["Strike_R"],"damage_healed":0,"gold_gain":0,"player_choice":"Gave Gold","damage_taken":0,"max_hp_gain":0,"max_hp_loss":0,"event_name":"Beggar","floor":19,"gold_loss":75},{"damage_healed":0,"gold_gain":0,"player_choice":"Obtained Relic","damage_taken":0,"relics_obtained":["Eternal Feather"],"max_hp_gain":0,"max_hp_loss":0,"event_name":"Addict","floor":20,"gold_loss":85},{"damage_healed":0,"gold_gain":0,"player_choice":"Opened","damage_taken":0,"relics_obtained":["PreservedInsect"],"max_hp_gain":0,"max_hp_loss":0,"event_name":"The Mausoleum","floor":22,"gold_loss":0},{"damage_healed":0,"gold_gain":90,"player_choice":"GOLD ","damage_taken":12,"max_hp_gain":0,"max_hp_loss":0,"event_name":"Knowing Skull","floor":28,"potions_obtained":[],"gold_loss":0,"cards_obtained":[]}],"is_beta":false,"boss_relics":[{"not_picked":["Velvet Choker","Empty Cage"],"picked":"Cursed Key"},{"not_picked":["Black Star","Fusion Hammer"],"picked":"Runic Cube"}],"items_purged_floors":[],"is_endless":false,"potions_floor_spawned":[4,6,10,24,27,31,33,36,40,47,48],"ascension_level":0}}