{"host":"3jpwrwmmgyabjceh","time":1608293975,"event":{"mods":["AchievementEnabler","BaseMod","Colored Map","Colored Powertips","Highlight Path","Minty Spire (QoL Compilation)","StSLib"],"gold_per_floor":[112,112,130,149,169,195,195,224,224,126,143,158,171,187,187,290,290,300,317,332,51,63,63,82,82,82,82,57,57,75,95,95,95,95],"floor_reached":33,"playtime":1288,"items_purged":[],"score":305,"play_id":"7f7dbea4-923d-45f6-babc-39416abfcca5","local_time":"20201218151935","is_ascension_mode":true,"campfire_choices":[{"floor":7,"key":"REST"},{"data":"Inflame","floor":15,"key":"SMITH"},{"floor":23,"key":"REST"},{"floor":25,"key":"RECALL"},{"data":"Armaments","floor":27,"key":"SMITH"},{"floor":32,"key":"REST"}],"circlet_count":0,"master_deck":["Strike_R","Strike_R","Strike_R","Strike_R","Defend_R","Defend_R","Defend_R","Defend_R","Bash+1","Blood for Blood","Twin Strike","Perfected Strike","Hemokinesis","Twin Strike","Bloodletting","Inflame+1","Shrug It Off","Cleave","Armaments+1","Heavy Blade","Berserk","Perfected Strike+1","Combust","Armaments","Heavy Blade","Combust+1","Armaments"],"relics":["Burning Blood","Bottled Flame","Orichalcum","Ancient Tea Set","Shuriken","Nloth\u0027s Gift"],"acts_visited":["Exordium","TheCity"],"potions_floor_usage":[18,20,33],"damage_taken":[{"damage":4,"enemies":"Jaw Worm","floor":1,"turns":3},{"damage":1,"enemies":"Cultist","floor":3,"turns":3},{"damage":2,"enemies":"2 Louse","floor":4,"turns":2},{"damage":14,"enemies":"Gremlin Gang","floor":5,"turns":4},{"damage":35,"enemies":"3 Sentries","floor":6,"turns":9},{"damage":6,"enemies":"Gremlin Nob","floor":8,"turns":3},{"damage":8,"enemies":"Looter","floor":11,"turns":2},{"damage":2,"enemies":"Lots of Slimes","floor":12,"turns":3},{"damage":10,"enemies":"Gremlin Gang","floor":13,"turns":3},{"damage":10,"enemies":"3 Louse","floor":14,"turns":2},{"damage":18,"enemies":"Slime Boss","floor":16,"turns":8},{"damage":23,"enemies":"3 Byrds","floor":18,"turns":5},{"damage":8,"enemies":"Chosen","floor":19,"turns":3},{"damage":21,"enemies":"Sentry and Sphere","floor":20,"turns":4},{"damage":16,"enemies":"3 Cultists","floor":22,"turns":5},{"damage":13,"enemies":"Snake Plant","floor":24,"turns":2},{"damage":14,"enemies":"Snecko","floor":30,"turns":3},{"damage":38,"enemies":"Shelled Parasite and Fungi","floor":31,"turns":4},{"damage":40,"enemies":"Champ","floor":33,"turns":6}],"seed_played":"5637782177856852084","potions_obtained":[{"floor":1,"key":"ElixirPotion"},{"floor":4,"key":"BlessingOfTheForge"},{"floor":11,"key":"Weak Potion"},{"floor":13,"key":"SpeedPotion"}],"is_trial":false,"path_per_floor":["M","?","M","M","M","E","R","E","T","$","M","M","M","M","R","B",null,"M","M","M","$","M","R","M","R","T","R","$","?","M","M","R","B"],"character_chosen":"IRONCLAD","items_purchased":["Inflame","Shrug It Off","Armaments","Shuriken","Heavy Blade"],"campfire_rested":3,"item_purchase_floors":[10,10,21,21,28],"current_hp_per_floor":[80,80,80,80,72,43,67,67,67,67,65,69,65,61,61,49,80,63,61,46,46,36,60,53,53,53,53,53,53,45,13,37,0,0],"gold":95,"neow_bonus":"TRANSFORM_CARD","is_daily":false,"chose_seed":false,"campfire_upgraded":2,"win_rate":0.0,"timestamp":1608293975,"path_taken":["M","?","M","M","?","E","R","E","T","$","M","M","M","M","R","BOSS","M","M","M","$","M","R","M","R","T","R","$","?","M","?","R","BOSS"],"items_purchased_type":["Card","Card","Card","Relic","Card"],"build_version":"2020-12-13","purchased_purges":0,"victory":false,"max_hp_per_floor":[80,80,80,80,80,80,80,80,80,80,80,80,80,80,80,80,80,80,80,80,80,80,80,80,80,80,80,80,80,80,80,80,80,80],"card_choices":[{"not_picked":["Second Wind","Thunderclap"],"picked":"Twin Strike","floor":1},{"not_picked":["Sword Boomerang","Fire Breathing"],"picked":"Perfected Strike","floor":3},{"not_picked":["Headbutt","Flex"],"picked":"Hemokinesis","floor":4},{"not_picked":["Shockwave","Dropkick"],"picked":"Twin Strike","floor":5},{"not_picked":["Entrench","Thunderclap"],"picked":"Bloodletting","floor":6},{"not_picked":["Body Slam","Clash","Havoc"],"picked":"SKIP","floor":8},{"not_picked":["Havoc","Thunderclap"],"picked":"Cleave","floor":11},{"not_picked":["Disarm","Havoc","Iron Wave"],"picked":"SKIP","floor":12},{"not_picked":["Exhume","Headbutt"],"picked":"Armaments","floor":13},{"not_picked":["Shockwave","Bloodletting"],"picked":"Heavy Blade","floor":14},{"not_picked":["Juggernaut","Impervious"],"picked":"Berserk","floor":16},{"not_picked":["Headbutt","Flex+1","Warcry"],"picked":"SKIP","floor":18},{"not_picked":["Clothesline","Headbutt+1"],"picked":"Perfected Strike+1","floor":19},{"not_picked":["Clothesline","True Grit"],"picked":"Combust","floor":20},{"not_picked":["Warcry","Shockwave","Whirlwind"],"picked":"SKIP","floor":22},{"not_picked":["Reckless Charge","Dual Wield","Sword Boomerang"],"picked":"SKIP","floor":24},{"not_picked":["Anger","Cleave"],"picked":"Combust+1","floor":30},{"not_picked":["Dark Embrace","Pummel+1"],"picked":"Armaments","floor":31}],"player_experience":213491,"relics_obtained":[{"floor":6,"key":"Bottled Flame"},{"floor":8,"key":"Orichalcum"},{"floor":9,"key":"Ancient Tea Set"}],"event_choices":[{"damage_healed":0,"gold_gain":0,"player_choice":"Upgraded","damage_taken":0,"max_hp_gain":0,"max_hp_loss":0,"event_name":"Upgrade Shrine","floor":2,"gold_loss":0,"cards_upgraded":["Bash"]},{"damage_healed":0,"gold_gain":0,"player_choice":"Traded Relic","damage_taken":0,"relics_obtained":["Nloth\u0027s Gift"],"max_hp_gain":0,"max_hp_loss":0,"event_name":"N\u0027loth","floor":29,"relics_lost":["Sozu"],"gold_loss":0}],"is_beta":false,"boss_relics":[{"not_picked":["Runic Pyramid","Philosopher\u0027s Stone"],"picked":"Sozu"}],"items_purged_floors":[],"is_endless":false,"potions_floor_spawned":[1,4,11,13,14,19,20,22],"killed_by":"Champ","ascension_level":3}}