{"host":"esx1hwjnbftf3eqj","time":1608253458,"event":{"mods":["BaseMod","Colored Map","Minty Spire (QoL Compilation)","StSLib","Wandering Minibosses"],"gold_per_floor":[117,292,47,47,60,93,93,120,171,185,185,210,210,230,230,332,332,347,262,262,262,274,274,284,284,284,284,297,21,21,54,54,150,150,161,212,212,212,212,212,227,240,240,240,240,273,273,288,288,288,288,288,13,13,13],"floor_reached":54,"playtime":4361,"items_purged":["Doubt"],"score":1034,"play_id":"a8ee83f4-652a-4e1d-8919-1f08d48dfcc6","local_time":"20201217170418","is_ascension_mode":true,"campfire_choices":[{"data":"Zap","floor":7,"key":"SMITH"},{"data":"Buffer","floor":11,"key":"SMITH"},{"data":"Dualcast","floor":13,"key":"SMITH"},{"floor":15,"key":"REST"},{"data":"White Noise","floor":23,"key":"SMITH"},{"data":"Consume","floor":25,"key":"SMITH"},{"data":"Consume","floor":27,"key":"SMITH"},{"data":"Rainbow","floor":30,"key":"SMITH"},{"data":"Capacitor","floor":32,"key":"SMITH"},{"data":"Echo Form","floor":40,"key":"SMITH"},{"data":"Echo Form","floor":45,"key":"SMITH"},{"floor":47,"key":"RECALL"},{"data":"wanderingMiniBosses:FinaleOfPromise","floor":49,"key":"SMITH"},{"data":"Magnetism","floor":52,"key":"SMITH"}],"circlet_count":0,"master_deck":["Strike_B+1","Strike_B+1","Strike_B+1","Defend_B+1","Defend_B+1","Defend_B+1","Defend_B+1","Zap+1","Dualcast+1","Consume+1","White Noise+1","Ball Lightning","BootSequence","Auto Shields","FTL","Buffer+1","Reinforced Body","Conserve Battery","Buffer+1","BootSequence","Ball Lightning+1","Leap","FTL","Consume+1","Cold Snap","Conserve Battery+1","All For One","Self Repair","Rainbow+1","Conserve Battery","Capacitor+1","Echo Form+1","Conserve Battery+1","Cold Snap","Echo Form+1","Steam+1","Cold Snap","Magnetism+1","Meteor Strike","Steam","wanderingMiniBosses:FinaleOfPromise+1","Cold Snap","Hologram","Loop"],"relics":["Cracked Core","Runic Capacitor","Oddly Smooth Stone","Bag of Preparation","Omamori","White Beast Statue","Calling Bell","PreservedInsect","Symbiotic Virus","Prayer Wheel","Pear","Kunai","Coffee Dripper","Gambling Chip","Bottled Tornado","Torii","wanderingMiniBosses:Blackblade","Art of War"],"acts_visited":["Exordium","TheCity","TheBeyond","TheEnding"],"potions_floor_usage":[24,31,33,50,50],"damage_taken":[{"damage":8,"enemies":"Jaw Worm","floor":1,"turns":4},{"damage":1,"enemies":"2 Louse","floor":5,"turns":2},{"damage":20,"enemies":"Lagavulin","floor":6,"turns":5},{"damage":20,"enemies":"3 Sentries","floor":8,"turns":6},{"damage":0,"enemies":"Small Slimes","floor":10,"turns":2},{"damage":13,"enemies":"Gremlin Nob","floor":12,"turns":5},{"damage":0,"enemies":"2 Fungi Beasts","floor":14,"turns":3},{"damage":6,"enemies":"The Guardian","floor":16,"turns":9},{"damage":0,"enemies":"Spheric Guardian","floor":18,"turns":6},{"damage":26,"enemies":"3 Byrds","floor":22,"turns":6},{"damage":28,"enemies":"Snake Plant","floor":24,"turns":7},{"damage":8,"enemies":"Sentry and Sphere","floor":28,"turns":6},{"damage":0,"enemies":"Gremlin Leader","floor":31,"turns":6},{"damage":0,"enemies":"Champ","floor":33,"turns":9},{"damage":62,"enemies":"3 Darklings","floor":35,"turns":5},{"damage":5,"enemies":"2 Orb Walkers","floor":36,"turns":6},{"damage":2,"enemies":"Orb Walker","floor":41,"turns":4},{"damage":2,"enemies":"3 Darklings","floor":42,"turns":5},{"damage":13,"enemies":"Giant Head","floor":46,"turns":8},{"damage":27,"enemies":"Jaw Worm Horde","floor":48,"turns":8},{"damage":0,"enemies":"Donu and Deca","floor":50,"turns":7},{"damage":96,"enemies":"Shield and Spear","floor":54,"turns":5}],"seed_played":"4471783138652082143","potions_obtained":[{"floor":10,"key":"PotionOfCapacity"},{"floor":14,"key":"AttackPotion"},{"floor":16,"key":"Swift Potion"},{"floor":18,"key":"Explosive Potion"},{"floor":22,"key":"EssenceOfSteel"},{"floor":24,"key":"AttackPotion"},{"floor":28,"key":"DuplicationPotion"},{"floor":31,"key":"Fire Potion"},{"floor":33,"key":"SteroidPotion"},{"floor":35,"key":"Explosive Potion"},{"floor":41,"key":"Energy Potion"},{"floor":46,"key":"GamblersBrew"}],"is_trial":false,"path_per_floor":["M","?","$","?","M","E","R","E","T","M","R","E","R","M","R","B",null,"M","?","?","?","M","R","M","R","T","R","M","$","R","E","R","B",null,"M","?","?","?","?","R","M","M","T","?","R","E","R","M","R","B",null,"R","$","E"],"character_chosen":"DEFECT","items_purchased":["Runic Capacitor","Ball Lightning","Self Repair","Rainbow","Conserve Battery","Hologram","Art of War","Loop"],"campfire_rested":1,"item_purchase_floors":[3,3,29,29,29,53,53,53],"current_hp_per_floor":[67,67,67,72,71,51,51,31,31,31,31,18,18,18,42,36,80,80,90,90,90,64,64,36,36,36,36,28,28,28,35,35,42,90,28,30,30,79,79,79,77,75,75,75,75,76,76,56,56,63,79,79,79,0,0],"gold":13,"neow_bonus":"TRANSFORM_CARD","is_daily":false,"chose_seed":false,"campfire_upgraded":12,"win_rate":0.0,"timestamp":1608253458,"path_taken":["M","?","$","?","M","E","R","E","T","M","R","E","R","M","R","BOSS","M","?","?","?","M","R","M","R","T","R","M","$","R","E","R","BOSS","M","?","?","?","?","R","M","?","T","?","R","E","R","M","R","BOSS","R","$","E"],"items_purchased_type":["Relic","Card","Card","Card","Card","Card","Relic","Card"],"build_version":"2020-12-13","purchased_purges":1,"victory":false,"max_hp_per_floor":[75,75,75,80,80,80,80,80,80,80,80,80,80,80,80,80,80,80,90,90,90,90,90,90,90,90,90,90,90,90,90,90,90,90,90,90,90,79,79,79,79,79,79,79,79,79,79,79,79,79,79,79,79,79,79],"card_choices":[{"not_picked":["Hologram","Compile Driver"],"picked":"White Noise","floor":1},{"not_picked":["Stack","Go for the Eyes"],"picked":"BootSequence","floor":5},{"not_picked":["Chill","Reinforced Body"],"picked":"Auto Shields","floor":6},{"not_picked":["Reprogram","Blizzard"],"picked":"FTL","floor":8},{"not_picked":["Steam","Storm"],"picked":"Buffer","floor":10},{"not_picked":["Coolheaded","Reboot"],"picked":"Reinforced Body","floor":12},{"not_picked":["Rip and Tear","Compile Driver"],"picked":"Conserve Battery","floor":14},{"not_picked":["Core Surge","Multi-Cast"],"picked":"Buffer","floor":16},{"not_picked":["Cold Snap","Beam Cell+1"],"picked":"BootSequence","floor":18},{"not_picked":["Lockon+1","Hello World"],"picked":"Ball Lightning+1","floor":18},{"not_picked":["Beam Cell","Coolheaded"],"picked":"Leap","floor":22},{"not_picked":["Force Field","Rip and Tear"],"picked":"FTL","floor":22},{"not_picked":["Beam Cell","Barrage"],"picked":"Consume","floor":24},{"not_picked":["Stack","Steam Power"],"picked":"Cold Snap","floor":24},{"not_picked":["Beam Cell","Redo+1"],"picked":"Conserve Battery+1","floor":28},{"not_picked":["Reinforced Body","Loop"],"picked":"All For One","floor":28},{"not_picked":["Doom and Gloom","Turbo"],"picked":"Capacitor","floor":31},{"not_picked":["All For One","Multi-Cast"],"picked":"Echo Form","floor":33},{"not_picked":["Sunder","BootSequence"],"picked":"Conserve Battery+1","floor":35},{"not_picked":["Gash+1","Rebound+1","Steam Power"],"picked":"SKIP","floor":35},{"not_picked":["Loop","Turbo+1"],"picked":"Cold Snap","floor":36},{"not_picked":["Cold Snap+1","Barrage"],"picked":"Steam+1","floor":41},{"not_picked":["Beam Cell","Undo","Barrage"],"picked":"SKIP","floor":41},{"not_picked":["Consume","Gash"],"picked":"Cold Snap","floor":42},{"not_picked":["Compile Driver","Blizzard","Darkness"],"picked":"SKIP","floor":42},{"not_picked":["Jack Of All Trades","Swift Strike"],"picked":"Magnetism","floor":44},{"not_picked":["Rebound+1","Gash"],"picked":"Meteor Strike","floor":46},{"not_picked":["Turbo","Stack+1"],"picked":"Steam","floor":48},{"not_picked":[],"picked":"wanderingMiniBosses:FinaleOfPromise","floor":48},{"not_picked":["BootSequence","Rip and Tear"],"picked":"Cold Snap","floor":48}],"player_experience":440510,"relics_obtained":[{"floor":6,"key":"Oddly Smooth Stone"},{"floor":8,"key":"Bag of Preparation"},{"floor":9,"key":"Omamori"},{"floor":12,"key":"White Beast Statue"},{"floor":17,"key":"PreservedInsect"},{"floor":17,"key":"Symbiotic Virus"},{"floor":17,"key":"Prayer Wheel"},{"floor":31,"key":"Kunai"},{"floor":36,"key":"Gambling Chip"},{"floor":43,"key":"Bottled Tornado"},{"floor":46,"key":"Torii"},{"floor":48,"key":"wanderingMiniBosses:Blackblade"}],"event_choices":[{"damage_healed":0,"gold_gain":175,"player_choice":"AGREE","damage_taken":0,"max_hp_gain":0,"max_hp_loss":0,"event_name":"Liars Game","floor":2,"gold_loss":0,"cards_obtained":["Doubt"]},{"damage_healed":0,"gold_gain":0,"player_choice":"Donut","damage_taken":0,"max_hp_gain":5,"max_hp_loss":0,"event_name":"Big Fish","floor":4,"gold_loss":0},{"damage_healed":0,"gold_gain":0,"player_choice":"Obtained Relic","damage_taken":0,"relics_obtained":["Pear"],"max_hp_gain":0,"max_hp_loss":0,"event_name":"Addict","floor":19,"gold_loss":85},{"damage_healed":0,"gold_gain":0,"player_choice":"Simplicity","damage_taken":0,"max_hp_gain":0,"max_hp_loss":0,"event_name":"Back to Basics","floor":20,"gold_loss":0,"cards_upgraded":["Strike_B","Strike_B","Strike_B","Defend_B","Defend_B","Defend_B","Defend_B"]},{"damage_healed":0,"gold_gain":0,"player_choice":"Upgraded","damage_taken":0,"max_hp_gain":0,"max_hp_loss":0,"event_name":"Upgrade Shrine","floor":21,"gold_loss":0,"cards_upgraded":["Buffer"]},{"damage_healed":0,"gold_gain":0,"player_choice":"Fight","damage_taken":0,"max_hp_gain":0,"max_hp_loss":0,"event_name":"Mysterious Sphere","floor":36,"gold_loss":0},{"damage_healed":0,"gold_gain":0,"player_choice":"Ignored","damage_taken":0,"max_hp_gain":0,"max_hp_loss":0,"event_name":"Tomb of Lord Red Mask","floor":37,"gold_loss":0},{"damage_healed":79,"gold_gain":0,"player_choice":"Heal","damage_taken":0,"max_hp_gain":0,"max_hp_loss":11,"event_name":"The Moai Head","floor":38,"gold_loss":0},{"damage_healed":0,"gold_gain":0,"player_choice":"Copied","damage_taken":0,"max_hp_gain":0,"max_hp_loss":0,"event_name":"Duplicator","floor":39,"gold_loss":0,"cards_obtained":["Echo Form"]},{"damage_healed":0,"gold_gain":0,"player_choice":"Memory 1","damage_taken":0,"max_hp_gain":0,"max_hp_loss":0,"event_name":"SensoryStone","floor":44,"gold_loss":0}],"is_beta":false,"boss_relics":[{"not_picked":["Black Star","Nuclear Battery"],"picked":"Calling Bell"},{"not_picked":["Philosopher\u0027s Stone","Fusion Hammer"],"picked":"Coffee Dripper"}],"items_purged_floors":[3],"is_endless":false,"potions_floor_spawned":[10,14,16,18,22,24,28,31,33,35,36,41,42,46,48],"killed_by":"Shield and Spear","ascension_level":4}}