{"host":"n7cu66tz98nxrk0y","time":1608329079,"event":{"mods":["BaseMod","Colored Map","Colored Powertips","Highlight Path","Minty Spire (QoL Compilation)","StSLib","Twitch Utils"],"gold_per_floor":[110,121,140,157,81,81,94,94,121,148,148,148,165,180,180,284,284,301,400,400,248,265,123,133,133,156,186,198,63,63,74,74,179,179,193,193,193,205,205,205,205],"floor_reached":40,"playtime":1379,"items_purged":["Strike_B"],"score":388,"play_id":"644a71a6-332f-4164-9ce5-57382bc95daf","local_time":"20201218230439","is_ascension_mode":false,"campfire_choices":[{"data":"Zap","floor":6,"key":"SMITH"},{"data":"Dualcast","floor":8,"key":"SMITH"},{"data":"Reboot","floor":12,"key":"SMITH"},{"floor":15,"key":"REST"},{"data":"Storm","floor":25,"key":"SMITH"},{"floor":28,"key":"REST"},{"floor":32,"key":"REST"}],"circlet_count":0,"master_deck":["Strike_B","Strike_B","Defend_B","Defend_B","Defend_B","Defend_B","Zap+1","Dualcast+1","Conserve Battery","Ball Lightning","Heatsinks","Reboot+1","Conserve Battery","Storm+1","Hello World","Buffer","Beam Cell","Loop","Static Discharge","Buffer","Storm","Self Repair+1","Thunder Strike","Decay","Seek","Skim","Enlightenment","Defragment"],"relics":["Cracked Core","PreservedInsect","Dream Catcher","DataDisk","Philosopher\u0027s Stone","MutagenicStrength","MawBank","Nuclear Battery"],"acts_visited":["Exordium","TheCity","TheBeyond"],"potions_floor_usage":[16,16,24,31,33],"damage_taken":[{"damage":0,"enemies":"Cultist","floor":1,"turns":3},{"damage":0,"enemies":"2 Louse","floor":2,"turns":2},{"damage":5,"enemies":"Jaw Worm","floor":3,"turns":4},{"damage":1,"enemies":"2 Fungi Beasts","floor":4,"turns":4},{"damage":3,"enemies":"Looter","floor":7,"turns":2},{"damage":9,"enemies":"Lagavulin","floor":10,"turns":5},{"damage":0,"enemies":"Exordium Wildlife","floor":13,"turns":3},{"damage":0,"enemies":"2 Fungi Beasts","floor":14,"turns":3},{"damage":35,"enemies":"Hexaghost","floor":16,"turns":9},{"damage":6,"enemies":"Shell Parasite","floor":18,"turns":5},{"damage":0,"enemies":"Chosen","floor":22,"turns":5},{"damage":27,"enemies":"Sentry and Sphere","floor":24,"turns":4},{"damage":16,"enemies":"Snake Plant","floor":27,"turns":3},{"damage":14,"enemies":"Centurion and Healer","floor":31,"turns":5},{"damage":52,"enemies":"Collector","floor":33,"turns":7},{"damage":24,"enemies":"Orb Walker","floor":35,"turns":3},{"damage":45,"enemies":"3 Darklings","floor":38,"turns":4},{"damage":41,"enemies":"Reptomancer","floor":40,"turns":3}],"seed_played":"-9154292308915869424","potions_obtained":[{"floor":0,"key":"PotionOfCapacity"},{"floor":0,"key":"AttackPotion"},{"floor":0,"key":"Swift Potion"},{"floor":22,"key":"Swift Potion"},{"floor":24,"key":"Swift Potion"},{"floor":31,"key":"SteroidPotion"}],"is_trial":false,"path_per_floor":["M","M","M","M","$","R","M","R","T","E","?","R","M","M","R","B",null,"M","?","?","$","M","$","M","R","T","M","R","$","?","M","R","B",null,"M","?","?","M","?","E"],"character_chosen":"DEFECT","items_purchased":["Heatsinks","Loop","Buffer","Thunder Strike"],"campfire_rested":3,"item_purchase_floors":[5,21,23,29],"current_hp_per_floor":[75,75,70,69,69,69,66,66,66,57,39,39,39,39,61,26,75,69,69,69,69,69,69,42,42,42,26,48,48,48,44,66,24,75,61,61,61,16,16,0,0],"gold":205,"neow_bonus":"THREE_SMALL_POTIONS","is_daily":false,"chose_seed":false,"campfire_upgraded":4,"win_rate":0.0,"timestamp":1608329079,"path_taken":["M","M","?","M","?","R","?","R","T","E","?","R","M","M","R","BOSS","M","?","?","?","M","$","M","R","T","M","R","$","?","M","R","BOSS","M","?","?","M","?","E"],"items_purchased_type":["Card","Card","Card","Card"],"build_version":"2020-12-13","purchased_purges":1,"victory":false,"max_hp_per_floor":[75,75,75,75,75,75,75,75,75,75,75,75,75,75,75,75,75,75,75,75,75,75,75,75,75,75,75,75,75,75,75,75,75,75,75,75,75,75,75,75,75],"card_choices":[{"not_picked":["Go for the Eyes","Coolheaded"],"picked":"Conserve Battery","floor":1},{"not_picked":["Consume","Reinforced Body","Redo"],"picked":"SKIP","floor":2},{"not_picked":["Lockon","Barrage","Consume"],"picked":"SKIP","floor":3},{"not_picked":["Sweeping Beam","Streamline"],"picked":"Ball Lightning","floor":4},{"not_picked":["Scrape","Beam Cell"],"picked":"Reboot","floor":7},{"not_picked":["Consume","Compile Driver","Turbo"],"picked":"SKIP","floor":10},{"not_picked":["Fusion","Auto Shields"],"picked":"Conserve Battery","floor":13},{"not_picked":["Steam Power","Loop"],"picked":"Storm","floor":14},{"not_picked":["Steam","Genetic Algorithm"],"picked":"Hello World","floor":15},{"not_picked":["Thunder Strike","Hyperbeam"],"picked":"Buffer","floor":16},{"not_picked":["Steam Power","Streamline"],"picked":"Beam Cell","floor":18},{"not_picked":["Force Field","Hello World+1"],"picked":"Static Discharge","floor":22},{"not_picked":["Barrage","FTL","Hologram"],"picked":"SKIP","floor":24},{"not_picked":["Stack","Glacier+1"],"picked":"Storm","floor":27},{"not_picked":["Turbo+1","Conserve Battery"],"picked":"Self Repair+1","floor":28},{"not_picked":["Darkness","Chaos","Streamline"],"picked":"SKIP","floor":31},{"not_picked":["Echo Form","All For One"],"picked":"Seek","floor":33},{"not_picked":["Hologram+1","Ball Lightning+1"],"picked":"Skim","floor":35},{"not_picked":["Discovery","Jack Of All Trades"],"picked":"Enlightenment","floor":37},{"not_picked":["Glacier","FTL+1"],"picked":"Defragment","floor":38}],"player_experience":375764,"relics_obtained":[{"floor":9,"key":"PreservedInsect"},{"floor":10,"key":"Dream Catcher"},{"floor":26,"key":"MawBank"}],"event_choices":[{"damage_healed":0,"gold_gain":0,"player_choice":"Success","damage_taken":18,"relics_obtained":["DataDisk"],"max_hp_gain":0,"max_hp_loss":0,"event_name":"Scrap Ooze","floor":11,"gold_loss":0},{"damage_healed":0,"gold_gain":99,"player_choice":"Stole From Cult","damage_taken":0,"max_hp_gain":0,"max_hp_loss":0,"event_name":"Nest","floor":19,"gold_loss":0},{"damage_healed":0,"gold_gain":0,"player_choice":"Inject Mutagens","damage_taken":0,"relics_obtained":["MutagenicStrength"],"max_hp_gain":0,"max_hp_loss":0,"event_name":"Drug Dealer","floor":20,"gold_loss":0},{"damage_healed":0,"gold_gain":0,"player_choice":"Smashed Altar","damage_taken":0,"max_hp_gain":0,"max_hp_loss":0,"event_name":"Forgotten Altar","floor":30,"gold_loss":0,"cards_obtained":["Decay"]},{"cards_removed":["Strike_B"],"damage_healed":0,"gold_gain":0,"player_choice":"Removed Attack","damage_taken":0,"max_hp_gain":0,"max_hp_loss":0,"event_name":"Falling","floor":36,"gold_loss":0},{"damage_healed":0,"gold_gain":0,"player_choice":"Memory 1","damage_taken":0,"max_hp_gain":0,"max_hp_loss":0,"event_name":"SensoryStone","floor":37,"gold_loss":0},{"damage_healed":0,"gold_gain":0,"player_choice":"Ignored","damage_taken":0,"max_hp_gain":0,"max_hp_loss":0,"event_name":"Tomb of Lord Red Mask","floor":39,"gold_loss":0}],"is_beta":false,"boss_relics":[{"not_picked":["Cursed Key","Empty Cage"],"picked":"Philosopher\u0027s Stone"},{"not_picked":["Runic Dome","Astrolabe"],"picked":"Nuclear Battery"}],"items_purged_floors":[21],"is_endless":false,"potions_floor_spawned":[1,3,4,10,14,22,24,31],"killed_by":"Reptomancer","ascension_level":0}}