{"host":"6azrrw3tf7wb0f4b","time":1608273746,"event":{"mods":["BaseMod","DeckTracker","Minty Spire (QoL Compilation)","SuperFastMode"],"gold_per_floor":[110,121,132,145,68,68,68,83,159,191,208,208,242,204,204,309,309,323,103,122,133,146,146,146,177,200,200,200,235,252,264,264,363,363,377,390,400,415,315,315,334,334,357,375,375,375],"floor_reached":45,"playtime":1961,"items_purged":["Strike_G","Strike_G"],"score":730,"play_id":"45a5b8b1-0dbc-4497-8b33-9b7bfd5e2cc7","local_time":"20201218154226","is_ascension_mode":true,"campfire_choices":[{"data":"Noxious Fumes","floor":7.0,"key":"SMITH"},{"floor":12.0,"key":"REST"},{"floor":15.0,"key":"REST"},{"data":"Adrenaline","floor":23.0,"key":"SMITH"},{"floor":27.0,"key":"REST"},{"floor":32.0,"key":"REST"},{"data":"Envenom","floor":40.0,"key":"SMITH"},{"data":"Calculated Gamble","floor":42.0,"key":"SMITH"}],"circlet_count":0,"master_deck":["AscendersBane","Defend_G","Defend_G","Defend_G","Defend_G","Survivor","Neutralize+1","PiercingWail","Deadly Poison+1","Flying Knee","All Out Attack","Noxious Fumes+1","Blade Dance+1","Distraction","Predator","Adrenaline+1","Storm of Steel+1","Phantasmal Killer+1","A Thousand Cuts+1","Acrobatics","Expertise","After Image","Infinite Blades","Envenom+1","Slice+1","Prepared+1","Escape Plan","Footwork+1","Calculated Gamble+1"],"relics":["Ring of the Snake","Gambling Chip","Kunai","Oddly Smooth Stone","Mercury Hourglass","Astrolabe","Vajra","StrikeDummy","Bag of Marbles","War Paint","Ice Cream","WristBlade","Snake Skull"],"acts_visited":["Exordium","TheCity","TheBeyond"],"potions_floor_usage":[],"damage_taken":[{"damage":3.0,"enemies":"Jaw Worm","floor":1.0,"turns":6.0},{"damage":0.0,"enemies":"Cultist","floor":2.0,"turns":4.0},{"damage":0.0,"enemies":"2 Louse","floor":3.0,"turns":3.0},{"damage":8.0,"enemies":"Blue Slaver","floor":4.0,"turns":4.0},{"damage":5.0,"enemies":"Large Slime","floor":8.0,"turns":5.0},{"damage":19.0,"enemies":"Lagavulin","floor":10.0,"turns":7.0},{"damage":8.0,"enemies":"Gremlin Gang","floor":11.0,"turns":3.0},{"damage":29.0,"enemies":"Gremlin Nob","floor":13.0,"turns":4.0},{"damage":6.0,"enemies":"Hexaghost","floor":16.0,"turns":8.0},{"damage":9.0,"enemies":"Shell Parasite","floor":18.0,"turns":4.0},{"damage":6.0,"enemies":"3 Byrds","floor":20.0,"turns":3.0},{"damage":5.0,"enemies":"3 Cultists","floor":21.0,"turns":3.0},{"damage":9.0,"enemies":"Centurion and Healer","floor":22.0,"turns":3.0},{"damage":11.0,"enemies":"Book of Stabbing","floor":25.0,"turns":5.0},{"damage":1.0,"enemies":"Gremlin Leader","floor":29.0,"turns":4.0},{"damage":12.0,"enemies":"Cultist and Chosen","floor":30.0,"turns":3.0},{"damage":0.0,"enemies":"Snecko","floor":31.0,"turns":2.0},{"damage":22.0,"enemies":"Champ","floor":33.0,"turns":8.0},{"damage":1.0,"enemies":"Orb Walker","floor":35.0,"turns":2.0},{"damage":5.0,"enemies":"3 Darklings","floor":36.0,"turns":3.0},{"damage":0.0,"enemies":"Transient","floor":37.0,"turns":5.0},{"damage":9.0,"enemies":"Sphere and 2 Shapes","floor":38.0,"turns":3.0},{"damage":0.0,"enemies":"Jaw Worm Horde","floor":41.0,"turns":4.0},{"damage":14.0,"enemies":"Maw","floor":44.0,"turns":5.0},{"damage":30,"enemies":"Writhing Mass","floor":45,"turns":1}],"seed_played":"5293834945191408295","potions_obtained":[{"floor":10.0,"key":"Dexterity Potion"},{"floor":11.0,"key":"LiquidMemories"},{"floor":13.0,"key":"Swift Potion"},{"floor":25.0,"key":"Regen Potion"},{"floor":29.0,"key":"GamblersBrew"},{"floor":38.0,"key":"FearPotion"}],"is_trial":false,"path_per_floor":["M","M","M","M","$","?","R","M","T","E","M","R","E","?","R","B",null,"M","$","M","M","M","R","?","E","T","R","?","E","M","M","R","B",null,"M","M","M","M","$","R","M","R","T","M","M"],"character_chosen":"THE_SILENT","items_purchased":["Noxious Fumes","Vajra"],"campfire_rested":4,"item_purchase_floors":[5,19],"current_hp_per_floor":[60,60,60,52,52,52,52,47,47,28,20,41,12,12,33,27,59,50,50,44,39,30,30,30,19,19,40,40,39,27,27,48,26,59,58,53,53,44,44,44,44,44,44,30,0,0],"gold":375,"neow_bonus":"UPGRADE_CARD","is_daily":false,"chose_seed":false,"campfire_upgraded":4,"win_rate":0.0,"timestamp":1608273746,"path_taken":["M","M","M","M","$","?","R","M","T","E","?","R","E","?","R","BOSS","M","$","M","M","M","R","?","E","T","R","?","E","M","M","R","BOSS","M","M","M","?","$","R","?","R","T","M","M"],"items_purchased_type":["Card","Relic"],"build_version":"2020-12-13","purchased_purges":2,"victory":false,"max_hp_per_floor":[70,70,70,70,70,70,70,70,70,70,70,70,70,70,70,70,70,70,70,70,70,70,70,70,70,70,70,70,70,70,70,70,70,70,70,70,70,70,70,70,70,70,70,70,70,70],"card_choices":[{"not_picked":["Blade Dance","Deflect"],"picked":"PiercingWail","floor":1.0},{"not_picked":["Reflex","Slice"],"picked":"Deadly Poison","floor":2.0},{"not_picked":["Quick Slash","Concentrate"],"picked":"Flying Knee","floor":3.0},{"not_picked":["Poisoned Stab","Slice"],"picked":"All Out Attack","floor":4.0},{"not_picked":["Deflect","Prepared","Quick Slash"],"picked":"SKIP","floor":8.0},{"not_picked":["A Thousand Cuts","Acrobatics"],"picked":"Blade Dance","floor":10.0},{"not_picked":["Prepared","Poisoned Stab"],"picked":"Distraction","floor":11.0},{"not_picked":["Endless Agony","Deflect"],"picked":"Predator","floor":13.0},{"not_picked":["Doppelganger","Bullet Time"],"picked":"Adrenaline","floor":16.0},{"not_picked":["Sucker Punch","Underhanded Strike"],"picked":"Acrobatics","floor":18.0},{"not_picked":["Outmaneuver","Distraction"],"picked":"Expertise","floor":20.0},{"not_picked":["Dagger Throw","Outmaneuver","Eviscerate"],"picked":"SKIP","floor":21.0},{"not_picked":["Flechettes+1","Noxious Fumes","PiercingWail"],"picked":"SKIP","floor":22.0},{"not_picked":["Deflect+1","Finisher"],"picked":"After Image","floor":25.0},{"not_picked":["Eviscerate","Caltrops","Heel Hook"],"picked":"SKIP","floor":29.0},{"not_picked":["Deadly Poison","Underhanded Strike","Deflect"],"picked":"SKIP","floor":30.0},{"not_picked":["Dagger Spray","Choke"],"picked":"Infinite Blades","floor":31.0},{"not_picked":["Corpse Explosion","Grand Finale"],"picked":"Envenom","floor":33.0},{"not_picked":["Dagger Spray+1","Skewer+1"],"picked":"Slice+1","floor":35.0},{"not_picked":["PiercingWail","Poisoned Stab+1"],"picked":"Prepared+1","floor":36.0},{"not_picked":["Deflect","Finisher"],"picked":"Escape Plan","floor":37.0},{"not_picked":["Backflip+1","Slice"],"picked":"Footwork+1","floor":38.0},{"not_picked":["Well Laid Plans+1","Acrobatics"],"picked":"Calculated Gamble","floor":41.0},{"not_picked":["Setup","Dodge and Roll","Dash"],"picked":"SKIP","floor":44.0}],"player_experience":610766,"relics_obtained":[{"floor":6.0,"key":"Gambling Chip"},{"floor":9.0,"key":"Kunai"},{"floor":10.0,"key":"Oddly Smooth Stone"},{"floor":13.0,"key":"Mercury Hourglass"},{"floor":25.0,"key":"StrikeDummy"},{"floor":26.0,"key":"Bag of Marbles"},{"floor":29.0,"key":"Ice Cream"},{"floor":43.0,"key":"Snake Skull"}],"event_choices":[{"damage_healed":0.0,"max_hp_gain":0.0,"max_hp_loss":0.0,"gold_gain":0.0,"event_name":"Wheel of Change","player_choice":"Relic","floor":6.0,"gold_loss":0.0,"damage_taken":0.0},{"damage_healed":0.0,"max_hp_gain":0.0,"max_hp_loss":0.0,"gold_gain":0.0,"event_name":"World of Goop","player_choice":"Left Gold","floor":14.0,"gold_loss":38.0,"damage_taken":0.0},{"cards_removed":["Defend_G"],"damage_healed":0.0,"max_hp_gain":0.0,"max_hp_loss":0.0,"gold_gain":0.0,"event_name":"Back to Basics","player_choice":"Elegance","floor":24.0,"gold_loss":0.0,"damage_taken":0.0},{"damage_healed":0.0,"max_hp_gain":0.0,"max_hp_loss":0.0,"gold_gain":0.0,"event_name":"WeMeetAgain","player_choice":"Gave Potion","floor":28.0,"gold_loss":0.0,"damage_taken":0.0,"relics_obtained":["War Paint"]}],"is_beta":false,"boss_relics":[{"not_picked":["Ectoplasm","Ring of the Serpent"],"picked":"Astrolabe"},{"not_picked":["Empty Cage","Velvet Choker"],"picked":"WristBlade"}],"items_purged_floors":[19,39],"is_endless":false,"potions_floor_spawned":[10,11,13,16,18,25,29,33,35,38,41],"killed_by":"Writhing Mass","ascension_level":11}}