{"host":"ki5kvxn974a96omm","time":1608266185,"event":{"mods":["BaseMod","Colored Map","Colored Powertips","Downfall","Key Reminder","Minty Spire (QoL Compilation)","Relic Sorter","StSLib"],"gold_per_floor":[99,99,99,99,99,99,99,132,150,181,181,197,13,26,37,37,37],"floor_reached":16,"playtime":997,"items_purged":[],"score":140,"play_id":"5665fbb5-96b2-4b35-b20a-fc8e675a28fa","local_time":"20201217233625","is_ascension_mode":true,"campfire_choices":[{"data":"champ:Execute","floor":1,"key":"SMITH"},{"data":"champ:Taunt","floor":4,"key":"SMITH"}],"circlet_count":0,"master_deck":["champ:Strike+1","champ:Strike","champ:Strike","champ:Strike+1","champ:Defend+1","champ:Defend","champ:Defend","champ:Defend","champ:Execute+1","champ:Taunt+1","champ:AdrenalArmor","Regret","champ:Riposte","champ:Control","champ:Lariat","champ:BladeFlurry","champ:LastStand","champ:BringItOn","champ:PreciseThrust","champ:TornadoPunch","champ:Aggression","champ:DeathBlow","champ:FlashCut"],"relics":["champ:ChampionCrown","downfall:HeartsMalice","Sundial","Pear","keyreminder:keyreminder","Bottled Lightning"],"acts_visited":["Exordium"],"potions_floor_usage":[16],"damage_taken":[{"damage":0,"enemies":"Cultist","floor":2,"turns":1},{"damage":0,"enemies":"Jaw Worm","floor":6,"turns":1},{"damage":0,"enemies":"Lagavulin","floor":8,"turns":1},{"damage":11,"enemies":"2 Louse","floor":9,"turns":2},{"damage":25,"enemies":"Gremlin Nob","floor":10,"turns":4},{"damage":6,"enemies":"Red Slaver","floor":12,"turns":2},{"damage":14,"enemies":"downfall:FleeingMerchant","floor":13,"turns":4},{"damage":19,"enemies":"Blue Slaver","floor":14,"turns":4},{"damage":13,"enemies":"Exordium Thugs","floor":15,"turns":4},{"damage":96,"enemies":"downfall:Defect","floor":16,"turns":9}],"seed_played":"-4546489736700476326","potions_obtained":[{"floor":5,"key":"downfall:CursedFountainPotion"},{"floor":8,"key":"champ:OpenerPotion"},{"floor":11,"key":"ColorlessPotion"},{"floor":12,"key":"FairyPotion"}],"is_trial":false,"path_per_floor":["R","M","?","R","?","M","T","E","M","E","?","M","$","M","M","B"],"character_chosen":"THE_CHAMP","items_purchased":["champ:PreciseThrust","champ:TornadoPunch","champ:Aggression"],"campfire_rested":0,"item_purchase_floors":[13,13,13],"current_hp_per_floor":[90,90,90,90,90,90,90,100,100,86,86,80,78,69,61,0,0],"gold":37,"neow_bonus":"THREE_ENEMY_KILL","is_daily":false,"chose_seed":false,"campfire_upgraded":2,"win_rate":0.0,"timestamp":1608266185,"path_taken":["R","?","?","R","?","M","T","E","?","E","?","M","?","M","M","BOSS"],"items_purchased_type":["Card","Card","Card"],"build_version":"2020-12-13","purchased_purges":0,"victory":false,"max_hp_per_floor":[90,90,90,90,90,90,90,100,100,100,100,100,100,100,100,100,100],"card_choices":[{"not_picked":["champ:StanceDance","champ:Circumvent"],"picked":"champ:AdrenalArmor","floor":2},{"not_picked":["champ:RageSigil","champ:IronFortress"],"picked":"champ:Riposte","floor":6},{"not_picked":["champ:EndlessRage","champ:AdrenalArmor"],"picked":"champ:Control","floor":8},{"not_picked":["champ:FocusedBerserking","champ:Encircle"],"picked":"champ:Lariat","floor":9},{"not_picked":["champ:Balance","champ:BringItOn"],"picked":"champ:BladeFlurry","floor":10},{"not_picked":["champ:CrookedStrike","champ:RageSigil"],"picked":"champ:LastStand","floor":12},{"not_picked":["champ:Haymaker","champ:Balance"],"picked":"champ:BringItOn","floor":13},{"not_picked":["champ:FightOn","champ:BringItOn"],"picked":"champ:DeathBlow","floor":14},{"not_picked":["champ:GladiatorStyle","champ:DefensiveShout"],"picked":"champ:FlashCut","floor":15}],"player_experience":1856801,"relics_obtained":[{"floor":7,"key":"Sundial"},{"floor":8,"key":"Pear"},{"floor":10,"key":"Bottled Lightning"}],"event_choices":[{"damage_healed":0,"gold_gain":0,"player_choice":"Got Potions","damage_taken":0,"max_hp_gain":0,"max_hp_loss":0,"event_name":"Lab","floor":11,"gold_loss":0}],"is_beta":false,"boss_relics":[],"items_purged_floors":[],"is_endless":false,"potions_floor_spawned":[8,12,15],"killed_by":"downfall:Defect","ascension_level":1}}