{"host":"ieyuautd1s8ltypj","time":1608300184,"event":{"mods":["Act Like it!","BaseMod","Colored Powertips","Friendly Minions","Gensokyo","Hermit","Hubris","Infinite Spire","Jorbs\u0027s Wanderer Trilogy","Kiyohime????","Koishi","Marisa????????","Minty Spire (QoL Compilation)","Reimu??????","Remilia??????","Replay The Spire","StSLib","The Construct","The Cursed","The Disciple","The Hierophant","The Necromancer","The Servant 0.9.4"],"gold_per_floor":[109,109,128,128,144,144,4,4,4,14,14,46,58,85,85,182,182,194,204,204,220,65,98,98,127,127,165,8,8,23,40,40,40,40],"floor_reached":33,"playtime":1758,"items_purged":[],"score":347,"play_id":"0e1b648e-615b-405c-bb78-d1860812bf34","local_time":"20201219010304","is_ascension_mode":false,"campfire_choices":[{"data":"FitfulNightmare","floor":6,"key":"SMITH"},{"data":"ScarletShoot","floor":8,"key":"SMITH"},{"data":"NightDance","floor":11,"key":"SMITH"},{"data":"Gensokyo:LittleGreenMen","floor":24,"key":"SMITH"},{"floor":32,"key":"REST"}],"circlet_count":0,"master_deck":["Strike_RM","Strike_RM","Strike_RM","Strike_RM","Defend_RM","Defend_RM","Defend_RM","Defend_RM","RedMoon","ScarletShoot+1","FitfulNightmare+1","Amnesia","CharismaGuard","ForecastOfChange","NightDance+1","Maim","StarOfDavid","EquivalentExchange","ReincarnationDial","NightDance","Gensokyo:LittleGreenMen+1","MiserableFate+1","BadLadyScramble+1","UltimateOffering+1","RedNightlessCastle","BombardNight+1","BloodHunter+1"],"relics":["ScarletHat","PreservedInsect","ReplayTheSpireMod:Ring of Addiction","ReplayTheSpireMod:Ring of Collecting","hubris:EmptyBottle","Chameleon Ring","Gensokyo:NagashiBinaDoll","hubris:MedicalManual","Ring of Fury","Matryoshka","Pet Ghost","Replay:Bottled Snecko","hubris:GrandSneckoEye","Art of War","Meat on the Bone","infinitespire:EmpoweringShard","Ring of Hypnosis","infinitespire:Satchel","Replay:Ringing Soul","TentaclePot:ReiMu","hubris:Towel"],"acts_visited":["Exordium","Gensokyo:Gensokyo"],"potions_floor_usage":[3,12,14,14,14,16,23,25,25,25,27,31,33],"damage_taken":[{"damage":0,"enemies":"Gensokyo:3_Fairies","floor":1,"turns":3},{"damage":0,"enemies":"Gensokyo:Python","floor":3,"turns":2},{"damage":0,"enemies":"Gensokyo:2_Kodama","floor":5,"turns":6},{"damage":0,"enemies":"Gensokyo:Kitsune","floor":10,"turns":3},{"damage":1,"enemies":"Gensokyo:Aya","floor":12,"turns":6},{"damage":0,"enemies":"Gensokyo:LivingMonolith","floor":13,"turns":1},{"damage":9,"enemies":"Gensokyo:Cirno","floor":14,"turns":6},{"damage":26,"enemies":"Gensokyo:Reimu","floor":16,"turns":8},{"damage":5,"enemies":"Gensokyo:2_Gloops","floor":18,"turns":5},{"damage":35,"enemies":"Gensokyo:CosmicMonolith","floor":19,"turns":1},{"damage":3,"enemies":"Gensokyo:Slime_Group","floor":21,"turns":5},{"damage":30,"enemies":"Gensokyo:Tenshi","floor":23,"turns":5},{"damage":0,"enemies":"Gensokyo:Koishi","floor":25,"turns":3},{"damage":14,"enemies":"Gensokyo:Chomper_and_Gloop","floor":27,"turns":5},{"damage":11,"enemies":"Gensokyo:3_Gloops","floor":30,"turns":2},{"damage":21,"enemies":"Gensokyo:Wraith","floor":31,"turns":3},{"damage":80,"enemies":"Gensokyo:Kaguya","floor":33,"turns":5}],"seed_played":"8821874392639735247","potions_obtained":[{"floor":2,"key":"EssenceOfSteel"},{"floor":2,"key":"Ancient Potion"},{"floor":2,"key":"Fire Potion"},{"floor":12,"key":"GrandPatriotsElixir:ReiMu"},{"floor":15,"key":"Doom Potion"},{"floor":23,"key":"SteroidPotion"},{"floor":25,"key":"Reflective Coating"}],"is_trial":false,"path_per_floor":["M","?","M","?","M","R","?","R","T","M","R","E","M","E","R","B",null,"M","M","?","M","$","E","R","E","T","M","$","?","M","M","R","B"],"character_chosen":"REMILIA","items_purchased":["Art of War","TentaclePot:ReiMu"],"campfire_rested":1,"item_purchase_floors":[22,28],"current_hp_per_floor":[75,75,75,75,75,75,73,73,73,71,71,71,71,62,62,52,71,69,38,38,39,39,10,10,29,29,40,40,40,47,45,65,0,0],"gold":40,"neow_bonus":"RANDOM_COMMON_RELIC","is_daily":false,"chose_seed":false,"campfire_upgraded":4,"win_rate":0.0,"timestamp":1608300184,"path_taken":["M","?","M","?","M","R","?","R","T","M","R","E","?","E","R","BOSS","M","M","?","?","$","E","R","E","T","M","$","?","M","M","R","BOSS"],"items_purchased_type":["Relic","Relic"],"build_version":"2020-12-13","purchased_purges":0,"victory":false,"max_hp_per_floor":[75,75,75,75,75,75,73,73,73,71,71,71,71,71,71,71,71,71,71,63,63,63,61,61,61,61,64,64,64,67,68,68,68,68],"card_choices":[{"not_picked":["BloodHunter","VampireKiss"],"picked":"FitfulNightmare","floor":1},{"not_picked":["ChainGang","BlasphemousPunishment"],"picked":"CharismaGuard","floor":3},{"not_picked":["BloodyMagicSquare","CharismaGuard"],"picked":"ForecastOfChange","floor":5},{"not_picked":["Stigmanizer","UltimateOffering"],"picked":"NightDance","floor":10},{"not_picked":["GlobalNightmare","QueenOfMidnight"],"picked":"Maim","floor":12},{"not_picked":["DiffusionOfMisfortune","BombardNight"],"picked":"StarOfDavid","floor":13},{"not_picked":["ForecastOfChange","NightLord","Maim"],"picked":"SKIP","floor":14},{"not_picked":["BloodySeventeenLaser","HellCatastrophe"],"picked":"EquivalentExchange","floor":16},{"not_picked":["Stigmanizer","StarOfDavid"],"picked":"ReincarnationDial","floor":18},{"not_picked":["BloodyTrap","Stigmanizer"],"picked":"NightDance","floor":19},{"not_picked":["Gensokyo:MissMary","Gensokyo:RedCapeBlueCape"],"picked":"Gensokyo:LittleGreenMen","floor":20},{"not_picked":["NightLord","ReincarnationDial"],"picked":"MiserableFate+1","floor":21},{"not_picked":["ScarletSymphony","VampireKiss"],"picked":"BadLadyScramble+1","floor":23},{"not_picked":["BadLadyScramble","HellCatastrophe"],"picked":"UltimateOffering+1","floor":25},{"not_picked":["VampireKiss","ScarletSymphony"],"picked":"RedNightlessCastle","floor":27},{"not_picked":["NightDance","VampireClaw"],"picked":"BombardNight+1","floor":30},{"not_picked":["LeisurelyOfLord","StarOfDavid"],"picked":"BloodHunter+1","floor":31}],"player_experience":100013,"relics_obtained":[{"floor":2,"key":"ReplayTheSpireMod:Ring of Addiction"},{"floor":2,"key":"ReplayTheSpireMod:Ring of Collecting"},{"floor":2,"key":"hubris:EmptyBottle"},{"floor":2,"key":"Chameleon Ring"},{"floor":9,"key":"Ring of Fury"},{"floor":9,"key":"Matryoshka"},{"floor":12,"key":"Pet Ghost"},{"floor":14,"key":"Replay:Bottled Snecko"},{"floor":23,"key":"Meat on the Bone"},{"floor":25,"key":"infinitespire:EmpoweringShard"},{"floor":26,"key":"Ring of Hypnosis"},{"floor":26,"key":"infinitespire:Satchel"},{"floor":26,"key":"Replay:Ringing Soul"}],"event_choices":[],"is_beta":false,"boss_relics":[{"not_picked":["Philosopher\u0027s Stone","Runic Dome"],"picked":"hubris:GrandSneckoEye"}],"items_purged_floors":[],"is_endless":false,"potions_floor_spawned":[3,5,10,12,23,25,27],"killed_by":"Gensokyo:Kaguya","ascension_level":0}}