{"host":"1a32ffxog1zcqoh0","time":1608283171,"event":{"mods":["BaseMod","Block Reminder","Colored Map","Colored Powertips","Googly Eyes","Minty Spire (QoL Compilation)","Quick Restart","Rare Cards Sparkle","Relic Stats","StSLib","Unceasing Turn Reminder","everything is the same but u backflip on backflip","slay the spire mod where everything is the same but ironclad has a cowboy hat"],"gold_per_floor":[213,288,288,10,23,55,55,74,74,117,144,176,188,217,229,343,355,377,421,447,1,1,33,33,33,57,57,85,103,120,134,134,230,230,240,260,274,274,288,288,319,332,357,373,383,418,418,471,471,471,471],"floor_reached":50,"playtime":3712,"items_purged":["Strike_B","Defend_B"],"score":731,"play_id":"f278bc18-43a2-4f86-9182-76a19537e683","local_time":"20201218041931","is_ascension_mode":false,"campfire_choices":[{"data":"Zap","floor":7.0,"key":"SMITH"},{"data":"Chill","floor":15,"key":"SMITH"},{"data":"Coolheaded","floor":24,"key":"SMITH"},{"data":"Sweeping Beam","floor":27,"key":"SMITH"},{"data":"Ball Lightning","floor":32,"key":"SMITH"},{"data":"Streamline","floor":40,"key":"SMITH"},{"floor":47,"key":"REST"},{"data":"Cold Snap","floor":49,"key":"SMITH"}],"circlet_count":0,"master_deck":["Strike_B","Strike_B","Defend_B","Defend_B","Defend_B+1","Zap+1","Dualcast","Sweeping Beam","Rebound","Beam Cell","Steam+1","Chill+1","Ball Lightning+1","Streamline","Coolheaded+1","Biased Cognition+1","Beam Cell","Panacea","Go for the Eyes","Electrodynamics+1","Cold Snap+1","Blizzard","Gash","Sweeping Beam+1","Buffer+1","All For One","Streamline+1","Sweeping Beam+1","Storm+1","Rainbow+1","Barrage","Hologram+1","Parasite","Ball Lightning+1","Gash+1","Cold Snap+1","Self Repair+1"],"relics":["Cracked Core","PreservedInsect","Frozen Egg 2","MawBank","White Beast Statue","Busted Crown","Red Mask","Lee\u0027s Waffle","Toy Ornithopter","Strawberry","War Paint","Matryoshka","Nuclear Battery","Singing Bowl","Darkstone Periapt","Orichalcum","MealTicket","Calipers"],"acts_visited":["Exordium","TheCity","TheBeyond"],"potions_floor_usage":[16,16,18,20,23,28,33,33,33,36,39,41,41,44,45,45,45,48,48,50],"damage_taken":[{"damage":4.0,"enemies":"Small Slimes","floor":1.0,"turns":4.0},{"damage":1.0,"enemies":"2 Louse","floor":5.0,"turns":2.0},{"damage":0.0,"enemies":"Gremlin Nob","floor":6.0,"turns":2.0},{"damage":1.0,"enemies":"Cultist","floor":8.0,"turns":3.0},{"damage":0,"enemies":"3 Sentries","floor":10,"turns":5},{"damage":7,"enemies":"Blue Slaver","floor":11,"turns":2},{"damage":0,"enemies":"Gremlin Gang","floor":12,"turns":2},{"damage":3,"enemies":"Looter","floor":14,"turns":3},{"damage":16,"enemies":"Hexaghost","floor":16,"turns":7},{"damage":0,"enemies":"2 Thieves","floor":18,"turns":2},{"damage":0,"enemies":"Masked Bandits","floor":19,"turns":2},{"damage":0,"enemies":"3 Byrds","floor":20,"turns":3},{"damage":6,"enemies":"Book of Stabbing","floor":23,"turns":4},{"damage":5,"enemies":"Slavers","floor":28,"turns":3},{"damage":0,"enemies":"Cultist and Chosen","floor":29,"turns":5},{"damage":7,"enemies":"Shelled Parasite and Fungi","floor":30,"turns":4},{"damage":0,"enemies":"Centurion and Healer","floor":31,"turns":2},{"damage":9,"enemies":"Champ","floor":33,"turns":9},{"damage":5,"enemies":"3 Shapes","floor":35,"turns":4},{"damage":0,"enemies":"3 Darklings","floor":36,"turns":2},{"damage":0,"enemies":"Sphere and 2 Shapes","floor":37,"turns":5},{"damage":12,"enemies":"Writhing Mass","floor":39,"turns":4},{"damage":0,"enemies":"Nemesis","floor":41,"turns":5},{"damage":26,"enemies":"Spire Growth","floor":42,"turns":4},{"damage":9,"enemies":"Jaw Worm Horde","floor":44,"turns":4},{"damage":31,"enemies":"Writhing Mass","floor":45,"turns":4},{"damage":0,"enemies":"Giant Head","floor":46,"turns":7},{"damage":5,"enemies":"2 Orb Walkers","floor":48,"turns":4},{"damage":99,"enemies":"Awakened One","floor":50,"turns":9}],"seed_played":"-8880492875910848751","potions_obtained":[{"floor":5.0,"key":"Fire Potion"},{"floor":6.0,"key":"Ancient Potion"},{"floor":11,"key":"Strength Potion"},{"floor":12,"key":"Energy Potion"},{"floor":14,"key":"Regen Potion"},{"floor":16,"key":"SneckoOil"},{"floor":18,"key":"Fruit Juice"},{"floor":19,"key":"Strength Potion"},{"floor":20,"key":"Ancient Potion"},{"floor":23,"key":"ColorlessPotion"},{"floor":28,"key":"Ancient Potion"},{"floor":29,"key":"Explosive Potion"},{"floor":30,"key":"Fire Potion"},{"floor":31,"key":"Explosive Potion"},{"floor":33,"key":"PotionOfCapacity"},{"floor":35,"key":"ColorlessPotion"},{"floor":36,"key":"Strength Potion"},{"floor":37,"key":"Weak Potion"},{"floor":39,"key":"PotionOfCapacity"},{"floor":41,"key":"Dexterity Potion"},{"floor":42,"key":"LiquidMemories"},{"floor":44,"key":"ColorlessPotion"},{"floor":45,"key":"BlessingOfTheForge"},{"floor":46,"key":"SneckoOil"},{"floor":48,"key":"Explosive Potion"}],"is_trial":false,"path_per_floor":["M","?","?","$","M","E","R","M","T","E","M","M","?","M","R","B",null,"M","?","M","$","?","E","R","$","T","R","E","M","M","M","R","B",null,"M","M","M","?","M","R","E","M","T","M","M","E","R","?","R","B"],"character_chosen":"DEFECT","items_purchased":["Rebound","PreservedInsect","Gash","Sweeping Beam","Buffer+1","Lee\u0027s Waffle"],"campfire_rested":1,"item_purchase_floors":[4,4,21,21,21,21],"current_hp_per_floor":[71,60,60,60,59,59,59,58,58,58,51,51,51,48,48,47,75,80,80,80,87,87,88,88,88,88,88,88,88,81,81,81,87,94,89,94,94,94,82,82,94,70,70,66,52,52,82,87,87,0,0],"gold":471,"neow_bonus":"HUNDRED_GOLD","is_daily":false,"chose_seed":false,"campfire_upgraded":7,"win_rate":0.0,"timestamp":1608283171,"path_taken":["M","?","?","$","M","E","R","M","T","E","?","M","?","?","R","BOSS","M","?","M","$","?","E","R","$","T","R","E","?","M","M","R","BOSS","M","?","M","?","M","R","E","?","T","M","M","E","R","?","R","BOSS"],"items_purchased_type":["Card","Relic","Card","Card","Card","Relic"],"build_version":"2020-12-13","purchased_purges":2,"victory":false,"max_hp_per_floor":[75,75,75,75,75,75,75,75,75,75,75,75,75,75,75,75,75,80,80,80,87,87,94,94,94,94,94,94,94,94,94,94,94,94,94,94,94,94,94,94,96,98,98,98,100,100,100,100,100,100,100],"relic_stats":{"Darkstone Periapt":0,"Lee\u0027s Waffle":7,"Busted Crown":38,"Singing Bowl":6,"counters":[29,116],"MealTicket":0,"PreservedInsect":303,"War Paint":["Steam","Defend_B"],"Orichalcum":[36],"MawBank":144,"obtain_stats":[{"Darkstone Periapt":43,"Lee\u0027s Waffle":21,"Calipers":48,"Singing Bowl":41,"PreservedInsect":4,"Frozen Egg 2":6,"War Paint":26,"Orichalcum":43,"MawBank":9,"White Beast Statue":10,"Nuclear Battery":34,"Busted Crown":17,"Matryoshka":28,"Strawberry":23,"MealTicket":46,"Red Mask":19,"Cracked Core":0,"Toy Ornithopter":22},{"Darkstone Periapt":24,"Lee\u0027s Waffle":12,"Calipers":28,"Singing Bowl":23,"PreservedInsect":1,"Frozen Egg 2":3,"War Paint":13,"Orichalcum":24,"MawBank":4,"White Beast Statue":5,"Nuclear Battery":18,"Busted Crown":9,"Matryoshka":14,"Strawberry":13,"MealTicket":27,"Red Mask":11,"Cracked Core":0,"Toy Ornithopter":12},{"Darkstone Periapt":88,"Lee\u0027s Waffle":37,"Calipers":107,"Singing Bowl":84,"PreservedInsect":4,"Frozen Egg 2":8,"War Paint":41,"Orichalcum":88,"MawBank":11,"White Beast Statue":16,"Nuclear Battery":64,"Busted Crown":30,"Matryoshka":44,"Strawberry":41,"MealTicket":103,"Red Mask":34,"Cracked Core":0,"Toy Ornithopter":37}],"Toy Ornithopter":70},"card_choices":[{"not_picked":["Streamline","Conserve Battery"],"picked":"Sweeping Beam","floor":1.0},{"not_picked":["Barrage","Go for the Eyes"],"picked":"Beam Cell","floor":5.0},{"not_picked":["Sweeping Beam","Seek"],"picked":"Steam","floor":6.0},{"not_picked":["Sweeping Beam","Heatsinks+1"],"picked":"Chill","floor":8.0},{"not_picked":["Conserve Battery","Beam Cell"],"picked":"Ball Lightning","floor":10},{"not_picked":["Steam Power","Consume"],"picked":"Streamline","floor":11},{"not_picked":["Compile Driver","Streamline"],"picked":"Coolheaded","floor":12},{"not_picked":["Aggregate","Rebound"],"picked":"Go for the Eyes","floor":14},{"not_picked":["Reboot","Echo Form+1"],"picked":"Electrodynamics+1","floor":16},{"not_picked":["Reinforced Body+1"],"picked":"SKIP","floor":18},{"not_picked":[],"picked":"Cold Snap+1","floor":19},{"not_picked":[],"picked":"Blizzard","floor":20},{"not_picked":["Conserve Battery"],"picked":"SKIP","floor":23},{"not_picked":[],"picked":"All For One","floor":28},{"not_picked":[],"picked":"Streamline","floor":29},{"not_picked":[],"picked":"Sweeping Beam+1","floor":30},{"not_picked":[],"picked":"Storm+1","floor":31},{"not_picked":[],"picked":"Rainbow","floor":33},{"not_picked":[],"picked":"Barrage","floor":35},{"not_picked":["Reprogram"],"picked":"SKIP","floor":36},{"not_picked":[],"picked":"Hologram+1","floor":37},{"not_picked":[],"picked":"Ball Lightning+1","floor":39},{"not_picked":["Hologram+1"],"picked":"Singing Bowl","floor":41},{"not_picked":["Streamline"],"picked":"Singing Bowl","floor":42},{"not_picked":[],"picked":"Gash+1","floor":44},{"not_picked":["Blizzard+1"],"picked":"Singing Bowl","floor":45},{"not_picked":[],"picked":"Cold Snap","floor":46},{"not_picked":[],"picked":"Self Repair+1","floor":48}],"player_experience":233279,"relics_obtained":[{"floor":6.0,"key":"Frozen Egg 2"},{"floor":9.0,"key":"MawBank"},{"floor":10,"key":"White Beast Statue"},{"floor":19,"key":"Red Mask"},{"floor":23,"key":"Strawberry"},{"floor":26,"key":"War Paint"},{"floor":28,"key":"Matryoshka"},{"floor":41,"key":"Singing Bowl"},{"floor":43,"key":"Darkstone Periapt"},{"floor":43,"key":"Orichalcum"},{"floor":46,"key":"MealTicket"},{"floor":48,"key":"Calipers"}],"event_choices":[{"damage_healed":0.0,"max_hp_gain":0.0,"max_hp_loss":0.0,"gold_gain":75.0,"event_name":"World of Goop","player_choice":"Gather Gold","floor":2.0,"gold_loss":0.0,"damage_taken":11.0},{"cards_removed":["Strike_B"],"damage_healed":0.0,"max_hp_gain":0.0,"max_hp_loss":0.0,"gold_gain":0.0,"event_name":"Bonfire Elementals","player_choice":"Offered Basic","floor":3.0,"gold_loss":0.0,"damage_taken":0.0},{"damage_healed":0,"gold_gain":0,"player_choice":"3 cards matched","damage_taken":0,"max_hp_gain":0,"max_hp_loss":0,"event_name":"Match and Keep!","floor":13,"gold_loss":0,"cards_obtained":["Biased Cognition","Beam Cell","Panacea"]},{"damage_healed":0,"gold_gain":0,"player_choice":"Fought Bandits","damage_taken":0,"max_hp_gain":0,"max_hp_loss":0,"event_name":"Masked Bandits","floor":19,"gold_loss":0},{"damage_healed":0,"gold_gain":0,"player_choice":"Gave Potion","damage_taken":0,"relics_obtained":["Toy Ornithopter"],"max_hp_gain":0,"max_hp_loss":0,"event_name":"WeMeetAgain","floor":22,"gold_loss":0},{"damage_healed":0,"gold_gain":0,"player_choice":"Upgraded","damage_taken":0,"max_hp_gain":0,"max_hp_loss":0,"event_name":"Upgrade Shrine","floor":38,"gold_loss":0,"cards_upgraded":["Rainbow"]},{"damage_healed":0,"gold_gain":0,"player_choice":"Fight","damage_taken":0,"max_hp_gain":0,"max_hp_loss":0,"event_name":"Mysterious Sphere","floor":48,"gold_loss":0}],"is_beta":false,"boss_relics":[{"not_picked":["Ectoplasm","Philosopher\u0027s Stone"],"picked":"Busted Crown"},{"not_picked":["Runic Dome","Fusion Hammer"],"picked":"Nuclear Battery"}],"items_purged_floors":[4,21],"is_endless":false,"potions_floor_spawned":[5,6,11,12,14,16,18,19,20,23,28,29,30,31,33,35,36,37,39,41,42,44,45,46,48],"killed_by":"Awakened One","ascension_level":0}}