{"host":"izkte3iaxw6lzeie","time":1608269522,"event":{"mods":["BaseMod","Bestiary","Curses Come First","Minty Spire (QoL Compilation)","StSLib","egg"],"gold_per_floor":[119,134,134,152,11,11,46,56,83,100,100,118,128,154,154,154,154],"floor_reached":16,"playtime":749,"items_purged":[],"score":257,"play_id":"8096265b-2c3e-42b5-94cb-80e3de3d868b","local_time":"20201218003202","is_ascension_mode":true,"campfire_choices":[{"data":"WindmillStrike","floor":6.0,"key":"SMITH"},{"data":"Eruption","floor":15.0,"key":"SMITH"}],"circlet_count":0,"master_deck":["AscendersBane","Strike_P","Strike_P","Strike_P","Defend_P","Defend_P","Defend_P","Defend_P","Eruption+1","Vigilance","FlyingSleeves","Halt","WindmillStrike+1","Blasphemy","Crescendo","InnerPeace","CutThroughFate","Evaluate","Consecrate","EmptyBody"],"relics":["PureWater","Nunchaku","Happy Flower","Tiny Chest"],"acts_visited":["Exordium"],"potions_floor_usage":[16],"damage_taken":[{"damage":0.0,"enemies":"Small Slimes","floor":1.0,"turns":2.0},{"damage":7.0,"enemies":"Cultist","floor":2.0,"turns":3.0},{"damage":7.0,"enemies":"Jaw Worm","floor":4.0,"turns":3.0},{"damage":20.0,"enemies":"3 Sentries","floor":7.0,"turns":7.0},{"damage":0.0,"enemies":"2 Fungi Beasts","floor":8.0,"turns":2.0},{"damage":0.0,"enemies":"3 Louse","floor":10.0,"turns":2.0},{"damage":16.0,"enemies":"Exordium Wildlife","floor":12.0,"turns":3.0},{"damage":1.0,"enemies":"2 Fungi Beasts","floor":13.0,"turns":3.0},{"damage":0.0,"enemies":"Lagavulin","floor":14.0,"turns":4.0},{"damage":18,"enemies":"Hexaghost","floor":16,"turns":9}],"seed_played":"-5858149713449448230","potions_obtained":[{"floor":1.0,"key":"FearPotion"},{"floor":2.0,"key":"Fire Potion"},{"floor":10.0,"key":"Dexterity Potion"},{"floor":12.0,"key":"PowerPotion"},{"floor":14.0,"key":"FearPotion"}],"is_trial":false,"path_per_floor":["M","M","?","M","$","R","E","M","T","M","?","M","M","E","R","B"],"character_chosen":"WATCHER","items_purchased":["Blasphemy","Crescendo"],"campfire_rested":0,"item_purchase_floors":[5,5],"current_hp_per_floor":[61,54,54,47,47,47,27,27,27,27,32,16,15,15,15,0,0],"gold":154,"neow_bonus":"RANDOM_COMMON_RELIC","is_daily":false,"chose_seed":false,"campfire_upgraded":2,"win_rate":0.0,"timestamp":1608269522,"path_taken":["M","M","?","?","$","R","E","M","T","M","?","M","M","E","R","BOSS"],"items_purchased_type":["Card","Card"],"build_version":"2020-12-13","purchased_purges":0,"victory":false,"max_hp_per_floor":[68,68,68,68,68,68,68,68,68,68,73,73,73,73,73,73,73],"card_choices":[{"not_picked":["Indignation","PathToVictory"],"picked":"FlyingSleeves","floor":1.0},{"not_picked":["Prostrate","Crescendo"],"picked":"Halt","floor":2.0},{"not_picked":["ReachHeaven","Halt"],"picked":"WindmillStrike","floor":4.0},{"not_picked":["SpiritShield","CarveReality"],"picked":"InnerPeace","floor":7.0},{"not_picked":["WheelKick","CarveReality"],"picked":"CutThroughFate","floor":8.0},{"not_picked":["FlyingSleeves","Swivel"],"picked":"Evaluate","floor":10.0},{"not_picked":["Perseverance","Wallop"],"picked":"Consecrate","floor":12.0},{"not_picked":["SashWhip","Alpha","Meditate"],"picked":"SKIP","floor":13.0},{"not_picked":["JustLucky","CutThroughFate"],"picked":"EmptyBody","floor":14.0}],"player_experience":1664237,"relics_obtained":[{"floor":7.0,"key":"Happy Flower"},{"floor":14.0,"key":"Tiny Chest"}],"event_choices":[{"cards_removed":["Strike_P"],"damage_healed":0.0,"max_hp_gain":0.0,"max_hp_loss":0.0,"gold_gain":0.0,"event_name":"Purifier","player_choice":"Purged","floor":3.0,"gold_loss":0.0,"damage_taken":0.0},{"damage_healed":0.0,"max_hp_gain":5.0,"max_hp_loss":0.0,"gold_gain":0.0,"event_name":"Big Fish","player_choice":"Donut","floor":11.0,"gold_loss":0.0,"damage_taken":0.0}],"is_beta":false,"boss_relics":[],"items_purged_floors":[],"is_endless":false,"potions_floor_spawned":[1,2,10,12,14],"killed_by":"Hexaghost","ascension_level":17}}