{"host":"d8hh7rr4yzitjeuj","time":1608297026,"event":{"mods":["2.2 Compatiblity","AchievementEnabler","BaseMod","CapriCore","Colored Map","Colored Powertips","Highlight Path","Keyboard Shortcuts","Minty Spire (QoL Compilation)","Permanent Neow","Quick Restart","StSLib","SuperFastMode"],"gold_per_floor":[109,128,128,146,159,159,194,206,206,206,240,240,315,331,331,405,405,419,438,310,325,235,235,235,235],"floor_reached":24,"playtime":1126,"items_purged":["Hello World","Sweeping Beam+1"],"score":466,"play_id":"af05c678-342b-4452-8a99-2ec0bea8eebc","local_time":"20201218221026","is_ascension_mode":true,"campfire_choices":[{"data":"Coolheaded","floor":6.0,"key":"SMITH"},{"data":"White Noise","floor":10,"key":"SMITH"},{"data":"Seek","floor":12,"key":"SMITH"},{"floor":15,"key":"REST"},{"floor":23,"key":"REST"}],"circlet_count":0,"master_deck":["AscendersBane","Zap","Dualcast","Reboot","Buffer","Echo Form","Recycle","Undo","White Noise+1","Defragment","Coolheaded+1","Turbo","Loop","Seek+1","Coolheaded","Creative AI","Tempest+1","Genetic Algorithm+1","Capacitor","BootSequence","Storm"],"relics":["Pandora\u0027s Box","Question Card","DataDisk","Smiling Mask","Cables","Astrolabe"],"acts_visited":["Exordium","TheCity"],"potions_floor_usage":[18],"damage_taken":[{"damage":0.0,"enemies":"Jaw Worm","floor":1.0,"turns":5.0},{"damage":0.0,"enemies":"Cultist","floor":2.0,"turns":4.0},{"damage":0.0,"enemies":"2 Louse","floor":4.0,"turns":2.0},{"damage":0.0,"enemies":"Large Slime","floor":5.0,"turns":4.0},{"damage":10,"enemies":"Gremlin Nob","floor":7,"turns":6},{"damage":0,"enemies":"Blue Slaver","floor":8,"turns":5},{"damage":0,"enemies":"Lagavulin","floor":11,"turns":8},{"damage":5,"enemies":"3 Louse","floor":14,"turns":4},{"damage":1,"enemies":"The Guardian","floor":16,"turns":12},{"damage":26,"enemies":"3 Byrds","floor":18,"turns":3},{"damage":20,"enemies":"Shell Parasite","floor":19,"turns":8},{"damage":6,"enemies":"3 Cultists","floor":21,"turns":3},{"damage":34,"enemies":"Chosen and Byrds","floor":24,"turns":3}],"seed_played":"-8592860981170168766","potions_obtained":[{"floor":4.0,"key":"Weak Potion"},{"floor":7,"key":"Dexterity Potion"},{"floor":18,"key":"SpeedPotion"},{"floor":21,"key":"BlessingOfTheForge"}],"is_trial":false,"path_per_floor":["M","M","?","M","M","R","E","M","T","R","E","R","?","M","R","B",null,"M","M","$","M","$","R","M"],"character_chosen":"DEFECT","items_purchased":["BootSequence","Storm"],"campfire_rested":2,"item_purchase_floors":[20,22],"current_hp_per_floor":[64,64,46,46,46,46,36,36,36,36,36,36,25,20,41,40,63,37,17,17,11,11,32,0,0],"gold":235,"neow_bonus":"BOSS_RELIC","is_daily":false,"chose_seed":false,"campfire_upgraded":3,"win_rate":0.0,"timestamp":1608297026,"path_taken":["M","M","?","M","M","R","E","M","T","R","E","R","?","?","R","BOSS","M","?","$","M","$","R","M"],"items_purchased_type":["Card","Card"],"build_version":"2020-12-13","purchased_purges":2,"victory":false,"max_hp_per_floor":[71,71,71,71,71,71,71,71,71,71,71,71,71,71,71,71,71,71,71,71,71,71,71,71,71],"card_choices":[{"not_picked":["Blizzard","Stack"],"picked":"Sweeping Beam","floor":1.0},{"not_picked":["Turbo","Redo"],"picked":"Defragment","floor":2.0},{"not_picked":["Cold Snap","Leap","Chaos"],"picked":"Hologram","floor":4.0},{"not_picked":["Turbo","Chaos","Leap"],"picked":"Coolheaded","floor":5.0},{"not_picked":["Multi-Cast","Undo","Redo"],"picked":"Turbo","floor":7},{"not_picked":["Doom and Gloom","Gash","Rebound"],"picked":"Loop","floor":8},{"not_picked":["Reinforced Body","Blizzard","Skim"],"picked":"Seek","floor":11},{"not_picked":["Undo","Melter","Gash"],"picked":"Coolheaded","floor":14},{"not_picked":["Fission","Echo Form","Machine Learning"],"picked":"Creative AI","floor":16},{"not_picked":["Barrage","Go for the Eyes+1","Gash"],"picked":"Capacitor","floor":18},{"not_picked":["Beam Cell","Conserve Battery","Turbo","Ball Lightning"],"picked":"SKIP","floor":19},{"not_picked":["Turbo","Double Energy","Rebound+1","Redo"],"picked":"SKIP","floor":21}],"player_experience":1361497,"relics_obtained":[{"floor":7,"key":"DataDisk"},{"floor":9,"key":"Smiling Mask"},{"floor":11,"key":"Cables"}],"event_choices":[{"damage_healed":0.0,"max_hp_gain":0.0,"max_hp_loss":0.0,"gold_gain":0.0,"event_name":"Scrap Ooze","player_choice":"Success","floor":3.0,"gold_loss":0.0,"damage_taken":18.0,"relics_obtained":["Question Card"]},{"damage_healed":0,"gold_gain":75,"player_choice":"Gather Gold","damage_taken":11,"max_hp_gain":0,"max_hp_loss":0,"event_name":"World of Goop","floor":13,"gold_loss":0}],"is_beta":false,"boss_relics":[{"not_picked":["Black Star","Fusion Hammer"],"picked":"Astrolabe"}],"items_purged_floors":[20,22],"is_endless":false,"potions_floor_spawned":[4,7,14,16,18,21],"killed_by":"Chosen and Byrds","ascension_level":20}}