{"host":"t7rtdu4954o308h4","time":1608283658,"event":{"mods":["AchievementEnabler","Act Like it!","BaseMod","Conspire","Library of Ruina","Library of Ruina Extra","Minty Spire (QoL Compilation)","MostiFishMod","Replay The Spire","StSLib","TestMod","Waifu the Spire","【功能Mod】聪明的最终Boss","【遗物卡牌】REMEMod"],"gold_per_floor":[116,130,147,147,147,181,201,56,105,142,165,165,208,227,227,337,346,365,394,421,440,24,62,2,2,2,2,17,55,84,121,121,173,173,236,2,2,56,122,188,188,266,266,266,306,51,83,157,157,242,246,246,246,50,85,92],"floor_reached":57,"playtime":2609,"items_purged":["DegradedFairy"],"score":2079,"play_id":"a3edc76a-26de-4d14-9c47-f1a442a52e4d","local_time":"20201218172737","is_ascension_mode":true,"campfire_choices":[{"data":"BackAttack","floor":12,"key":"SMITH"},{"data":"Decapitation","floor":15,"key":"SMITH"},{"data":"MostiFishMod:NightSea","floor":25,"key":"SMITH"},{"data":"GutHarvesting","floor":32,"key":"SMITH"},{"data":"SomberProcuration","floor":41,"key":"SMITH"},{"floor":49,"key":"RECALL"},{"data":"Unlock1","floor":53,"key":"SMITH"}],"circlet_count":0,"master_deck":["DegradedFairy","DegradedFairy","DegradedChain","DegradedChain","DegradedLock","DegradedPillar","DegradedPillar","DegradedShockwave","Transpierce","Unlock1+1","BackAttack+1","WillProduceFineSilk","GoinFirst","SilentNight","Outburst","GaleKick","Decapitation+1","Overpower","UnforgettableMelody","AbeCurse","ChopItOff","ToWhereThePrescriptPoints","SparkingSpear+1","MostiFishMod:NightSea+1","HardRehearsal","GutHarvesting+1","FrontalAssault+1","SomberProcuration+1","Deflect_lor","SkyClearingCut+1","EmotionalTurbulence","Faith","Tailoring","testmod-Reverberation","WaitUp+1","testmod-AutoReboundSystem","MostiFishMod:JungleRules","MostiFishMod:MusicBox","MostiFishMod:FantasySummer"],"relics":["PageOfLibrarian","DaveBox","testmod-TestBox","REME_ComplimentaryCards","testmod-DragonStarHat","ShadowXiaoBlade","Question Card","Replay:Ringing Soul","CeramicFish","Bag of Preparation","Regal Pillow","ReplayTheSpireMod:TigerMarble","ImportantClient","Abe\u0027s Treasure","ReplayTheSpireMod:CursedCoin","conspire:DeflatedDodgeball","FossilizedHelix","Art of War","PreservedInsect","testmod-Antiphasic","RhineSuit","testmod-AssaultLearning","Bronze Scales","Bottled Tornado","testmod-TheFather","PageOfSnowWhitesApple","PageOfLittleHelper","Bag of Marbles","ReplayTheSpireMod:ShopPack","testmod-CasingShield"],"acts_visited":["Exordium","TheCity","TheBeyond","TheEnding"],"potions_floor_usage":[],"damage_taken":[{"damage":0,"enemies":"Cultist","floor":1,"turns":2},{"damage":0,"enemies":"Jaw Worm","floor":2,"turns":1},{"damage":3,"enemies":"conspire:RoseBush","floor":3,"turns":1},{"damage":0,"enemies":"Replay:BlueRogue","floor":6,"turns":1},{"damage":0,"enemies":"Gremlin Gang","floor":7,"turns":1},{"damage":0,"enemies":"Gremlin Nob","floor":10,"turns":2},{"damage":0,"enemies":"2 Fungi Beasts","floor":11,"turns":1},{"damage":0,"enemies":"Replay:BlueRogue","floor":13,"turns":1},{"damage":0,"enemies":"conspire:2 RoseBushes","floor":14,"turns":1},{"damage":30,"enemies":"Hexaghost","floor":16,"turns":3},{"damage":0,"enemies":"3 Byrds","floor":18,"turns":2},{"damage":0,"enemies":"conspire:FuzzyDice","floor":19,"turns":1},{"damage":0,"enemies":"Shelled Parasite and Fungi","floor":20,"turns":2},{"damage":10,"enemies":"conspire:HollyBat","floor":21,"turns":4},{"damage":0,"enemies":"Replay:Snechameleon","floor":23,"turns":3},{"damage":16,"enemies":"Snake Plant","floor":28,"turns":2},{"damage":0,"enemies":"conspire:SneckoGhost","floor":29,"turns":2},{"damage":0,"enemies":"Snecko","floor":30,"turns":1},{"damage":0,"enemies":"Slavers","floor":31,"turns":1},{"damage":1,"enemies":"Champ","floor":33,"turns":4},{"damage":0,"enemies":"Orb Walker","floor":35,"turns":1},{"damage":0,"enemies":"3 Shapes","floor":38,"turns":3},{"damage":0,"enemies":"Sphere and 2 Shapes","floor":39,"turns":1},{"damage":0,"enemies":"Nemesis","floor":40,"turns":1},{"damage":0,"enemies":"R_Hoarder","floor":42,"turns":1},{"damage":0,"enemies":"Nemesis","floor":45,"turns":2},{"damage":0,"enemies":"3 Darklings","floor":47,"turns":4},{"damage":6,"enemies":"4 Shapes","floor":48,"turns":2},{"damage":27,"enemies":"Time Eater","floor":50,"turns":19},{"damage":0,"enemies":"Time Eater","floor":51,"turns":3},{"damage":0,"enemies":"Shield and Spear","floor":55,"turns":1},{"damage":54,"enemies":"The Heart","floor":56,"turns":5}],"seed_played":"5857451162028807537","potions_obtained":[{"floor":3,"key":"Explosive Potion"},{"floor":6,"key":"Elixir"},{"floor":11,"key":"Block Potion"},{"floor":31,"key":"SkillPotion"},{"floor":38,"key":"SkillPotion"},{"floor":47,"key":"AttackPotion"}],"is_trial":false,"path_per_floor":["M","M","M","?","$","E","M","$","T","E","M","R","E","M","R","B",null,"M","M","M","M","$","E","$","R","T","?","M","E","M","E","R","B",null,"M","$","?","M","M","E","R","E","T","?","E","$","M","M","R","B",null,null,"R","$","E","B",null],"character_chosen":"Librarian","items_purchased":["CeramicFish","ReplayTheSpireMod:CursedCoin","conspire:DeflatedDodgeball","FossilizedHelix","MostiFishMod:NightSea","testmod-AssaultLearning","Bronze Scales","Bag of Marbles","testmod-Reverberation","testmod-AutoReboundSystem","ReplayTheSpireMod:ShopPack"],"campfire_rested":0,"item_purchase_floors":[8,22,22,22,22,36,36,46,46,54,54],"current_hp_per_floor":[60,60,57,57,57,60,60,60,60,63,66,66,69,72,72,45,111,114,117,120,110,113,116,116,116,116,116,100,103,106,109,109,115,138,141,141,141,141,144,144,144,147,147,147,150,153,153,150,150,130,130,157,157,160,160,106],"gold":92,"neow_bonus":"ONE_RANDOM_RARE_CARD","is_daily":false,"chose_seed":false,"campfire_upgraded":6,"win_rate":0.0,"timestamp":1608283657,"path_taken":["M","M","?","?","$","E","M","$","T","E","M","R","E","M","R","BOSS","M","?","M","M","$","E","?","R","T","?","M","E","?","E","R","BOSS","M","$","?","M","M","E","R","E","T","?","E","$","M","M","R","BOSS","R","$","E","BOSS"],"items_purchased_type":["Relic","Relic","Relic","Relic","Card","Relic","Relic","Relic","Card","Card","Relic"],"build_version":"2020-12-13","purchased_purges":1,"victory":true,"max_hp_per_floor":[90,90,90,90,90,93,93,93,93,96,99,99,102,105,105,108,111,114,117,120,120,123,126,126,126,126,126,126,129,132,135,135,138,138,141,141,141,141,144,144,144,147,147,147,150,153,153,156,156,157,157,157,157,160,160,160],"card_choices":[{"not_picked":["BlowItUp","Rewind","StructuralAnalysis","Quickness","BackAttack","CircusKnives","ForcefulGesture","EndlessBattle"],"picked":"Unlock1","floor":1},{"not_picked":["Diversion","Eliminate","AsThePrescriptOrders","SkyClearingCut","HandleRequest","SpearedSweep","LoosenUp","SunsetBlade","StructuralAnalysis"],"picked":"BackAttack","floor":2},{"not_picked":["HighKick","MindPrepared","ForTheFamily","ReadyUp","SuppressingShot","Thrust","WrathOfTorment","FleetEdge","SpearedSweep"],"picked":"WillProduceFineSilk","floor":3},{"not_picked":["FrontalAssault","DirtyBlow","ToWhereThePrescriptPoints","HighKick","SharpenedBlade","KeepItFresh","SharpSwipe","BiteOff","YourShield"],"picked":"SilentNight","floor":6},{"not_picked":["SearingSword","DarkCloud","FleetFootsteps","FleetEdge","MultiBlock","UpbeatPerformance","Wallop_lor","SuppressingShot","HandleRequest","MultiHit"],"picked":"SKIP","floor":7},{"not_picked":["Feast","PreparedMind","DaringDecision","PreemptiveStrike","AsThePrescriptOrders","ExtremeEdge","Ripple","CumulusWall","FleetEdge"],"picked":"Outburst","floor":10},{"not_picked":["EndlessBattle","UnavoidableGaze","BladeWhirl","FierceCharge","FleetFootsteps","MultiHit","AbsorbImpact","TrimTheIngredients","SharpenedBlade"],"picked":"GaleKick","floor":11},{"not_picked":["StructuralAnalysis","TheRedNotes","AsThePrescriptOrders","ClassAndRespect","SpearedSweep","BladeWhirl","YouOnlyLiveOnce","AutomatedMovement","Execute_lor"],"picked":"Decapitation","floor":13},{"not_picked":["Wallop_lor","SparkingSpear","Thirst","Outburst","UnavoidableGaze","StartinOutLightly","DefenseOrder","TendonChords","UpbeatPerformance"],"picked":"Overpower","floor":14},{"not_picked":["Observe","Decapitation","LeRegole"],"picked":"UnforgettableMelody","floor":16},{"not_picked":["ChopItOff","EnergyCycle+1","EndlessBattle","Retaliate","SharpSwipe+1","EnergyConversion","GuardingStance+1","Rewind","WillBeTasty","Slice_lor"],"picked":"SKIP","floor":18},{"not_picked":["EnergyCycle+1","EndlessBattle","Retaliate","SharpSwipe+1","EnergyConversion","GuardingStance+1","Rewind","WillBeTasty","Slice_lor"],"picked":"ChopItOff","floor":18},{"not_picked":["UnavoidableGaze","Rewind+1","LawAndOrder","Pound","PreemptiveStrike","FleetFootsteps","Eject+1","Reload","QuickAttack"],"picked":"ToWhereThePrescriptPoints","floor":19},{"not_picked":["SunsetBlade","UnavoidableGaze","ShockingBlow","Multislash","Pound","Execute_lor","Decapitation","SharpSwipe+1","Eliminate"],"picked":"SparkingSpear+1","floor":20},{"not_picked":["ClassAndRespect","PreemptiveStrike","FeelinGood+1","Fence","Overpower","DefenseOrder+1","UnavoidableGaze","Retaliate","UpbeatPerformance","Diversion"],"picked":"SKIP","floor":21},{"not_picked":["Struggle","SummaryJudgment","EnergyCycle+1","SkyClearingCut","EnergyShield","FleetEdge","SpearedSweep","FlashOfSunup+1","SmokingPipe"],"picked":"HardRehearsal","floor":23},{"not_picked":["DesperateStruggle+1","YourShield","SharpSwipe+1","TendonChords","HiddenBlade+1","TimeForALittleTest","Diversion","BackAttack+1","Mutilate","ClassAndRespect"],"picked":"SKIP","floor":28},{"not_picked":["LoosenUp","BoundaryOfDeath","Gamble","HandlingWork","Fence+1","Gigigig+1","Reload","FleetFootsteps","DarkCloud"],"picked":"GutHarvesting","floor":29},{"not_picked":["MultiBlock+1","StructuralAnalysis+1","GuidanceOfTheGears+1","TimeForALittleTest+1","SpearedSweep+1","AutonomousRush","Brawl","ClassAndRespect+1","InhaleSmoke"],"picked":"FrontalAssault+1","floor":30},{"not_picked":["Preparation","Overpower+1","Leap_lor","GuardingStance+1","DarkCloud","Retaliate","FleetEdge","Bvapour","MultiBlock"],"picked":"SomberProcuration","floor":31},{"not_picked":["Punishment","RipSpace","Cruelty"],"picked":"Deflect_lor","floor":33},{"not_picked":["QuickAttack+1","SunsetBlade+1","SmokingPipe","ForcefulGesture+1","Multislash","WillOfThePrescript","TendonChords","GuardingStance+1","Outburst+1"],"picked":"SkyClearingCut+1","floor":35},{"not_picked":["AsThePrescriptOrders","Unlock1+1","HighSpeedStabbing+1","Diversion","EnergyShield","Parry+1","UnavoidableGaze+1","Fence","StructuralAnalysis","TrimTheIngredients"],"picked":"SKIP","floor":38},{"not_picked":["AsThePrescriptOrders","Unlock1+1","HighSpeedStabbing+1","Diversion","EnergyShield","Parry+1","UnavoidableGaze+1","Fence","StructuralAnalysis","TrimTheIngredients"],"picked":"SKIP","floor":38},{"not_picked":["AsThePrescriptOrders+1","BackAttack+1","BladeWhirl+1","HandleRequest+1","RatsGuideToSurvival","ShrineToMusic","DefenseOrder+1","WillOfThePrescript","Brawl"],"picked":"EmotionalTurbulence","floor":39},{"not_picked":["StrongStrike","YoureTooSlow+1","BackAttack+1","FlyingSword","DefenseOrder+1","SpearedSweep","HiddenBlade","Guardian_lor","SharpSwipe+1","AssaultOrder+1"],"picked":"SKIP","floor":40},{"not_picked":["Outburst","FierceCharge","Creak","Eliminate","DarkCloud+1","Rewind+1","AsThePrescriptOrders","MultiBlock+1","WillProduceFineSilk"],"picked":"Faith","floor":42},{"not_picked":["MindPrepared","FlyingSword","Endure","Mutilate+1","HeavyPeaks","ClassAndRespect+1","Quickness+1","GuardingStance+1","Pound"],"picked":"Tailoring","floor":45},{"not_picked":["Outburst","Rampage_lor+1","HiddenBlade","TrimTheIngredients","Eject+1","ClassAndRespect+1","Endure+1","DefenseOrder","Thrust","YourShield"],"picked":"SKIP","floor":47},{"not_picked":["EnergyCycle+1","DestructiveImpact","SmokingPipe","FeatherShield+1","Wallop_lor","FlashingStrike","Thrust","Pound+1","EnergyBeam"],"picked":"WaitUp+1","floor":48},{"not_picked":["testmod-RepeatForm","MostiFishMod:TheEndOfMoonlight","MostiFishMod:NightSea","testmod-Provocation","Jack Of All Trades","testmod-DeathImprint","testmod-Reflect","REME_MagicPocketWatch","ReplayTheSpireMod:Uncanny Aura"],"picked":"MostiFishMod:JungleRules","floor":54},{"not_picked":["testmod-RepeatForm","REME_TheoryOfElimination","MostiFishMod:JungleRules","testmod-LifeRuler","Replay:Parry","testmod-Librarian","Impatience","REME_BuildACard","testmod-FightingIntention"],"picked":"MostiFishMod:MusicBox","floor":54},{"not_picked":["testmod-PulseDistributor","MostiFishMod:Mottled","MostiFishMod:TheEndOfMoonlight","testmod-EnhanceArmerment","testmod-AssimilatedRune","testmod-TradeIn","Mayhem","Panache","MostiFishMod:Neptune"],"picked":"MostiFishMod:FantasySummer","floor":54},{"not_picked":["FleetFootsteps","Thrust+1","IronWall+1","Outburst","OpportunitySpotted+1","InnerArdor+1","DarkCloud","Multislash+1","WillOfThePrescript+1","ScratchThat"],"picked":"SKIP","floor":55}],"player_experience":42058,"relics_obtained":[{"floor":1,"key":"Question Card"},{"floor":6,"key":"Replay:Ringing Soul"},{"floor":9,"key":"Bag of Preparation"},{"floor":10,"key":"Regal Pillow"},{"floor":13,"key":"ReplayTheSpireMod:TigerMarble"},{"floor":16,"key":"ImportantClient"},{"floor":23,"key":"Art of War"},{"floor":29,"key":"PreservedInsect"},{"floor":31,"key":"testmod-Antiphasic"},{"floor":40,"key":"Bottled Tornado"},{"floor":42,"key":"testmod-TheFather"},{"floor":43,"key":"PageOfSnowWhitesApple"},{"floor":45,"key":"PageOfLittleHelper"},{"floor":55,"key":"testmod-CasingShield"}],"event_choices":[{"damage_healed":0,"gold_gain":0,"player_choice":"1 cards matched","damage_taken":0,"max_hp_gain":0,"max_hp_loss":0,"event_name":"Match and Keep!","floor":4,"gold_loss":0,"cards_obtained":["GoinFirst"]},{"cards_removed":["FleshFillet"],"damage_healed":0,"gold_gain":0,"player_choice":"Purged","damage_taken":0,"max_hp_gain":0,"max_hp_loss":0,"event_name":"Purifier","floor":27,"gold_loss":0},{"damage_healed":0,"gold_gain":0,"player_choice":"Leave","damage_taken":0,"max_hp_gain":0,"max_hp_loss":0,"event_name":"conspire:Investor","floor":37,"gold_loss":0},{"damage_healed":0,"gold_gain":0,"player_choice":"Ignored","damage_taken":0,"max_hp_gain":0,"max_hp_loss":0,"event_name":"Tomb of Lord Red Mask","floor":44,"gold_loss":0}],"is_beta":false,"boss_relics":[{"not_picked":["Sozu","testmod-BloodSacrificeSpiritualization"],"picked":"Abe\u0027s Treasure"},{"not_picked":["conspire:RoyalGoblet","Replay:Wanted Poster"],"picked":"RhineSuit"}],"items_purged_floors":[24],"is_endless":false,"potions_floor_spawned":[3,6,11,16,21,29,30,31,33,38,45,47,55],"ascension_level":4}}