{"host":"3t6uby4o5waaq95r","time":1608267366,"event":{"mods":["AchievementEnabler","BaseMod","Bestiary","Colored Map","Highlight Path","Minty Spire (QoL Compilation)","Permanent Neow","Quick Restart","Random Character Button","SuperFastMode"],"gold_per_floor":[111,111,111,136,61,61,61,61,109,109,133,133,133,133,133,257,257,278,299,314,65,65,65,65,84,131,131,256,109,122,122,122,252,252,265,265,285,306,306,62,62,80,80,80,31,31,49,69,69,69,69],"floor_reached":50,"playtime":1438,"items_purged":["Strike_G","Strike_G"],"score":428,"play_id":"5ee73af6-06e6-4413-9b94-53bdd1675b40","local_time":"20201217225606","is_ascension_mode":false,"campfire_choices":[{"floor":6,"key":"REST"},{"data":"Dash","floor":8,"key":"SMITH"},{"data":"Riddle With Holes","floor":10,"key":"SMITH"},{"floor":13,"key":"REST"},{"data":"Neutralize","floor":15,"key":"SMITH"},{"floor":23,"key":"REST"},{"data":"Distraction","floor":27,"key":"SMITH"},{"floor":32,"key":"REST"},{"floor":41,"key":"REST"},{"floor":44,"key":"REST"},{"data":"Adrenaline","floor":46,"key":"SMITH"},{"floor":49,"key":"REST"}],"circlet_count":0,"master_deck":["Strike_G","Strike_G","Defend_G","Defend_G+1","Defend_G","Defend_G","Survivor","Neutralize+1","Master of Strategy","Riddle With Holes+1","Dash+1","Heel Hook+1","Glass Knife","Flechettes+1","Distraction+1","All Out Attack","Flying Knee+1","Doubt","Deadly Poison+1","Quick Slash+1","Adrenaline+1","Flechettes+1","Adrenaline","Predator+1","Distraction+1","Heel Hook","Noxious Fumes+1","Deflect+1","Writhe","Deadly Poison+1","Slice","Slice+1","Poisoned Stab+1","Footwork+1"],"relics":["Ring of the Snake","Golden Idol","Vajra","Cursed Key","Centennial Puzzle","Enchiridion","Dream Catcher","The Specimen","Question Card","Strange Spoon","Philosopher\u0027s Stone","Mummified Hand","Toy Ornithopter"],"acts_visited":["Exordium","TheCity","TheBeyond"],"potions_floor_usage":[33,50],"damage_taken":[{"damage":7,"enemies":"Small Slimes","floor":1,"turns":3},{"damage":5,"enemies":"2 Louse","floor":4,"turns":2},{"damage":3,"enemies":"Jaw Worm","floor":11,"turns":3},{"damage":27,"enemies":"Slime Boss","floor":16,"turns":11},{"damage":8,"enemies":"3 Byrds","floor":18,"turns":5},{"damage":0,"enemies":"Shell Parasite","floor":19,"turns":2},{"damage":3,"enemies":"Snake Plant","floor":20,"turns":4},{"damage":0,"enemies":"Cultist and Chosen","floor":25,"turns":4},{"damage":5,"enemies":"Colosseum Slavers","floor":28,"turns":3},{"damage":2,"enemies":"Colosseum Nobs","floor":28,"turns":3},{"damage":13,"enemies":"Centurion and Healer","floor":30,"turns":4},{"damage":46,"enemies":"Collector","floor":33,"turns":10},{"damage":5,"enemies":"3 Shapes","floor":35,"turns":3},{"damage":20,"enemies":"3 Darklings","floor":37,"turns":3},{"damage":11,"enemies":"Sphere and 2 Shapes","floor":38,"turns":3},{"damage":3,"enemies":"4 Shapes","floor":42,"turns":2},{"damage":3,"enemies":"Spire Growth","floor":47,"turns":3},{"damage":17,"enemies":"3 Darklings","floor":48,"turns":3},{"damage":73,"enemies":"Time Eater","floor":50,"turns":6}],"seed_played":"-3949863324785453775","potions_obtained":[{"floor":16,"key":"GamblersBrew"},{"floor":18,"key":"SpeedPotion"},{"floor":19,"key":"LiquidBronze"},{"floor":38,"key":"Block Potion"}],"is_trial":false,"path_per_floor":["M","?","?","M","$","R","$","R","T","R","M","?","R","?","R","B",null,"M","M","M","$","?","R","?","M","T","R","?","$","M","?","R","B",null,"M","?","M","M","?","$","R","M","T","R","$","R","M","M","R","B"],"character_chosen":"THE_SILENT","items_purchased":["Centennial Puzzle","Strange Spoon","Mummified Hand","Slice"],"campfire_rested":7,"item_purchase_floors":[21,29,40,45],"current_hp_per_floor":[56,56,41,36,36,54,54,54,54,54,51,38,56,61,61,34,68,60,60,57,57,41,61,61,61,61,61,54,54,41,41,61,15,68,63,63,43,32,32,32,52,49,49,68,68,68,65,48,68,0,0],"gold":69,"neow_bonus":"RANDOM_COLORLESS_2","is_daily":false,"chose_seed":false,"campfire_upgraded":5,"win_rate":0.0,"timestamp":1608267366,"path_taken":["M","?","?","M","$","R","?","R","T","R","?","?","R","?","R","BOSS","M","M","M","$","?","R","?","?","T","R","?","$","M","?","R","BOSS","M","?","M","?","?","$","R","M","T","R","$","R","M","M","R","BOSS"],"items_purchased_type":["Relic","Relic","Relic","Card"],"build_version":"2020-12-13","purchased_purges":2,"victory":false,"max_hp_per_floor":[63,63,63,63,63,63,63,63,63,63,63,63,63,68,68,68,68,68,68,68,68,68,68,68,68,68,68,68,68,68,68,68,68,68,68,68,68,68,68,68,68,68,68,68,68,68,68,68,68,68,68],"card_choices":[{"not_picked":["Secret Weapon","The Bomb"],"picked":"Master of Strategy","floor":0},{"not_picked":["Footwork","Acrobatics"],"picked":"Riddle With Holes","floor":1},{"not_picked":["Caltrops","Dodge and Roll"],"picked":"Dash","floor":4},{"not_picked":["Predator","Dagger Throw"],"picked":"Heel Hook","floor":11},{"not_picked":["Corpse Explosion","Adrenaline"],"picked":"Glass Knife","floor":16},{"not_picked":["Terror+1","Dagger Spray"],"picked":"Flechettes+1","floor":18},{"not_picked":["Dagger Throw","Deflect+1"],"picked":"Distraction","floor":19},{"not_picked":["Bane","Outmaneuver"],"picked":"All Out Attack","floor":20},{"not_picked":["Dagger Spray","Backflip+1"],"picked":"Flying Knee+1","floor":25},{"not_picked":["Acrobatics","Choke+1"],"picked":"Deadly Poison+1","floor":28},{"not_picked":["Dagger Throw","Dagger Spray","Acrobatics"],"picked":"Quick Slash+1","floor":30},{"not_picked":["Backflip+1","Flying Knee","Bouncing Flask"],"picked":"Flechettes+1","floor":32},{"not_picked":["Phantasmal Killer","Envenom","Malaise"],"picked":"Adrenaline","floor":33},{"not_picked":["Cloak And Dagger","Dagger Throw","Underhanded Strike+1"],"picked":"Predator+1","floor":35},{"not_picked":["Acrobatics+1","Choke+1","Setup+1"],"picked":"Distraction","floor":37},{"not_picked":["Eviscerate","Flying Knee+1","Choke"],"picked":"Heel Hook","floor":38},{"not_picked":["Deadly Poison","Predator","Unload"],"picked":"Noxious Fumes+1","floor":41},{"not_picked":["Backflip+1","Cloak And Dagger","Sucker Punch"],"picked":"Deflect+1","floor":42},{"not_picked":["Flying Knee+1","Cloak And Dagger","Poisoned Stab+1"],"picked":"Deadly Poison+1","floor":44},{"not_picked":["Outmaneuver+1","Sucker Punch+1","Dagger Spray"],"picked":"Slice+1","floor":47},{"not_picked":["Backflip","Calculated Gamble+1","Flying Knee+1"],"picked":"Poisoned Stab+1","floor":48},{"not_picked":["Wraith Form v2","Underhanded Strike","Backflip"],"picked":"Footwork+1","floor":49}],"player_experience":774390,"relics_obtained":[{"floor":9,"key":"Vajra"},{"floor":22,"key":"Enchiridion"},{"floor":26,"key":"Dream Catcher"},{"floor":28,"key":"The Specimen"},{"floor":28,"key":"Question Card"},{"floor":43,"key":"Toy Ornithopter"}],"event_choices":[{"damage_healed":0,"gold_gain":0,"player_choice":"Ignored","damage_taken":0,"max_hp_gain":0,"max_hp_loss":0,"event_name":"Liars Game","floor":2,"gold_loss":0},{"damage_healed":0,"gold_gain":0,"player_choice":"Take Damage","damage_taken":15,"relics_obtained":["Golden Idol"],"max_hp_gain":0,"max_hp_loss":0,"event_name":"Golden Idol","floor":3,"gold_loss":0},{"damage_healed":0,"gold_gain":0,"player_choice":"Entered Light","damage_taken":13,"max_hp_gain":0,"max_hp_loss":0,"event_name":"Shining Light","floor":12,"gold_loss":0,"cards_upgraded":["Heel Hook","Defend_G"]},{"damage_healed":0,"gold_gain":0,"player_choice":"Donut","damage_taken":0,"max_hp_gain":5,"max_hp_loss":0,"event_name":"Big Fish","floor":14,"gold_loss":0},{"damage_healed":0,"gold_gain":0,"player_choice":"Obtained Book","damage_taken":16,"max_hp_gain":0,"max_hp_loss":0,"event_name":"Cursed Tome","floor":22,"gold_loss":0},{"cards_removed":["Defend_G"],"damage_healed":0,"gold_gain":0,"player_choice":"Offered Basic","damage_taken":0,"max_hp_gain":0,"max_hp_loss":0,"event_name":"Bonfire Elementals","floor":24,"gold_loss":0},{"damage_healed":0,"gold_gain":0,"player_choice":"Fight","damage_taken":0,"max_hp_gain":0,"max_hp_loss":0,"event_name":"Colosseum","floor":28,"gold_loss":0},{"damage_healed":0,"gold_gain":0,"player_choice":"Fought Nobs","damage_taken":0,"max_hp_gain":0,"max_hp_loss":0,"event_name":"Colosseum","floor":28,"gold_loss":0},{"damage_healed":0,"gold_gain":0,"player_choice":"Read","damage_taken":0,"max_hp_gain":0,"max_hp_loss":0,"event_name":"The Library","floor":31,"gold_loss":0,"cards_obtained":["Adrenaline"]},{"cards_removed":["Strike_G"],"damage_healed":0,"gold_gain":0,"player_choice":"Purged","damage_taken":0,"max_hp_gain":0,"max_hp_loss":0,"event_name":"Purifier","floor":36,"gold_loss":0},{"damage_healed":0,"gold_gain":0,"player_choice":"Upgraded","damage_taken":0,"max_hp_gain":0,"max_hp_loss":0,"event_name":"Upgrade Shrine","floor":39,"gold_loss":0,"cards_upgraded":["Distraction"]}],"is_beta":false,"boss_relics":[{"not_picked":["Ectoplasm","Runic Dome"],"picked":"Cursed Key"},{"not_picked":["Pandora\u0027s Box","WristBlade"],"picked":"Philosopher\u0027s Stone"}],"items_purged_floors":[5,21],"is_endless":false,"potions_floor_spawned":[16,18,19,28,38,48],"killed_by":"Time Eater","ascension_level":0}}