{"host":"joxnbq9hujdt0xua","time":1608325917,"event":{"mods":["Act Like it!","BaseMod","Colored Powertips","Downfall","Minty Spire (QoL Compilation)","Replay The Spire","StSLib"],"gold_per_floor":[149,169,180,194,206,224,250,269,269,369,384,398,398,415,435,435,435],"floor_reached":16,"playtime":617,"items_purged":[],"score":100,"play_id":"98ef687c-7217-4473-8ee3-138adfb6be08","local_time":"20201219051157","is_ascension_mode":false,"campfire_choices":[{"data":"champ:GladiatorStyle","floor":1,"key":"SMITH"},{"data":"champ:GladiatorStyle","floor":9,"key":"SMITH"}],"circlet_count":0,"master_deck":["champ:Strike","champ:Strike","champ:Strike","champ:Defend","champ:Defend","champ:Defend","champ:Defend+1","champ:Execute","champ:Taunt","champ:GladiatorStyle+1","champ:PreciseThrust","champ:ShieldWall","champ:BringItOn","champ:Haymaker","champ:GladiatorStyle+1","Pot Of Greed","Pot Of Greed","champ:HeartStrike","champ:FanOfKnives"],"relics":["Tiny House","Grinning Jar"],"acts_visited":["Exordium"],"potions_floor_usage":[16,16,16,16,16,16],"damage_taken":[{"damage":17,"enemies":"Small Slimes","floor":2,"turns":4},{"damage":0,"enemies":"Cultist","floor":3,"turns":4},{"damage":0,"enemies":"Jaw Worm","floor":4,"turns":3},{"damage":19,"enemies":"Blue Slaver","floor":5,"turns":5},{"damage":15,"enemies":"Large Slime","floor":6,"turns":6},{"damage":12,"enemies":"Exordium Wildlife","floor":8,"turns":5},{"damage":11,"enemies":"Large Slime","floor":11,"turns":5},{"damage":27,"enemies":"Gremlin Gang","floor":12,"turns":5},{"damage":0,"enemies":"2 Fungi Beasts","floor":14,"turns":4},{"damage":18,"enemies":"Exordium Thugs","floor":15,"turns":7},{"damage":8,"enemies":"downfall:Silent","floor":16,"turns":2}],"seed_played":"7506396244698602495","potions_obtained":[{"floor":0,"key":"EntropicBrew"},{"floor":4,"key":"PowerPotion"},{"floor":5,"key":"Languid Potion"},{"floor":11,"key":"Strength Potion"}],"is_trial":false,"path_per_floor":["R","M","M","M","M","M","T","M","R","?","M","M","?","M","M","B"],"character_chosen":"THE_CHAMP","items_purchased":[],"campfire_rested":0,"item_purchase_floors":[],"current_hp_per_floor":[95,88,88,88,74,64,64,52,52,52,41,24,24,24,6,0,0],"gold":435,"neow_bonus":"BOSS_RELIC","is_daily":false,"chose_seed":false,"campfire_upgraded":2,"win_rate":0.0,"timestamp":1608325917,"path_taken":["R","M","M","M","M","M","T","M","R","?","M","?","?","?","M","BOSS"],"items_purchased_type":[],"build_version":"2020-12-13","purchased_purges":0,"victory":false,"max_hp_per_floor":[95,95,95,95,95,95,95,95,95,95,95,95,95,95,95,95,95],"card_choices":[{"not_picked":["champ:Circumvent","champ:DeathBlow"],"picked":"champ:GladiatorStyle","floor":0},{"not_picked":["champ:AdrenalArmor","champ:RecklessLeap"],"picked":"champ:PreciseThrust","floor":2},{"not_picked":["champ:Circumvent","champ:FanOfKnives"],"picked":"champ:ShieldWall","floor":3},{"not_picked":["champ:TornadoPunch","champ:Encircle"],"picked":"champ:BringItOn","floor":4},{"not_picked":["champ:FlashCut","champ:SkillfulDodge"],"picked":"champ:Haymaker","floor":5},{"not_picked":["champ:Backstep","champ:AdrenalArmor"],"picked":"champ:GladiatorStyle","floor":6},{"not_picked":["champ:RapidStrikes","champ:HeartStrike","champ:BladeFlurry"],"picked":"SKIP","floor":8},{"not_picked":["champ:EnragedBash","champ:RecklessLeap","champ:CheapShot"],"picked":"SKIP","floor":11},{"not_picked":["champ:Haymaker","champ:Circumvent","champ:ShieldWall"],"picked":"SKIP","floor":12},{"not_picked":["champ:Circumvent","champ:PerfectedStrike","champ:StanceDance"],"picked":"SKIP","floor":14},{"not_picked":["champ:PerfectedStrike","champ:GladiatorsShout"],"picked":"champ:FanOfKnives","floor":15}],"player_experience":72125,"relics_obtained":[{"floor":7,"key":"Grinning Jar"}],"event_choices":[{"damage_healed":0,"gold_gain":100,"player_choice":"Gold","damage_taken":0,"max_hp_gain":0,"max_hp_loss":0,"event_name":"Wheel of Change","floor":10,"gold_loss":0},{"damage_healed":0,"gold_gain":0,"cards_transformed":["champ:Strike"],"player_choice":"Transformed","damage_taken":0,"max_hp_gain":0,"max_hp_loss":0,"event_name":"Transmorgrifier","floor":13,"gold_loss":0,"cards_obtained":["champ:HeartStrike"]}],"is_beta":false,"boss_relics":[],"items_purged_floors":[],"is_endless":false,"potions_floor_spawned":[4,5,11,12,14],"killed_by":"downfall:Silent","ascension_level":0}}