{"host":"63yhhrjweyj22b0v","time":1608279680,"event":{"mods":["BaseMod","Minty Spire (QoL Compilation)","Quick Restart"],"gold_per_floor":[115,115,115,115,139,139,178,178,178,178,203,217,241,191,191,314,314,328,344,344,344],"floor_reached":20,"playtime":355,"items_purged":[],"score":299,"play_id":"47b3198a-a9c8-4884-99da-99eed5b4db2a","local_time":"20201218022120","is_ascension_mode":true,"campfire_choices":[{"data":"Flex","floor":6,"key":"SMITH"},{"data":"Inflame","floor":8,"key":"SMITH"},{"data":"Bash","floor":10,"key":"SMITH"},{"data":"Seeing Red","floor":15,"key":"SMITH"}],"circlet_count":0,"master_deck":["AscendersBane","Strike_R","Strike_R","Strike_R+1","Strike_R+1","Defend_R","Defend_R","Defend_R","Defend_R","Bash+1","Flex+1","Pommel Strike","Inflame+1","Seeing Red+1","Berserk","Rampage+1","Flex"],"relics":["Burning Blood","NeowsBlessing","Golden Idol","Pen Nib","Kunai","SlaversCollar"],"acts_visited":["Exordium","TheCity"],"potions_floor_usage":[16,16,18],"damage_taken":[{"damage":0,"enemies":"2 Louse","floor":1,"turns":1},{"damage":0,"enemies":"Jaw Worm","floor":5,"turns":1},{"damage":0,"enemies":"Gremlin Nob","floor":7,"turns":1},{"damage":3,"enemies":"Small Slimes","floor":11,"turns":3},{"damage":1,"enemies":"2 Fungi Beasts","floor":12,"turns":3},{"damage":11,"enemies":"Looter","floor":13,"turns":2},{"damage":49,"enemies":"Hexaghost","floor":16,"turns":7},{"damage":43,"enemies":"Spheric Guardian","floor":18,"turns":4},{"damage":14,"enemies":"Shell Parasite","floor":19,"turns":2},{"damage":23,"enemies":"Cultist and Chosen","floor":20,"turns":3}],"seed_played":"37440304099948008","potions_obtained":[{"floor":5,"key":"SkillPotion"},{"floor":11,"key":"Swift Potion"},{"floor":12,"key":"GamblersBrew"}],"is_trial":false,"path_per_floor":["M","?","?","?","M","R","E","R","T","R","M","M","M","?","R","B",null,"M","M","M"],"character_chosen":"IRONCLAD","items_purchased":[],"campfire_rested":0,"item_purchase_floors":[],"current_hp_per_floor":[78,58,80,64,70,70,76,76,76,76,79,80,75,75,75,32,68,31,23,0,0],"gold":344,"neow_bonus":"THREE_ENEMY_KILL","is_daily":false,"chose_seed":false,"campfire_upgraded":4,"win_rate":0.0,"timestamp":1608279680,"path_taken":["M","?","?","?","M","R","E","R","T","R","M","M","M","?","R","BOSS","M","M","M"],"items_purchased_type":[],"build_version":"2020-12-13","purchased_purges":0,"victory":false,"max_hp_per_floor":[80,80,80,80,80,80,80,80,80,80,80,80,80,80,80,80,80,80,80,80,80],"card_choices":[{"not_picked":["Clash","Wild Strike"],"picked":"Flex","floor":1},{"not_picked":["Sword Boomerang","Sever Soul"],"picked":"Pommel Strike","floor":5},{"not_picked":["Dropkick","Shrug It Off"],"picked":"Inflame","floor":7},{"not_picked":["Infernal Blade","Havoc","Reckless Charge"],"picked":"SKIP","floor":11},{"not_picked":["Infernal Blade","True Grit","Sentinel"],"picked":"SKIP","floor":12},{"not_picked":["Entrench","Havoc"],"picked":"Seeing Red","floor":13},{"not_picked":["Reaper","Feed"],"picked":"Berserk","floor":16},{"not_picked":["Thunderclap","Disarm+1"],"picked":"Rampage+1","floor":18},{"not_picked":["Ghostly Armor","Twin Strike+1"],"picked":"Flex","floor":19}],"player_experience":622197,"relics_obtained":[{"floor":7,"key":"Pen Nib"},{"floor":9,"key":"Kunai"}],"event_choices":[{"damage_healed":0,"gold_gain":0,"player_choice":"Take Damage","damage_taken":20,"relics_obtained":["Golden Idol"],"max_hp_gain":0,"max_hp_loss":0,"event_name":"Golden Idol","floor":2,"gold_loss":0},{"damage_healed":26,"gold_gain":0,"player_choice":"Banana","damage_taken":0,"max_hp_gain":0,"max_hp_loss":0,"event_name":"Big Fish","floor":3,"gold_loss":0},{"damage_healed":0,"gold_gain":0,"player_choice":"Entered Light","damage_taken":16,"max_hp_gain":0,"max_hp_loss":0,"event_name":"Shining Light","floor":4,"gold_loss":0,"cards_upgraded":["Strike_R","Strike_R"]},{"cards_removed":["Strike_R"],"damage_healed":0,"gold_gain":0,"player_choice":"Card Removal","damage_taken":0,"max_hp_gain":0,"max_hp_loss":0,"event_name":"The Cleric","floor":14,"gold_loss":50}],"is_beta":false,"boss_relics":[{"not_picked":["Astrolabe","SacredBark"],"picked":"SlaversCollar"}],"items_purged_floors":[],"is_endless":false,"potions_floor_spawned":[5,11,12,13],"killed_by":"Cultist and Chosen","ascension_level":10}}