{"host":"f0gpob8hq9vgebej","time":1608268915,"event":{"mods":["AchievementEnabler","BaseMod","Googly Eyes","Minty Spire (QoL Compilation)","Quick Restart","SuperFastMode"],"gold_per_floor":[16,26,39,39,39,39,52,52,99,115,135,135,60,88,88,196,196,206,222,222,222],"floor_reached":20,"playtime":454,"items_purged":["Defend_G"],"score":269,"play_id":"a038807e-595e-405a-9c97-36264a497642","local_time":"20201218142155","is_ascension_mode":true,"campfire_choices":[{"data":"Prepared","floor":6,"key":"SMITH"},{"data":"Dash","floor":8,"key":"SMITH"},{"data":"Poisoned Stab","floor":12,"key":"SMITH"},{"data":"Cloak And Dagger","floor":15,"key":"SMITH"}],"circlet_count":0,"master_deck":["AscendersBane","Strike_G","Strike_G","Strike_G","Defend_G","Defend_G","Defend_G","Survivor","Neutralize","Dash+1","Endless Agony","Prepared+1","Cloak And Dagger+1","Poisoned Stab+1","Acrobatics","Accuracy","Grand Finale"],"relics":["Ring of the Snake","CeramicFish","Black Star"],"acts_visited":["Exordium","TheCity"],"potions_floor_usage":[16],"damage_taken":[{"damage":0,"enemies":"Jaw Worm","floor":1,"turns":4},{"damage":0,"enemies":"Cultist","floor":2,"turns":3},{"damage":0,"enemies":"Small Slimes","floor":3,"turns":3},{"damage":4,"enemies":"Blue Slaver","floor":7,"turns":3},{"damage":0,"enemies":"Looter","floor":10,"turns":3},{"damage":9,"enemies":"Exordium Thugs","floor":11,"turns":6},{"damage":4,"enemies":"Gremlin Gang","floor":14,"turns":4},{"damage":10,"enemies":"The Guardian","floor":16,"turns":15},{"damage":27,"enemies":"Spheric Guardian","floor":18,"turns":6},{"damage":12,"enemies":"Chosen","floor":19,"turns":6},{"damage":24,"enemies":"Sentry and Sphere","floor":20,"turns":3}],"seed_played":"-8969182437070900072","potions_obtained":[{"floor":2,"key":"SpeedPotion"},{"floor":7,"key":"Weak Potion"},{"floor":16,"key":"Dexterity Potion"}],"is_trial":false,"path_per_floor":["M","M","M","?","?","R","M","R","T","M","M","R","$","M","R","B",null,"M","M","M"],"character_chosen":"THE_SILENT","items_purchased":[],"campfire_rested":0,"item_purchase_floors":[],"current_hp_per_floor":[63,63,63,63,63,63,59,59,59,59,50,50,50,46,46,36,62,35,23,0,0],"gold":222,"neow_bonus":"TRANSFORM_TWO_CARDS","is_daily":false,"chose_seed":false,"campfire_upgraded":4,"win_rate":0.0,"timestamp":1608268915,"path_taken":["M","M","M","?","?","R","?","R","T","M","M","R","$","M","R","BOSS","M","M","M"],"items_purchased_type":[],"build_version":"2020-12-13","purchased_purges":1,"victory":false,"max_hp_per_floor":[70,70,70,70,70,70,70,70,70,70,70,70,70,70,70,70,70,70,70,70,70],"card_choices":[{"not_picked":["Dagger Spray","Concentrate"],"picked":"Prepared","floor":1},{"not_picked":["Acrobatics","Terror"],"picked":"Cloak And Dagger","floor":2},{"not_picked":["Dodge and Roll","Outmaneuver"],"picked":"Poisoned Stab","floor":3},{"not_picked":["PiercingWail","Expertise"],"picked":"Acrobatics","floor":7},{"not_picked":["Deflect","Riddle With Holes","PiercingWail"],"picked":"SKIP","floor":10},{"not_picked":["Acrobatics","Tools of the Trade","Quick Slash"],"picked":"SKIP","floor":11},{"not_picked":["Finisher","Flying Knee"],"picked":"Accuracy","floor":14},{"not_picked":["Glass Knife","Tools of the Trade"],"picked":"Grand Finale","floor":16},{"not_picked":["Dagger Throw","Flying Knee","Caltrops"],"picked":"SKIP","floor":18},{"not_picked":["Choke","Finisher","Slice"],"picked":"SKIP","floor":19}],"player_experience":176416,"relics_obtained":[{"floor":9,"key":"CeramicFish"}],"event_choices":[{"damage_healed":0,"gold_gain":0,"player_choice":"Leave","damage_taken":0,"max_hp_gain":0,"max_hp_loss":0,"event_name":"The Cleric","floor":4,"gold_loss":0},{"cards_removed":["Strike_G"],"damage_healed":0,"gold_gain":0,"player_choice":"Purged","damage_taken":0,"max_hp_gain":0,"max_hp_loss":0,"event_name":"Purifier","floor":5,"gold_loss":0}],"is_beta":false,"boss_relics":[{"not_picked":["Fusion Hammer","Busted Crown"],"picked":"Black Star"}],"items_purged_floors":[13],"is_endless":false,"potions_floor_spawned":[2,7,10,11,16],"killed_by":"Sentry and Sphere","ascension_level":12}}