{"host":"c2vrdknshfutmcsq","time":1608295915,"event":{"mods":["BaseMod","Minty Spire (QoL Compilation)"],"gold_per_floor":[115,215,86,103,118,118,150,150,175,188,222,222,222,222,222,299,299,312,19,19,19,19,19,19],"floor_reached":23,"playtime":959,"items_purged":["Defend_B"],"score":332,"play_id":"365a5c71-93d5-4bb7-9fd4-c151e7617f3d","local_time":"20201218135155","is_ascension_mode":true,"campfire_choices":[{"data":"Dualcast","floor":6.0,"key":"SMITH"},{"data":"Zap","floor":8.0,"key":"SMITH"},{"data":"Stack","floor":13.0,"key":"SMITH"},{"data":"Leap","floor":15.0,"key":"SMITH"}],"circlet_count":0,"master_deck":["AscendersBane","Strike_B","Strike_B","Strike_B","Strike_B","Defend_B","Defend_B","Defend_B","Zap+1","Dualcast+1","Leap+1","Stack+1","Self Repair","Tempest+1","Core Surge","Compile Driver","Leap+1","Electrodynamics","Rip and Tear","Panacea","Double Energy","Core Surge"],"relics":["Cracked Core","NeowsBlessing","Juzu Bracelet","Oddly Smooth Stone","Potion Belt","Black Star","Incense Burner","MutagenicStrength"],"acts_visited":["Exordium","TheCity"],"potions_floor_usage":[23,23],"damage_taken":[{"damage":0.0,"enemies":"Small Slimes","floor":1.0,"turns":1.0},{"damage":0.0,"enemies":"Cultist","floor":4.0,"turns":1.0},{"damage":0.0,"enemies":"Jaw Worm","floor":5.0,"turns":1.0},{"damage":20.0,"enemies":"Gremlin Nob","floor":7.0,"turns":3.0},{"damage":6.0,"enemies":"2 Fungi Beasts","floor":10.0,"turns":3.0},{"damage":18.0,"enemies":"3 Sentries","floor":11.0,"turns":6.0},{"damage":1.0,"enemies":"The Guardian","floor":16.0,"turns":14.0},{"damage":16.0,"enemies":"3 Byrds","floor":18.0,"turns":5.0},{"damage":24,"enemies":"Book of Stabbing","floor":23,"turns":5}],"seed_played":"1389577158083482659","potions_obtained":[{"floor":4.0,"key":"EssenceOfDarkness"},{"floor":10.0,"key":"DistilledChaos"},{"floor":11.0,"key":"SpeedPotion"},{"floor":18.0,"key":"Energy Potion"}],"is_trial":false,"path_per_floor":["M","?","$","M","M","R","E","R","T","M","E","?","R","?","R","B",null,"M","$","?","?","?","E"],"character_chosen":"DEFECT","items_purchased":["Stack","Incense Burner"],"campfire_rested":0,"item_purchase_floors":[3,19],"current_hp_per_floor":[64,64,64,64,64,64,51,51,51,52,41,41,41,41,41,47,65,49,49,49,49,49,25,25],"gold":19,"neow_bonus":"THREE_ENEMY_KILL","is_daily":false,"chose_seed":false,"campfire_upgraded":4,"win_rate":0.0,"timestamp":1608295915,"path_taken":["M","?","?","?","M","R","E","R","T","M","E","?","R","?","R","BOSS","M","?","?","?","?","E"],"items_purchased_type":["Card","Relic"],"build_version":"2020-12-13","purchased_purges":1,"victory":false,"max_hp_per_floor":[71,71,71,71,71,71,71,71,71,71,71,71,71,71,71,71,71,71,71,71,71,71,71,71],"card_choices":[{"not_picked":["Turbo","Consume"],"picked":"Leap","floor":1.0},{"not_picked":["Ball Lightning","Streamline"],"picked":"Self Repair","floor":4.0},{"not_picked":["Beam Cell","Self Repair"],"picked":"Tempest","floor":5.0},{"not_picked":["Beam Cell","Compile Driver"],"picked":"Core Surge","floor":7.0},{"not_picked":["Redo","Sweeping Beam"],"picked":"Compile Driver","floor":10.0},{"not_picked":["Sweeping Beam","Steam Power"],"picked":"Leap","floor":11.0},{"not_picked":["Meteor Strike","Rainbow"],"picked":"Electrodynamics","floor":16.0},{"not_picked":["Barrage","Stack"],"picked":"Rip and Tear","floor":18.0}],"player_experience":1159475,"relics_obtained":[{"floor":7.0,"key":"Juzu Bracelet"},{"floor":9.0,"key":"Oddly Smooth Stone"},{"floor":11.0,"key":"Potion Belt"}],"event_choices":[{"damage_healed":0.0,"max_hp_gain":0.0,"max_hp_loss":0.0,"gold_gain":100.0,"event_name":"Golden Shrine","player_choice":"Pray","floor":2.0,"gold_loss":0.0,"damage_taken":0.0},{"damage_healed":0.0,"max_hp_gain":0.0,"max_hp_loss":0.0,"gold_gain":0.0,"event_name":"Accursed Blacksmith","player_choice":"Forge","floor":12.0,"gold_loss":0.0,"damage_taken":0.0,"cards_upgraded":["Tempest"]},{"damage_healed":0.0,"max_hp_gain":0.0,"max_hp_loss":0.0,"gold_gain":0.0,"event_name":"Upgrade Shrine","player_choice":"Upgraded","floor":14.0,"gold_loss":0.0,"damage_taken":0.0,"cards_upgraded":["Leap"]},{"damage_healed":0.0,"max_hp_gain":0.0,"max_hp_loss":0.0,"gold_gain":0.0,"event_name":"Match and Keep!","player_choice":"3 cards matched","floor":20.0,"gold_loss":0.0,"damage_taken":0.0,"cards_obtained":["Panacea","Double Energy","Zap"]},{"damage_healed":0.0,"max_hp_gain":0.0,"max_hp_loss":0.0,"gold_gain":0.0,"event_name":"Drug Dealer","player_choice":"Inject Mutagens","floor":21.0,"gold_loss":0.0,"damage_taken":0.0,"relics_obtained":["MutagenicStrength"]},{"damage_healed":0.0,"max_hp_gain":0.0,"max_hp_loss":0.0,"gold_gain":0.0,"cards_transformed":["Zap"],"event_name":"Transmorgrifier","player_choice":"Transformed","floor":22.0,"gold_loss":0.0,"damage_taken":0.0,"cards_obtained":["Core Surge"]}],"is_beta":false,"boss_relics":[{"not_picked":["Philosopher\u0027s Stone","Tiny House"],"picked":"Black Star"}],"items_purged_floors":[3],"is_endless":false,"potions_floor_spawned":[4,10,11,18],"killed_by":"Book of Stabbing","ascension_level":14}}