{"host":"e1ezmaebp4k769tb","time":1608299423,"event":{"mods":["2.2 Compatiblity","AchievementEnabler","AlwaysNeverKeys","BaseMod","Bestiary","CapriCore","Card Filter","Colored Powertips","DeckTracker","Filter the Spire","Friendly Minions","Hermit","Highlight Path","Keyboard Shortcuts","Minty Spire (QoL Compilation)","Permanent Neow","Quick Restart","Red Circlet Mod","Replay The Spire","StSLib"],"gold_per_floor":[167,182,198,209,223,223,255,255,255,270,289,309,338,353,353,453,553,566,665,685,700,700,735,750,767,792,792,459,459,384,384,384],"floor_reached":31,"playtime":1658,"items_purged":["Strike_B"],"score":273,"play_id":"437ea39e-30a7-40a4-bb11-712c3f7e2411","local_time":"20201218225023","is_ascension_mode":false,"campfire_choices":[{"data":"Go for the Eyes","floor":6,"key":"SMITH"},{"data":"Cold Snap","floor":8,"key":"SMITH"},{"data":"Strike_B","floor":15,"key":"PURGE"},{"data":"Blizzard","floor":29,"key":"SMITH"}],"circlet_count":0,"master_deck":["Defend_B","Defend_B","Defend_B","Defend_B","Zap","Dualcast+1","Turbo","Cold Snap+1","Barrage","Cold Snap","Go for the Eyes+1","ReplaySort","Streamline","Blizzard+1","Leap","Ball Lightning","Fission","Defragment+1","Glacier","BasicCrystalCard","Defragment+1","Crystallizer","Rebound","Coolheaded"],"relics":["Tiny House","Blue Candle","Snack Pack","Eternal Feather","Replay:Wanted Poster","Bottled Flame","Juzu Bracelet","Shuriken"],"acts_visited":["Exordium","TheCity"],"potions_floor_usage":[5,7,12,14,14,23],"damage_taken":[{"damage":1,"enemies":"Cultist","floor":1,"turns":3},{"damage":0,"enemies":"Small Slimes","floor":2,"turns":3},{"damage":11,"enemies":"Jaw Worm","floor":3,"turns":2},{"damage":5,"enemies":"Blue Slaver","floor":4,"turns":4},{"damage":3,"enemies":"Red Slaver","floor":5,"turns":3},{"damage":22,"enemies":"Gremlin Nob","floor":7,"turns":6},{"damage":6,"enemies":"Large Slime","floor":10,"turns":7},{"damage":4,"enemies":"Blue Slaver","floor":11,"turns":3},{"damage":10,"enemies":"Exordium Wildlife","floor":12,"turns":5},{"damage":16,"enemies":"3 Sentries","floor":13,"turns":8},{"damage":11,"enemies":"Exordium Thugs","floor":14,"turns":5},{"damage":28,"enemies":"Fading Forest","floor":16,"turns":11},{"damage":15,"enemies":"Shell Parasite","floor":18,"turns":5},{"damage":8,"enemies":"3 Byrds","floor":20,"turns":6},{"damage":8,"enemies":"3 Cultists","floor":21,"turns":7},{"damage":52,"enemies":"Slavers","floor":23,"turns":8},{"damage":12,"enemies":"Snake Plant","floor":24,"turns":6},{"damage":0,"enemies":"Snecko","floor":25,"turns":8},{"damage":23,"enemies":"Shelled Parasite and Fungi","floor":31,"turns":2}],"seed_played":"6450486014223173610","potions_obtained":[{"floor":0,"key":"Ancient Potion"},{"floor":2,"key":"FearPotion"},{"floor":7,"key":"FearPotion"},{"floor":11,"key":"FocusPotion"},{"floor":13,"key":"BlessingOfTheForge"},{"floor":14,"key":"Energy Potion"},{"floor":21,"key":"Dexterity Potion"},{"floor":24,"key":"Energy Potion"}],"is_trial":false,"path_per_floor":["M","M","M","M","M","R","E","R","T","M","M","M","E","M","R","B",null,"M","?","M","M","?","E","M","M","T","?","$","R","?","M"],"character_chosen":"DEFECT","items_purchased":["Shuriken"],"campfire_rested":0,"item_purchase_floors":[28],"current_hp_per_floor":[79,79,68,63,60,60,38,38,38,36,36,30,16,9,21,15,80,69,69,67,63,63,13,1,3,3,3,3,18,18,0,0],"gold":384,"neow_bonus":"BOSS_RELIC","is_daily":false,"chose_seed":false,"campfire_upgraded":3,"win_rate":0.0,"timestamp":1608299423,"path_taken":["M","M","M","M","M","R","E","R","T","M","M","M","E","M","R","BOSS","M","?","M","M","?","E","M","M","T","?","$","R","?","M"],"items_purchased_type":["Relic"],"build_version":"2020-12-13","purchased_purges":1,"victory":false,"max_hp_per_floor":[80,80,80,80,80,80,80,80,80,80,80,80,80,80,80,80,80,80,80,80,80,80,80,80,80,80,80,80,80,80,80,80],"card_choices":[{"not_picked":["ReplayGash","ReplaySort"],"picked":"Turbo","floor":0},{"not_picked":["Darkness","Compile Driver"],"picked":"Cold Snap","floor":1},{"not_picked":["Doom and Gloom","Gash"],"picked":"Barrage","floor":2},{"not_picked":["Beam Cell","Defragment"],"picked":"Cold Snap","floor":3},{"not_picked":["Storm","ReplayTheSpireMod:GoodbyeWorld","Doom and Gloom"],"picked":"SKIP","floor":4},{"not_picked":["Rip and Tear","Gash"],"picked":"Go for the Eyes","floor":5},{"not_picked":["Sunder","Thunder Strike"],"picked":"ReplaySort","floor":7},{"not_picked":["White Noise","Rip and Tear"],"picked":"Streamline","floor":10},{"not_picked":["Doom and Gloom","Stack"],"picked":"Blizzard","floor":11},{"not_picked":["Chaos","Redo"],"picked":"Leap","floor":12},{"not_picked":["ReplayTheSpireMod:System Scan","Aggregate","ReplayTheSpireMod:GoodbyeWorld"],"picked":"SKIP","floor":13},{"not_picked":["Panic Button","Rip and Tear"],"picked":"Ball Lightning","floor":14},{"not_picked":["Buffer","Amplify"],"picked":"Fission","floor":16},{"not_picked":["Compile Driver","Reinforced Body"],"picked":"Defragment+1","floor":18},{"not_picked":["Leap","Gash"],"picked":"Glacier","floor":20},{"not_picked":["Turbo","Streamline"],"picked":"BasicCrystalCard","floor":21},{"not_picked":["White Noise+1","Doom and Gloom"],"picked":"Crystallizer","floor":23},{"not_picked":["Gash","Rip and Tear"],"picked":"Rebound","floor":24},{"not_picked":["ReplayTheSpireMod:System Scan","Sunder"],"picked":"Coolheaded","floor":25}],"player_experience":87729,"relics_obtained":[{"floor":7,"key":"Blue Candle"},{"floor":9,"key":"Snack Pack"},{"floor":13,"key":"Eternal Feather"},{"floor":23,"key":"Bottled Flame"},{"floor":26,"key":"Juzu Bracelet"}],"event_choices":[{"damage_healed":0,"gold_gain":99,"player_choice":"Stole From Cult","damage_taken":0,"max_hp_gain":0,"max_hp_loss":0,"event_name":"Nest","floor":19,"gold_loss":0},{"damage_healed":0,"gold_gain":0,"player_choice":"Copied","damage_taken":0,"max_hp_gain":0,"max_hp_loss":0,"event_name":"Duplicator","floor":22,"gold_loss":0,"cards_obtained":["Defragment"]},{"cards_removed":["Strike_B"],"damage_healed":0,"gold_gain":0,"player_choice":"Elegance","damage_taken":0,"max_hp_gain":0,"max_hp_loss":0,"event_name":"Back to Basics","floor":27,"gold_loss":0},{"cards_removed":["Strike_B"],"damage_healed":0,"gold_gain":0,"player_choice":"Gave Gold","damage_taken":0,"max_hp_gain":0,"max_hp_loss":0,"event_name":"Beggar","floor":30,"gold_loss":75}],"is_beta":false,"boss_relics":[{"not_picked":["Runic Dome","Replay:Bronze Core"],"picked":"Replay:Wanted Poster"}],"items_purged_floors":[28],"is_endless":false,"potions_floor_spawned":[2,7,11,13,14,21,24],"killed_by":"Shelled Parasite and Fungi","ascension_level":0}}