{"host":"vcmmzzj6okc5j399","time":1608296880,"event":{"mods":["BaseMod","Minty Spire (QoL Compilation)","StSLib","The Poker Player"],"gold_per_floor":[212,223,276,276,276,304,315,158,158,190,190,204,279,305,305,402,402,417,428,343,343,363,363,363,363,363],"floor_reached":24,"playtime":2329,"items_purged":[],"score":214,"play_id":"06f4f5f8-ab9a-4000-b532-484a21a936c1","local_time":"20201218220800","is_ascension_mode":false,"metric_token":274,"campfire_choices":[{"data":"PokerPlayerMod:Configure","floor":11,"key":"SMITH"},{"data":"PokerPlayerMod:Spade7","floor":15,"key":"SMITH"},{"data":"PokerPlayerMod:FakeSymbols","floor":23,"key":"SMITH"}],"circlet_count":0,"master_deck":["PokerPlayerMod:Diamond2","PokerPlayerMod:Diamond3","PokerPlayerMod:Diamond4","PokerPlayerMod:Diamond5","PokerPlayerMod:Spade1","PokerPlayerMod:Spade2","PokerPlayerMod:Spade3","PokerPlayerMod:Spade4","PokerPlayerMod:Club1","PokerPlayerMod:Club2","PokerPlayerMod:Heart2","PokerPlayerMod:TrumpStrike+1","PokerPlayerMod:BadJoker","PokerPlayerMod:Mulligan+1","PokerPlayerMod:DiamondStrike","PokerPlayerMod:CardPrinter","PokerPlayerMod:Club3","PokerPlayerMod:Configure+1","PokerPlayerMod:CloakAndDiamond","PokerPlayerMod:Spade8","PokerPlayerMod:Club3","PokerPlayerMod:FakeSymbols+1","PokerPlayerMod:Raise","PokerPlayerMod:Extraction","Trip","PokerPlayerMod:Heart4"],"relics":["PokerPlayerMod:DeckCase","PreservedInsect","Bag of Marbles","Blood Vial","Eternal Feather","Strawberry","PokerPlayerMod:BrokenClock","SacredBark","Kunai"],"acts_visited":["Exordium","TheCity"],"potions_floor_usage":[10],"damage_taken":[{"damage":4,"enemies":"Cultist","floor":1,"turns":4},{"damage":0,"enemies":"2 Louse","floor":2,"turns":2},{"damage":11,"enemies":"3 Sentries","floor":6,"turns":3},{"damage":0,"enemies":"Small Slimes","floor":7,"turns":3},{"damage":12,"enemies":"Lagavulin","floor":10,"turns":3},{"damage":0,"enemies":"Looter","floor":12,"turns":2},{"damage":3,"enemies":"Gremlin Nob","floor":14,"turns":3},{"damage":23,"enemies":"The Guardian","floor":16,"turns":6},{"damage":0,"enemies":"3 Byrds","floor":18,"turns":3},{"damage":21,"enemies":"2 Thieves","floor":19,"turns":4},{"damage":8,"enemies":"Centurion and Healer","floor":22,"turns":6},{"damage":67,"enemies":"Book of Stabbing","floor":24,"turns":5}],"seed_played":"-1102440046254006143","potions_obtained":[{"floor":2,"key":"Fire Potion"},{"floor":6,"key":"EssenceOfSteel"},{"floor":7,"key":"AttackPotion"},{"floor":14,"key":"ColorlessPotion"},{"floor":22,"key":"SkillPotion"}],"is_trial":false,"path_per_floor":["M","M","T","?","?","E","M","$","T","E","R","M","?","E","R","B",null,"M","M","?","?","M","R","E"],"character_chosen":"THE_POKER_PLAYER","items_purchased":["Blood Vial"],"campfire_rested":0,"item_purchase_floors":[8],"current_hp_per_floor":[48,52,52,42,42,33,35,35,35,35,47,49,38,37,49,34,59,59,42,42,30,28,43,0,0,0],"gold":363,"neow_bonus":"HUNDRED_GOLD","is_daily":false,"chose_seed":false,"campfire_upgraded":3,"win_rate":0.0,"timestamp":1608296880,"path_taken":["M","M","?","?","?","E","M","$","T","E","R","M","?","E","R","BOSS","M","M","?","?","?","R","E"],"items_purchased_type":["Relic"],"build_version":"2020-12-13","purchased_purges":0,"victory":false,"max_hp_per_floor":[52,52,52,52,52,52,52,52,52,59,59,59,59,59,59,59,59,59,59,59,59,59,59,59,59,59],"card_choices":[{"not_picked":["PokerPlayerMod:DartThrow","PokerPlayerMod:HotShotCut"],"picked":"PokerPlayerMod:DiamondStrike","floor":1},{"not_picked":["PokerPlayerMod:DiamondStrike","PokerPlayerMod:Club2"],"picked":"PokerPlayerMod:CardPrinter","floor":2},{"not_picked":["PokerPlayerMod:CardPrinter","PokerPlayerMod:Spade3"],"picked":"PokerPlayerMod:Configure","floor":6},{"not_picked":["PokerPlayerMod:Club2","PokerPlayerMod:Trickery"],"picked":"PokerPlayerMod:CloakAndDiamond","floor":7},{"not_picked":["PokerPlayerMod:CloakAndDiamond","PokerPlayerMod:Diamond5"],"picked":"PokerPlayerMod:Spade7","floor":10},{"not_picked":["PokerPlayerMod:Spade3","PokerPlayerMod:Diamond3","PokerPlayerMod:Heart1"],"picked":"SKIP","floor":12},{"not_picked":["PokerPlayerMod:Spade3","PokerPlayerMod:Fold"],"picked":"PokerPlayerMod:Club3","floor":14},{"not_picked":["PokerPlayerMod:ItsShowtime","PokerPlayerMod:Heart9"],"picked":"PokerPlayerMod:FakeSymbols","floor":16},{"not_picked":["PokerPlayerMod:Spade2","PokerPlayerMod:Trickery"],"picked":"PokerPlayerMod:Raise","floor":18},{"not_picked":["PokerPlayerMod:Diamond2","PokerPlayerMod:DartThrow"],"picked":"PokerPlayerMod:Extraction","floor":19},{"not_picked":["PokerPlayerMod:Diamond1","PokerPlayerMod:Trickery+1"],"picked":"PokerPlayerMod:Heart4","floor":22}],"player_experience":136482,"relics_obtained":[{"floor":3,"key":"PreservedInsect"},{"floor":6,"key":"Bag of Marbles"},{"floor":9,"key":"Eternal Feather"},{"floor":10,"key":"Strawberry"},{"floor":14,"key":"PokerPlayerMod:BrokenClock"}],"event_choices":[{"damage_healed":0,"gold_gain":0,"player_choice":"Entered Light","damage_taken":10,"max_hp_gain":0,"max_hp_loss":0,"event_name":"Shining Light","floor":4,"gold_loss":0,"cards_upgraded":["PokerPlayerMod:TrumpStrike","PokerPlayerMod:Mulligan"]},{"cards_removed":["PokerPlayerMod:Diamond1"],"damage_healed":0,"gold_gain":0,"player_choice":"Trade","damage_taken":0,"max_hp_gain":0,"max_hp_loss":0,"event_name":"PokerPlayerMod:ExordiumClub","floor":5,"gold_loss":0,"cards_obtained":["PokerPlayerMod:Club3"]},{"damage_healed":0,"gold_gain":75,"player_choice":"Gather Gold","damage_taken":11,"max_hp_gain":0,"max_hp_loss":0,"event_name":"World of Goop","floor":13,"gold_loss":0},{"damage_healed":0,"gold_gain":0,"player_choice":"Obtained Relic","damage_taken":0,"relics_obtained":["Kunai"],"max_hp_gain":0,"max_hp_loss":0,"event_name":"Addict","floor":20,"gold_loss":85},{"damage_healed":0,"gold_gain":0,"player_choice":"CARD ","damage_taken":12,"max_hp_gain":0,"max_hp_loss":0,"event_name":"Knowing Skull","floor":21,"potions_obtained":[],"gold_loss":0,"cards_obtained":["Trip"]}],"is_beta":false,"boss_relics":[{"not_picked":["Fusion Hammer","Astrolabe"],"picked":"SacredBark"}],"items_purged_floors":[],"is_endless":false,"potions_floor_spawned":[2,6,7,14,19,22],"killed_by":"Book of Stabbing","ascension_level":0}}