{"host":"nk1hwk2qadwaubm5","time":1608308446,"event":{"mods":["BaseMod","Hermit","Infinite Spire","Marisa????????","Minty Spire (QoL Compilation)","Replay The Spire","StSLib","The Animator","The Cursed","The Jungle","The Servant 0.9.4"],"gold_per_floor":[115,115,115,125,138,165,165,38,117,130,145,179,197,8,8,109,109,124,135,146,159,6,32,32,32,58,84,84,84,100,100,100,205,205,218,218,229,229,243,243,243],"floor_reached":40,"playtime":4984,"items_purged":["Strike_MRS","Strike_MRS"],"score":513,"play_id":"78689346-8c4d-4f35-9172-1e5e1c31bc81","local_time":"20201218172046","is_ascension_mode":false,"campfire_choices":[{"data":"MysteriousBeam","floor":7,"key":"SMITH"},{"data":"CollectingQuirk","floor":15,"key":"SMITH"},{"floor":24,"key":"REST"},{"data":"GalacticHalo","floor":28,"key":"SMITH"},{"data":"MagicChant","floor":32,"key":"SMITH"}],"circlet_count":0,"master_deck":["Strike_MRS","Strike_MRS","Defend_MRS","Defend_MRS","Defend_MRS","Defend_MRS","MasterSpark+1","UpSweep","MysteriousBeam+1","DoubleSpark","CollectingQuirk+1","GalacticHalo+1","CasketOfStar+1","JA+1","AbeCurse","MagicChant+1","Acceleration","SprinkleStarSeal","GalacticHalo","ShootingEcho","MaximisePower+1","IllusionStar","AsteroidBelt+1","CasketOfStar+1","Finesse","Purity","GasGiant+1","Wraith"],"relics":["MiniHakkero","NeowsBlessing","Strawberry","Golden Egg","infinitespire:Satchel","Membership Card","Abe\u0027s Treasure","Incense Burner","Darkstone Periapt","Orrery","Replay:Baseball","Centennial Puzzle","Black Star"],"acts_visited":["Exordium","Exordium","TheBeyond"],"potions_floor_usage":[6,6,6,16,20,23,37,39,40],"damage_taken":[{"damage":0,"enemies":"Jaw Worm","floor":1,"turns":1},{"damage":0,"enemies":"Small Slimes","floor":4,"turns":1},{"damage":0,"enemies":"2 Louse","floor":5,"turns":1},{"damage":13,"enemies":"3 Sentries","floor":6,"turns":5},{"damage":9,"enemies":"2 Fungi Beasts","floor":10,"turns":3},{"damage":0,"enemies":"Looter","floor":11,"turns":2},{"damage":4,"enemies":"Replay:BlueRogue","floor":12,"turns":4},{"damage":3,"enemies":"Exordium Thugs","floor":13,"turns":2},{"damage":0,"enemies":"Slime Boss","floor":16,"turns":6},{"damage":2,"enemies":"Shell Parasite","floor":18,"turns":3},{"damage":30,"enemies":"theJungle:Flameango_and_Byrd","floor":19,"turns":4},{"damage":30,"enemies":"theJungle:2_Flameangoes","floor":20,"turns":5},{"damage":0,"enemies":"theJungle:2_Snecko_Cultists","floor":21,"turns":3},{"damage":30,"enemies":"theJungle:2_Phrogs","floor":23,"turns":5},{"damage":14,"enemies":"Nightmare","floor":27,"turns":6},{"damage":0,"enemies":"theJungle:SlimyTreeVines","floor":30,"turns":3},{"damage":2,"enemies":"theJungle:TotemBoss","floor":33,"turns":6},{"damage":8,"enemies":"3 Darklings","floor":35,"turns":4},{"damage":6,"enemies":"3 Shapes","floor":37,"turns":2},{"damage":0,"enemies":"Spire Growth","floor":39,"turns":2},{"damage":72,"enemies":"Nightmare","floor":40,"turns":9}],"seed_played":"-3533885125766048316","potions_obtained":[{"floor":4,"key":"EntropicBrew"},{"floor":5,"key":"LiquidBronze"},{"floor":6,"key":"Fire Potion"},{"floor":21,"key":"GamblersBrew"},{"floor":23,"key":"LifebloodPotion"},{"floor":30,"key":"Fire Potion"},{"floor":35,"key":"LifebloodPotion"}],"is_trial":false,"path_per_floor":["M","?","?","M","M","E","R","$","T","M","M","E","M","$","R","B",null,"M","M","M","M","$","E","R","AVR","T","NM","R","?","M","?","R","B",null,"M","?","M","?","M","NM"],"character_chosen":"MARISA","items_purchased":["CollectingQuirk","GalacticHalo","Membership Card","Incense Burner"],"campfire_rested":1,"item_purchase_floors":[8,8,14,22],"current_hp_per_floor":[75,75,75,75,75,69,69,69,69,60,60,56,53,53,53,53,82,80,50,20,20,20,21,45,45,45,31,31,42,42,37,37,35,87,79,69,63,69,69,0,0],"gold":243,"neow_bonus":"THREE_ENEMY_KILL","is_daily":false,"chose_seed":false,"campfire_upgraded":4,"win_rate":0.0,"timestamp":1608308446,"path_taken":["M","?","?","M","M","E","R","?","T","M","M","E","M","$","R","BOSS","M","M","M","M","$","E","R","AVR","T","NM","R","?","M","?","R","BOSS","M","?","M","?","M","NM"],"items_purchased_type":["Card","Card","Relic","Relic"],"build_version":"2020-12-13","purchased_purges":2,"victory":false,"max_hp_per_floor":[75,75,75,75,75,82,82,82,82,82,82,82,82,82,82,82,82,82,82,82,82,82,82,82,82,82,82,82,82,82,87,87,87,87,87,87,87,93,93,93,93],"card_choices":[{"not_picked":["GravityBeat","NonDirectionalLaser"],"picked":"MysteriousBeam","floor":1},{"not_picked":["MeteoricShower","FairyDestructionRay"],"picked":"DoubleSpark","floor":4},{"not_picked":["AsteroidBelt","DarkMatter","WitchLeyline"],"picked":"SKIP","floor":5},{"not_picked":["IllusionStar","UnstableBomb","PropBag"],"picked":"SKIP","floor":6},{"not_picked":["DC","ChargingUp","MeteoricShower"],"picked":"SKIP","floor":10},{"not_picked":["GravityBeat","Robbery","WitchLeyline"],"picked":"SKIP","floor":11},{"not_picked":["DeepEcoloBomb","SuperPerseids"],"picked":"CasketOfStar","floor":12},{"not_picked":["IllusionStar","MilkyWay","DragonMeteor"],"picked":"SKIP","floor":13},{"not_picked":["SatelliteIllusion","EscapeVelocity"],"picked":"JA","floor":16},{"not_picked":["DC+1","SporeBomb"],"picked":"MagicChant","floor":18},{"not_picked":["6A","RefractionSpark","NonDirectionalLaser+1"],"picked":"SKIP","floor":19},{"not_picked":["PowerUp+1","DC"],"picked":"Acceleration","floor":20},{"not_picked":["ShootingEcho","BinaryStars","WitchLeyline+1"],"picked":"SKIP","floor":21},{"not_picked":["PowerUp","OpenUniverse"],"picked":"SprinkleStarSeal","floor":23},{"not_picked":["GasGiant","UnstableBomb+1"],"picked":"GalacticHalo","floor":25},{"not_picked":["Robbery","NonDirectionalLaser"],"picked":"ShootingEcho","floor":25},{"not_picked":["WitchOfGreed","StarlightTyphoon"],"picked":"MaximisePower","floor":25},{"not_picked":["ShootingEcho","SprinkleStarSeal"],"picked":"IllusionStar","floor":25},{"not_picked":["DarkSpark","StarlightTyphoon+1","FairyDestructionRay+1"],"picked":"SKIP","floor":27},{"not_picked":["Occultation+1","ChargeUpSpray"],"picked":"AsteroidBelt+1","floor":30},{"not_picked":["MaximisePower","TreasureHunter"],"picked":"CasketOfStar","floor":33},{"not_picked":["GrandCross+1","WitchOfGreed","LuminesStrike+1"],"picked":"SKIP","floor":35},{"not_picked":["Replay:Sssssssssstrike","Deep Breath"],"picked":"Finesse","floor":36},{"not_picked":["Secret Weapon","Panache"],"picked":"Purity","floor":36},{"not_picked":["SporeBomb+1","AsteroidBelt"],"picked":"GasGiant+1","floor":37},{"not_picked":["MilkyWay+1","DeepEcoloBomb","LuminesStrike"],"picked":"SKIP","floor":39}],"player_experience":184683,"relics_obtained":[{"floor":6,"key":"Strawberry"},{"floor":9,"key":"Golden Egg"},{"floor":12,"key":"infinitespire:Satchel"},{"floor":23,"key":"Darkstone Periapt"},{"floor":26,"key":"Replay:Baseball"},{"floor":27,"key":"Centennial Puzzle"}],"event_choices":[{"damage_healed":0,"gold_gain":0,"player_choice":"Ignored","damage_taken":0,"max_hp_gain":0,"max_hp_loss":0,"event_name":"Liars Game","floor":2,"gold_loss":0},{"damage_healed":0,"gold_gain":0,"player_choice":"Grow","damage_taken":0,"max_hp_gain":0,"max_hp_loss":0,"event_name":"Living Wall","floor":3,"gold_loss":0,"cards_upgraded":["MasterSpark"]},{"damage_healed":0,"gold_gain":0,"player_choice":"Memory 3","damage_taken":10,"max_hp_gain":0,"max_hp_loss":0,"event_name":"SensoryStone","floor":36,"gold_loss":0},{"damage_healed":0,"gold_gain":0,"player_choice":"Ignored","damage_taken":0,"max_hp_gain":0,"max_hp_loss":0,"event_name":"OrinTheCat","floor":38,"gold_loss":0}],"is_beta":false,"boss_relics":[{"not_picked":["Honey Jar","BewitchedHakkero"],"picked":"Abe\u0027s Treasure"},{"not_picked":["Kintsugi","Runic Pyramid"],"picked":"Black Star"}],"items_purged_floors":[14,25],"is_endless":true,"potions_floor_spawned":[4,5,6,11,21,23,30,35],"killed_by":"Nightmare","ascension_level":0}}