{"host":"0i8dz4ityulxi1rd","time":1608298420,"event":{"mods":["BaseMod","Colored Map","Colored Powertips","Custom Start","Highlight Path","Hubris","Keyboard Shortcuts","Minty Spire (QoL Compilation)","StSLib","SuperFastMode","The Runesmith"],"gold_per_floor":[114,134,134,209,11,49,65,78,105,55,55,90,90,113,113,113,113],"floor_reached":16,"playtime":299,"items_purged":["Strike_R","Strike_R"],"score":266,"play_id":"43fa28da-7d4c-4fc4-81b4-2dda9ca8523c","local_time":"20201218223340","is_ascension_mode":true,"campfire_choices":[{"floor":13.0,"key":"REST"},{"data":"Bash","floor":15,"key":"SMITH"}],"circlet_count":0,"master_deck":["AscendersBane","Strike_R","Strike_R","Strike_R","Defend_R","Defend_R","Defend_R","Defend_R","Bash+1","Twin Strike","Flame Barrier","Cleave","Heavy Blade","Second Wind","Sword Boomerang"],"relics":["Burning Blood","NeowsBlessing","Golden Idol","Membership Card","Boot","Oddly Smooth Stone","Dream Catcher"],"acts_visited":["Exordium"],"potions_floor_usage":[],"damage_taken":[{"damage":0.0,"enemies":"Jaw Worm","floor":1.0,"turns":1.0},{"damage":0.0,"enemies":"2 Louse","floor":2.0,"turns":1.0},{"damage":0.0,"enemies":"3 Sentries","floor":6.0,"turns":2.0},{"damage":10.0,"enemies":"Small Slimes","floor":7.0,"turns":3.0},{"damage":6.0,"enemies":"Looter","floor":8.0,"turns":3.0},{"damage":34.0,"enemies":"Lagavulin","floor":12.0,"turns":7.0},{"damage":46,"enemies":"Hexaghost","floor":16,"turns":8}],"seed_played":"-5963245418161275361","potions_obtained":[{"floor":6.0,"key":"ElixirPotion"},{"floor":7.0,"key":"Explosive Potion"}],"is_trial":false,"path_per_floor":["M","M","?","?","$","E","M","M","T","$","?","E","R","T","R","B"],"character_chosen":"IRONCLAD","items_purchased":["Membership Card"],"campfire_rested":1,"item_purchase_floors":[5],"current_hp_per_floor":[74,75,49,38,38,44,40,40,40,40,65,37,59,59,59,13,13],"gold":113,"neow_bonus":"THREE_ENEMY_KILL","is_daily":false,"chose_seed":false,"campfire_upgraded":1,"win_rate":0.0,"timestamp":1608298420,"path_taken":["M","M","?","?","$","E","M","M","T","$","?","E","R","?","R","BOSS"],"items_purchased_type":["Relic"],"build_version":"2020-12-13","purchased_purges":2,"victory":false,"max_hp_per_floor":[75,75,75,75,75,75,75,75,75,75,75,75,75,75,75,75,75],"card_choices":[{"not_picked":["Warcry","Iron Wave"],"picked":"Twin Strike","floor":1.0},{"not_picked":["Pummel","Anger"],"picked":"Flame Barrier","floor":2.0},{"not_picked":["Perfected Strike","Metallicize"],"picked":"Cleave","floor":6.0},{"not_picked":["Sword Boomerang","Pummel","Twin Strike"],"picked":"SKIP","floor":7.0},{"not_picked":["Sentinel","hubris:ReadiedAction"],"picked":"Heavy Blade","floor":8.0},{"not_picked":["Iron Wave","Perfected Strike"],"picked":"Second Wind","floor":12.0},{"not_picked":["Twin Strike","Feed"],"picked":"Sword Boomerang","floor":13.0}],"player_experience":1255838,"relics_obtained":[{"floor":6.0,"key":"Boot"},{"floor":9.0,"key":"Oddly Smooth Stone"},{"floor":12.0,"key":"Dream Catcher"}],"event_choices":[{"damage_healed":0.0,"max_hp_gain":0.0,"max_hp_loss":0.0,"gold_gain":0.0,"event_name":"Golden Idol","player_choice":"Take Damage","floor":3.0,"gold_loss":0.0,"damage_taken":26.0,"relics_obtained":["Golden Idol"]},{"damage_healed":0.0,"max_hp_gain":0.0,"max_hp_loss":0.0,"gold_gain":75.0,"event_name":"World of Goop","player_choice":"Gather Gold","floor":4.0,"gold_loss":0.0,"damage_taken":11.0},{"damage_healed":25.0,"max_hp_gain":0.0,"max_hp_loss":0.0,"gold_gain":0.0,"event_name":"Big Fish","player_choice":"Banana","floor":11.0,"gold_loss":0.0,"damage_taken":0.0}],"is_beta":false,"boss_relics":[],"items_purged_floors":[5,10],"is_endless":false,"potions_floor_spawned":[6,7],"killed_by":"Hexaghost","ascension_level":20}}