{"host":"i9wanet4r0ff4t9y","time":1608299706,"event":{"mods":["2.2 Compatiblity","Act Like it!","BaseMod","Bestiary","Better Altar","Better Match","Better Note","Better Sensory Stone","Better Skull","Better Third Choice","Better Vampires","BetterRewards","CapriCore","Curses Come First","Downfall","Minty Spire (QoL Compilation)","Quick Restart","READ ME - Guardian Mod","READ ME - Snecko Mod","Relic Stats","Replay The Spire","Say the Spire","Spicy Shops","StSLib","The Disciple","Waifu the Spire"],"gold_per_floor":[99,99,99,116,116,127,151,151,161,161,174,184,204,9,27,122,122,205,231,231,231,248,248,248,267,267,267,286,286,39,57,74,171,171,171,10,29,66,83,83,83,109,169,169,188,199,21,39,59,59],"floor_reached":51,"playtime":2928,"items_purged":["Pride"],"score":743,"play_id":"f909425f-9686-4c57-a75a-2287ca48bbf0","local_time":"20201218145506","is_ascension_mode":false,"campfire_choices":[{"data":"hexamod:Sear","floor":1.0,"key":"SMITH"},{"floor":3.0,"key":"REST"},{"data":"hexamod:EmpoweredFlame","floor":5.0,"key":"SMITH"},{"data":"hexamod:HeatCrush","floor":10.0,"key":"SMITH"},{"floor":20.0,"key":"REST"},{"floor":27.0,"key":"REST"},{"data":"hexamod:SearingWound","floor":35.0,"key":"SMITH"},{"floor":40.0,"key":"REST"},{"data":"hexamod:WildfireWeapon","floor":44.0,"key":"SMITH"}],"circlet_count":0,"master_deck":["hexamod:Strike","hexamod:Strike","hexamod:Strike+1","hexamod:Strike","hexamod:Defend+1","hexamod:Defend+1","hexamod:Defend+1","hexamod:Defend+1","hexamod:Sear+1","hexamod:Float+1","hexamod:EmpoweredFlame+1","hexamod:EtherealExpedition+1","hexamod:HeatCrush+1","hexamod:ChargedBarrage","hexamod:Incineration","hexamod:HeatMetal+1","hexamod:FirstSeal","expansioncontent:DashGenerateEvil+1","hexamod:SixthSeal","hexamod:WildfireWeapon+1","hexamod:Again","hexamod:HeatShield+1","hexamod:RadiantFlame+1","hexamod:Incineration+1","hexamod:VolcanoVisage+1","expansioncontent:Corrupt+1","hexamod:SpectersWail","hexamod:GhostOfSpirePast+1","hexamod:RainOfEmbers+1","hexamod:SearingWound+1","hexamod:StepThrough+1","Replay:SS_hec_2","hexamod:NightmareGuise","hexamod:GhostOfSpirePast","hexamod:SecondSeal","hexamod:ShieldOfDarkness+1","hexamod:Firestarter+1","hexamod:ThirdSeal","hexamod:VolcanoVisage","hexamod:BurningTouch+1","hexamod:NightmareGuise","hexamod:BacktrackSmack","hexamod:BacktrackSmack","hexamod:BurningTouch+1","hexamod:EmpoweredFlame+1"],"relics":["hexamod:SpiritBrand","MealTicket","Pen Nib","Regal Pillow","Tiny Chest","SlaversCollar","Ornamental Fan","Replay:WaspNest","Shuriken","downfall:KnowingSkull","Honey Jar","Nunchaku","Toolbox","Chemical X","Bottled Tornado","ReplayTheSpireMod:Shallot","Dream Catcher"],"acts_visited":["Exordium","TheCity","TheBeyond"],"potions_floor_usage":[50,50],"damage_taken":[{"damage":0.0,"enemies":"Jaw Worm","floor":4.0,"turns":3.0},{"damage":0.0,"enemies":"Cultist","floor":6.0,"turns":3.0},{"damage":0.0,"enemies":"Small Slimes","floor":9.0,"turns":3.0},{"damage":5.0,"enemies":"Gremlin Gang","floor":11.0,"turns":6.0},{"damage":6.0,"enemies":"Blue Slaver","floor":12.0,"turns":3.0},{"damage":0.0,"enemies":"2 Fungi Beasts","floor":13.0,"turns":3.0},{"damage":0.0,"enemies":"downfall:FleeingMerchant","floor":14.0,"turns":4.0},{"damage":7.0,"enemies":"3 Louse","floor":15.0,"turns":3.0},{"damage":27.0,"enemies":"downfall:Ironclad","floor":16.0,"turns":7.0},{"damage":56.0,"enemies":"Gremlin Leader","floor":19.0,"turns":7.0},{"damage":12.0,"enemies":"3 Byrds","floor":22.0,"turns":6.0},{"damage":14.0,"enemies":"Centurion and Healer","floor":25.0,"turns":5.0},{"damage":17.0,"enemies":"Cultist and Chosen","floor":28.0,"turns":7.0},{"damage":1.0,"enemies":"downfall:FleeingMerchant","floor":30.0,"turns":4.0},{"damage":19.0,"enemies":"Snake Plant","floor":31.0,"turns":4.0},{"damage":8.0,"enemies":"Snecko","floor":32.0,"turns":5.0},{"damage":15.0,"enemies":"downfall:Defect","floor":33.0,"turns":7.0},{"damage":3.0,"enemies":"downfall:FleeingMerchant","floor":36.0,"turns":3.0},{"damage":1.0,"enemies":"Orb Walker","floor":37.0,"turns":4.0},{"damage":17.0,"enemies":"Giant Head","floor":38.0,"turns":7.0},{"damage":20.0,"enemies":"3 Darklings","floor":39.0,"turns":5.0},{"damage":0.0,"enemies":"Maw","floor":43.0,"turns":7.0},{"damage":52.0,"enemies":"Sphere and 2 Shapes","floor":45.0,"turns":4.0},{"damage":12.0,"enemies":"Jaw Worm Horde","floor":46.0,"turns":4.0},{"damage":3.0,"enemies":"Spire Growth","floor":48.0,"turns":6.0},{"damage":1.0,"enemies":"4 Shapes","floor":49.0,"turns":4.0},{"damage":209,"enemies":"downfall:Silent","floor":50,"turns":7}],"seed_played":"4985007331503156058","potions_obtained":[{"floor":4.0,"key":"Swift Potion"},{"floor":9.0,"key":"SkillPotion"},{"floor":11.0,"key":"hexamod:DoubleChargePotion"},{"floor":15.0,"key":"Strength Potion"},{"floor":16.0,"key":"Block Potion"},{"floor":21.0,"key":"Guardian:BlockOnCardUsePotion"},{"floor":21.0,"key":"Milkshake"},{"floor":21.0,"key":"SpeedPotion"},{"floor":22.0,"key":"LiquidMemories"},{"floor":28.0,"key":"Fire Potion"},{"floor":31.0,"key":"champ:CounterPotion"},{"floor":37.0,"key":"SkillPotion"},{"floor":43.0,"key":"SpeedPotion"},{"floor":45.0,"key":"SteroidPotion"},{"floor":46.0,"key":"PowerPotion"},{"floor":49.0,"key":"FearPotion"}],"is_trial":false,"path_per_floor":["R","?","R","M","R","M","T","?","M","R","M","M","M","$","M","B",null,"R","E","R","?","M","T","T","M","?","R","M","?","$","M","M","B",null,"R","$","M","E","M","R","T","T","M","R","M","M","$","M","M","B",null],"character_chosen":"THE_SPIRIT","items_purchased":["expansioncontent:DashGenerateEvil","expansioncontent:Corrupt","hexamod:SpectersWail","Replay:SS_hec_2","Nunchaku","Toolbox","Chemical X","hexamod:NightmareGuise","hexamod:GhostOfSpirePast","hexamod:NightmareGuise","hexamod:BacktrackSmack"],"campfire_rested":4,"item_purchase_floors":[14,30,30,36,36,36,36,36,36,47,47],"current_hp_per_floor":[70,39,70,70,70,70,70,70,70,70,65,59,59,70,70,50,70,70,21,57,57,52,52,52,45,37,70,53,46,67,55,54,68,70,70,70,70,60,40,70,70,70,70,70,18,6,21,18,17,70],"gold":59,"neow_bonus":"RANDOM_COMMON_RELIC","is_daily":false,"chose_seed":false,"campfire_upgraded":5,"win_rate":0.0,"timestamp":1608299706,"path_taken":["R","?","R","M","R","?","T","?","?","R","M","M","M","$","M","BOSS","R","E","R","?","M","?","T","M","?","R","M","?","$","M","M","BOSS","R","$","?","E","M","R","T","?","M","R","?","M","?","M","M","BOSS"],"items_purchased_type":["Card","Card","Card","Card","Relic","Relic","Relic","Card","Card","Card","Card"],"build_version":"2020-12-13","purchased_purges":1,"victory":true,"max_hp_per_floor":[70,70,70,70,70,70,70,70,70,70,70,70,70,70,70,70,70,70,70,70,70,70,70,70,70,70,70,70,70,70,70,70,70,70,70,70,70,70,70,70,70,70,70,70,70,70,70,70,70,70],"relic_stats":{"Regal Pillow":46,"Nunchaku":[6],"Dream Catcher":0,"counters":[27,131],"Ornamental Fan":[24],"Shuriken":[6],"MealTicket":41,"Tiny Chest":2,"Pen Nib":[16],"Chemical X":[11],"obtain_stats":[{"Regal Pillow":2,"Pen Nib":2,"Replay:WaspNest":23,"Bottled Tornado":38,"SlaversCollar":17,"Nunchaku":36,"Dream Catcher":42,"ReplayTheSpireMod:Shallot":41,"Ornamental Fan":19,"Shuriken":24,"Honey Jar":34,"Toolbox":36,"MealTicket":0,"Tiny Chest":7,"downfall:KnowingSkull":29,"Chemical X":36,"hexamod:SpiritBrand":0},{"Regal Pillow":0,"Pen Nib":0,"Replay:WaspNest":11,"Bottled Tornado":20,"SlaversCollar":9,"Nunchaku":18,"Dream Catcher":21,"ReplayTheSpireMod:Shallot":21,"Ornamental Fan":10,"Shuriken":11,"Honey Jar":17,"Toolbox":18,"MealTicket":0,"Tiny Chest":2,"downfall:KnowingSkull":13,"Chemical X":18,"hexamod:SpiritBrand":0},{"Regal Pillow":0,"Pen Nib":0,"Replay:WaspNest":48,"Bottled Tornado":94,"SlaversCollar":35,"Nunchaku":83,"Dream Catcher":99,"ReplayTheSpireMod:Shallot":99,"Ornamental Fan":42,"Shuriken":48,"Honey Jar":80,"Toolbox":83,"MealTicket":0,"Tiny Chest":6,"downfall:KnowingSkull":60,"Chemical X":83,"hexamod:SpiritBrand":0}]},"card_choices":[{"not_picked":["hexamod:NecessarySacrifice","hexamod:GhostOfSpirePresent"],"picked":"hexamod:EmpoweredFlame","floor":4.0},{"not_picked":["hexamod:ThermalTransfer","hexamod:ShieldOfDarkness"],"picked":"hexamod:EtherealExpedition","floor":6.0},{"not_picked":["hexamod:BacktrackSmack","hexamod:RainOfEmbers"],"picked":"hexamod:HeatCrush","floor":9.0},{"not_picked":["hexamod:HeatCrush","hexamod:NightmareGuise"],"picked":"hexamod:ChargedBarrage","floor":11.0},{"not_picked":["hexamod:RecurringNightmare","hexamod:RainOfEmbers"],"picked":"hexamod:Incineration","floor":12.0},{"not_picked":["hexamod:RainOfEmbers","hexamod:SkipABeat"],"picked":"hexamod:HeatMetal","floor":13.0},{"not_picked":["hexamod:ChargedBarrage","hexamod:BacktrackSmack"],"picked":"hexamod:FirstSeal","floor":14.0},{"not_picked":["hexamod:Hexaguard","hexamod:GhostOfSpirePast"],"picked":"hexamod:SixthSeal","floor":15.0},{"not_picked":["hexamod:TimeWarp","hexamod:SixthSeal"],"picked":"hexamod:WildfireWeapon","floor":16.0},{"not_picked":["hexamod:ShieldOfDarkness","hexamod:Rewind"],"picked":"hexamod:Again","floor":19.0},{"not_picked":["hexamod:CatchUp","hexamod:Hexaguard+1"],"picked":"hexamod:HeatShield+1","floor":22.0},{"not_picked":["hexamod:EmpoweredFlame","hexamod:GhostOfSpireFuture+1"],"picked":"hexamod:RadiantFlame","floor":25.0},{"not_picked":["hexamod:FastForward","hexamod:HeatShield"],"picked":"hexamod:Incineration+1","floor":28.0},{"not_picked":["hexamod:SpectersWail+1","hexamod:NightmareStrike"],"picked":"hexamod:VolcanoVisage","floor":30.0},{"not_picked":["hexamod:RainOfEmbers","hexamod:GhostShield"],"picked":"hexamod:GhostOfSpirePast","floor":31.0},{"not_picked":["hexamod:InspiringFlames","hexamod:GhostLash+1"],"picked":"hexamod:RainOfEmbers+1","floor":32.0},{"not_picked":["hexamod:HexaLevel","hexamod:GhostflameInferno"],"picked":"hexamod:SearingWound","floor":33.0},{"not_picked":["hexamod:SkipABeat+1","hexamod:PhantomCloak","hexamod:FastForward+1"],"picked":"hexamod:StepThrough+1","floor":36.0},{"not_picked":["hexamod:BurningTouch+1","hexamod:ExtraCrispy","hexamod:AdvancingGuard+1"],"picked":"hexamod:SecondSeal","floor":37.0},{"not_picked":["hexamod:GhostLash+1","hexamod:NightmareGuise","hexamod:Hexaguard"],"picked":"hexamod:ShieldOfDarkness+1","floor":38.0},{"not_picked":["hexamod:HauntingEcho","hexamod:SpectersWail+1","hexamod:AdvancingGuard"],"picked":"hexamod:Firestarter+1","floor":39.0},{"not_picked":["hexamod:Hexaguard+1","hexamod:StepThrough+1","hexamod:Incineration+1"],"picked":"hexamod:ThirdSeal","floor":43.0},{"not_picked":["hexamod:EmpoweredFlame+1","hexamod:NightmareGuise+1","hexamod:GhostflameBarrier"],"picked":"hexamod:VolcanoVisage","floor":45.0},{"not_picked":["hexamod:ShieldOfDarkness","hexamod:PhantomFireball+1","hexamod:GhostOfSpireFuture+1"],"picked":"hexamod:BurningTouch+1","floor":46.0},{"not_picked":["hexamod:Hexaguard+1","hexamod:CatchUp","hexamod:SpectersWail"],"picked":"hexamod:BurningTouch+1","floor":48.0},{"not_picked":["hexamod:ShieldOfDarkness","hexamod:ExtraCrispy+1","hexamod:FastForward"],"picked":"hexamod:EmpoweredFlame+1","floor":49.0}],"player_experience":370881,"relics_obtained":[{"floor":7.0,"key":"Tiny Chest"},{"floor":19.0,"key":"Ornamental Fan"},{"floor":23.0,"key":"Replay:WaspNest"},{"floor":24.0,"key":"Shuriken"},{"floor":38.0,"key":"Bottled Tornado"},{"floor":41.0,"key":"ReplayTheSpireMod:Shallot"},{"floor":42.0,"key":"Dream Catcher"}],"event_choices":[{"damage_healed":0.0,"max_hp_gain":0.0,"max_hp_loss":0.0,"gold_gain":0.0,"event_name":"betterSkull:BetterSkull","player_choice":"RE RE ","floor":2.0,"gold_loss":0.0,"damage_taken":35.0,"cards_upgraded":[],"relics_obtained":["Pen Nib","Regal Pillow"]},{"damage_healed":0.0,"max_hp_gain":0.0,"max_hp_loss":0.0,"gold_gain":0.0,"event_name":"Upgrade Shrine","player_choice":"Upgraded","floor":8.0,"gold_loss":0.0,"damage_taken":0.0,"cards_upgraded":["hexamod:EtherealExpedition"]},{"damage_healed":0.0,"max_hp_gain":0.0,"max_hp_loss":0.0,"gold_gain":0.0,"event_name":"Lab","player_choice":"Got Potions","floor":21.0,"gold_loss":0.0,"damage_taken":0.0}],"is_beta":false,"boss_relics":[{"not_picked":["Velvet Choker","SacredBark"],"picked":"SlaversCollar"},{"not_picked":["Snecko Eye","Replay:Bronze Core"],"picked":"Honey Jar"}],"items_purged_floors":[47],"is_endless":false,"potions_floor_spawned":[4,9,11,15,16,22,28,31,32,37,43,45,46,49],"ascension_level":0}}