{"host":"phzz6vgtixj4nwio","time":1608290677,"event":{"mods":["BaseMod","GifTheSpireLib","Minty Spire (QoL Compilation)","StSLib","The Animator"],"gold_per_floor":[110,110,110,110,138,138,138,138,138,152,181,195,212,224,224,328,353,365,380,54,54,79,79,79,130,211,227,269,269,280,359,359,463,488,499,73,148,160,13,13,37,37,89,165,165,125,149,165,165,183,183,183,183,1,53,65,65],"floor_reached":56,"playtime":4880,"items_purged":["animator:Tatsumaki","animator:YunYun"],"score":714,"play_id":"4362584c-650e-493f-b1b8-e7f0e626e647","local_time":"20201218112437","is_ascension_mode":false,"campfire_choices":[{"floor":6,"key":"RECALL"},{"floor":8,"key":"REST"},{"floor":15,"key":"REST"},{"data":"animator:EmiyaShirou","floor":24,"key":"SMITH"},{"data":"animator:EmiyaShirou","floor":29,"key":"SMITH"},{"floor":32,"key":"REST"},{"floor":40,"key":"REST"},{"data":"animator:Archer","floor":42,"key":"SMITH"},{"data":"animator:Archer","floor":45,"key":"SMITH"},{"floor":49,"key":"REST"},{"data":"animator:Assassin","floor":52,"key":"SMITH"}],"circlet_count":0,"master_deck":["animator:Alexander+1","animator:Rider","animator:MisaKurobane","animator:Archer+1","animator:EmiyaShirou+1","animator:RinTohsaka","animator:Archer+1","animator:RinTohsaka","animator:Gilgamesh+9","animator:Assassin+1","animator:Shizu","animator:Archer","animator:Geryuganshoop","animator:Sora+1","animator:EmiyaShirou+1","animator:Alexander","animator:Berserker","animator:Saber","animator:Kaijin+1","animator:Chris+1","animator:Lancer","animator:Millim+1","animator:QuestionMark","animator:SakuraMatou"],"relics":["animator:VividPicture","animator:TheMissingPiece","Nunchaku","Bottled Tornado","Pandora\u0027s Box","animator:BattleDrones","MutagenicStrength","HornCleat","Vajra","Mummified Hand","Incense Burner","Strawberry","Lantern","animator:ShionDessert","Bottled Flame"],"acts_visited":["Exordium","TheCity","TheBeyond","TheEnding"],"potions_floor_usage":[16,19,28,28,33,33,41,44,47,48,50,56,56],"damage_taken":[{"damage":0,"enemies":"2 Louse","floor":1,"turns":2},{"damage":4,"enemies":"Jaw Worm","floor":5,"turns":5},{"damage":0,"enemies":"Small Slimes","floor":10,"turns":2},{"damage":0,"enemies":"Looter","floor":11,"turns":4},{"damage":6,"enemies":"Gremlin Gang","floor":12,"turns":3},{"damage":8,"enemies":"Large Slime","floor":13,"turns":5},{"damage":6,"enemies":"3 Louse","floor":14,"turns":3},{"damage":5,"enemies":"Hexaghost","floor":16,"turns":10},{"damage":5,"enemies":"3 Byrds","floor":18,"turns":3},{"damage":0,"enemies":"Spheric Guardian","floor":19,"turns":4},{"damage":19,"enemies":"Gremlin Leader","floor":25,"turns":5},{"damage":0,"enemies":"Centurion and Healer","floor":27,"turns":5},{"damage":0,"enemies":"3 Cultists","floor":28,"turns":4},{"damage":15,"enemies":"Snake Plant","floor":30,"turns":4},{"damage":5,"enemies":"Champ","floor":33,"turns":11},{"damage":32,"enemies":"3 Darklings","floor":35,"turns":4},{"damage":4,"enemies":"Mind Bloom Boss Battle","floor":37,"turns":5},{"damage":0,"enemies":"3 Shapes","floor":38,"turns":1},{"damage":0,"enemies":"Maw","floor":41,"turns":5},{"damage":9,"enemies":"Giant Head","floor":44,"turns":6},{"damage":3,"enemies":"Jaw Worm Horde","floor":47,"turns":2},{"damage":0,"enemies":"Transient","floor":48,"turns":5},{"damage":71,"enemies":"Awakened One","floor":50,"turns":8},{"damage":17,"enemies":"Shield and Spear","floor":55,"turns":4},{"damage":79,"enemies":"The Heart","floor":56,"turns":6}],"seed_played":"418045412593284931","potions_obtained":[{"floor":5,"key":"SkillPotion"},{"floor":11,"key":"LiquidMemories"},{"floor":13,"key":"DistilledChaos"},{"floor":18,"key":"LiquidMemories"},{"floor":25,"key":"EssenceOfSteel"},{"floor":30,"key":"Dexterity Potion"},{"floor":35,"key":"BlessingOfTheForge"},{"floor":38,"key":"Fire Potion"},{"floor":44,"key":"FearPotion"},{"floor":48,"key":"Explosive Potion"}],"is_trial":false,"path_per_floor":["M","?","?","?","M","R","$","R","T","M","M","M","M","M","R","B",null,"M","M","$","?","?","?","R","E","T","M","M","R","M","T","R","B",null,"M","$","?","M","$","R","M","R","T","E","R","?","M","M","R","B",null,"R","??","$","E","B"],"character_chosen":"THE_ANIMATOR","items_purchased":["animator:BattleDrones","Mummified Hand","animator:FalseLifePotion","Strawberry","animator:QuestionMark","Weak Potion","AttackPotion"],"campfire_rested":5,"item_purchase_floors":[20,36,36,39,54,54,54],"current_hp_per_floor":[66,66,59,34,30,30,30,49,49,50,50,44,36,30,50,46,68,63,63,63,51,51,51,51,32,32,32,32,32,17,17,38,35,75,43,43,39,39,46,70,70,70,70,61,61,61,58,58,82,11,82,82,82,82,65,0,0],"gold":65,"neow_bonus":"RANDOM_COLORLESS","is_daily":false,"chose_seed":false,"campfire_upgraded":5,"win_rate":0.0,"timestamp":1608290677,"path_taken":["M","?","?","?","M","R","?","R","T","M","M","?","M","M","R","BOSS","M","M","$","?","?","?","R","E","T","?","M","R","M","?","R","BOSS","M","$","?","M","$","R","M","R","T","E","R","?","?","M","R","BOSS","R","??","$","E","BOSS"],"items_purchased_type":["Relic","Relic","Potion","Relic","Card","Potion","Potion"],"build_version":"2020-12-13","purchased_purges":2,"victory":false,"max_hp_per_floor":[66,66,66,66,66,66,66,66,66,67,67,67,67,67,67,68,68,68,68,68,73,73,73,73,73,73,73,73,73,73,73,73,75,75,75,75,75,75,82,82,82,82,82,82,82,82,82,82,82,82,82,82,82,82,82,82,82],"card_choices":[{"not_picked":["animator:IchigoKurosaki","animator:NononJakuzure"],"picked":"animator:MisaKurobane","floor":0},{"not_picked":["animator:Jibril","animator:Darkness","animator:Azekura"],"picked":"SKIP","floor":1},{"not_picked":["animator:Illya","animator:Millim"],"picked":"animator:Archer","floor":5},{"not_picked":["animator:GazelDwargon","animator:Shion"],"picked":"animator:EmiyaShirou","floor":10},{"not_picked":["animator:Assassin","animator:Alexander"],"picked":"animator:RinTohsaka","floor":11},{"not_picked":["animator:Lu","animator:Souei"],"picked":"animator:Archer","floor":12},{"not_picked":["animator:Add","animator:Archer","animator:Kaijin"],"picked":"SKIP","floor":13},{"not_picked":["animator:Wiz","animator:DolaStephanie"],"picked":"animator:RinTohsaka","floor":14},{"not_picked":["animator:Biyorigo","animator:Hans"],"picked":"animator:Gilgamesh","floor":16},{"not_picked":["animator:Illya","animator:RinTohsaka"],"picked":"animator:EmiyaShirou","floor":18},{"not_picked":["animator:Shion+1","animator:Sonic"],"picked":"animator:Alexander","floor":19},{"not_picked":["animator:Souei","animator:Verdia","animator:Mitsurugi"],"picked":"SKIP","floor":25},{"not_picked":["animator:GazelDwargon","animator:Chung","animator:DolaCouronne"],"picked":"SKIP","floor":27},{"not_picked":["animator:Rider","animator:RinTohsaka"],"picked":"animator:Berserker","floor":28},{"not_picked":["animator:SilverFang","animator:Ciel","animator:Azekura"],"picked":"SKIP","floor":30},{"not_picked":["animator:Eve","animator:Rimuru"],"picked":"animator:Saber","floor":33},{"not_picked":["animator:Mitsurugi+1","animator:Shuna","animator:GazelDwargon+1"],"picked":"SKIP","floor":35},{"not_picked":["animator:Tatsumaki+1","animator:Konayuki"],"picked":"animator:Kaijin+1","floor":37},{"not_picked":["animator:Ciel+1","animator:DolaSchwi"],"picked":"animator:Chris+1","floor":38},{"not_picked":["animator:Illya","animator:Archer"],"picked":"animator:Lancer","floor":41},{"not_picked":["animator:DolaStephanie+1","animator:Ara+1"],"picked":"animator:Millim+1","floor":44},{"not_picked":["animator:Lu","animator:DolaCouronne+1","animator:Shizu"],"picked":"SKIP","floor":47},{"not_picked":["animator:DolaSchwi+1","animator:SilverFang+1","animator:Souei"],"picked":"SKIP","floor":48},{"not_picked":["animator:Alexander","animator:Illya"],"picked":"animator:SakuraMatou","floor":55}],"player_experience":559737,"relics_obtained":[{"floor":9,"key":"Bottled Tornado"},{"floor":25,"key":"HornCleat"},{"floor":31,"key":"Vajra"},{"floor":37,"key":"Incense Burner"},{"floor":43,"key":"Lantern"},{"floor":44,"key":"animator:ShionDessert"},{"floor":55,"key":"Bottled Flame"}],"event_choices":[{"damage_healed":0,"gold_gain":0,"player_choice":"Ignored","damage_taken":0,"max_hp_gain":0,"max_hp_loss":0,"event_name":"Shining Light","floor":2,"gold_loss":0},{"cards_removed":["animator:Strike"],"damage_healed":0,"gold_gain":0,"player_choice":"Card Removal","damage_taken":7,"max_hp_gain":0,"max_hp_loss":0,"event_name":"Golden Wing","floor":3,"gold_loss":0},{"damage_healed":0,"gold_gain":0,"player_choice":"Success","damage_taken":25,"relics_obtained":["Nunchaku"],"max_hp_gain":0,"max_hp_loss":0,"event_name":"Scrap Ooze","floor":4,"gold_loss":0},{"damage_healed":0,"gold_gain":0,"player_choice":"Shed Blood","damage_taken":17,"max_hp_gain":5,"max_hp_loss":0,"event_name":"Forgotten Altar","floor":21,"gold_loss":0},{"damage_healed":0,"gold_gain":0,"player_choice":"Inject Mutagens","damage_taken":0,"relics_obtained":["MutagenicStrength"],"max_hp_gain":0,"max_hp_loss":0,"event_name":"Drug Dealer","floor":22,"gold_loss":0},{"damage_healed":0,"gold_gain":0,"player_choice":"Ignored","damage_taken":0,"max_hp_gain":0,"max_hp_loss":0,"event_name":"Vampires","floor":23,"gold_loss":0},{"damage_healed":0,"gold_gain":0,"player_choice":"Fight","damage_taken":0,"max_hp_gain":0,"max_hp_loss":0,"event_name":"MindBloom","floor":37,"gold_loss":0},{"damage_healed":0,"gold_gain":0,"player_choice":"Upgraded Two","damage_taken":0,"max_hp_gain":0,"max_hp_loss":0,"event_name":"Designer","floor":46,"gold_loss":40,"cards_upgraded":["animator:Sora","animator:Alexander"]}],"is_beta":false,"boss_relics":[{"not_picked":["Cursed Key","Astrolabe"],"picked":"Pandora\u0027s Box"},{"not_picked":["SacredBark","Fusion Hammer"],"picked":"animator:VividPicture"}],"items_purged_floors":[20,36],"is_endless":false,"potions_floor_spawned":[5,11,13,18,25,30,35,38,44,48],"killed_by":"The Heart","ascension_level":0}}