{"host":"a61r67bv2jut9r88","time":1608273280,"event":{"mods":["BaseMod","Minty Spire (QoL Compilation)","Replay The Spire","Shop Mod","StSLib","SuperFastMode","The Runesmith"],"gold_per_floor":[114,114,39,51,51,83,83,95,95,109,143,143,143,153,153,254,254,270,335,354,8,19,19,50,50,129,146,146,21,21,32,32,130,130,146,163,13,13,13,43,43,58,58,58,58,58,71,83,83,83],"floor_reached":51,"playtime":2477,"items_purged":["Strike_G","Strike_G","Defend_G","Strike_G"],"score":1055,"play_id":"bf7525cc-4830-42b3-bace-86046e2cffa8","local_time":"20201218143440","is_ascension_mode":false,"campfire_choices":[{"floor":7.0,"key":"REST"},{"floor":12.0,"key":"REST"},{"floor":15,"key":"REST"},{"floor":23,"key":"REST"},{"floor":28,"key":"REST"},{"data":"Poison Darts","floor":30,"key":"SMITH"},{"data":"Corpse Explosion","floor":32,"key":"SMITH"},{"floor":41,"key":"REST"},{"floor":49,"key":"REST"}],"circlet_count":0,"master_deck":["Strike_G+1","Strike_G","Defend_G","Defend_G","Survivor","Neutralize","Corpse Explosion+1","Backstab+1","Poison Darts+1","Grand Finale+1"],"relics":["Runic Pyramid","Mango","Molten Egg 2","Replay:Mystery Machine","Replay:Bottled Steam","SacredBark","Meat on the Bone","Replay:WaspNest","ReplayTheSpireMod:Shallot","Bottled Lightning","Fusion Hammer","Simple Rune","Toxic Egg 2","Oddly Smooth Stone"],"acts_visited":["Exordium","TheCity","TheBeyond"],"potions_floor_usage":[16,33,35,40,50,50],"damage_taken":[{"damage":0.0,"enemies":"Small Slimes","floor":1.0,"turns":3.0},{"damage":0.0,"enemies":"Cultist","floor":4.0,"turns":4.0},{"damage":29.0,"enemies":"Gremlin Nob","floor":6.0,"turns":6.0},{"damage":0.0,"enemies":"2 Louse","floor":8.0,"turns":3.0},{"damage":15.0,"enemies":"Lots of Slimes","floor":10.0,"turns":5.0},{"damage":62.0,"enemies":"Lagavulin","floor":11.0,"turns":18.0},{"damage":12.0,"enemies":"3 Louse","floor":14.0,"turns":2.0},{"damage":45,"enemies":"The Guardian","floor":16,"turns":10},{"damage":36,"enemies":"2 Thieves","floor":18,"turns":4},{"damage":2,"enemies":"Shell Parasite","floor":20,"turns":6},{"damage":4,"enemies":"Cultist and Chosen","floor":22,"turns":4},{"damage":32,"enemies":"Slavers","floor":24,"turns":4},{"damage":6,"enemies":"3 Cultists","floor":27,"turns":3},{"damage":2,"enemies":"Shelled Parasite and Fungi","floor":31,"turns":3},{"damage":47,"enemies":"Pondfish","floor":33,"turns":8},{"damage":5,"enemies":"Orb Walker","floor":35,"turns":3},{"damage":0,"enemies":"3 Darklings","floor":36,"turns":2},{"damage":78,"enemies":"R_Hoarder","floor":40,"turns":9},{"damage":5,"enemies":"4 Shapes","floor":42,"turns":3},{"damage":30,"enemies":"Sphere and 2 Shapes","floor":47,"turns":4},{"damage":0,"enemies":"Jaw Worm Horde","floor":48,"turns":2},{"damage":33,"enemies":"Donu and Deca","floor":50,"turns":5}],"seed_played":"-7733115985834931216","potions_obtained":[{"floor":1.0,"key":"Dexterity Potion"},{"floor":8.0,"key":"PowerPotion"},{"floor":14.0,"key":"Fruit Juice"},{"floor":24,"key":"LiquidBronze"},{"floor":31,"key":"CunningPotion"},{"floor":33,"key":"SkillPotion"},{"floor":42,"key":"Energy Potion"},{"floor":47,"key":"GhostInAJar"},{"floor":48,"key":"Energy Potion"}],"is_trial":false,"path_per_floor":["M","?","$","M","?","E","R","M","T","M","E","R","?","M","R","B",null,"M","?","M","$","M","R","E","$","T","M","R","$","R","M","R","B",null,"M","M","$","?","$","E","R","M","T","?","?","$","M","M","R","B",null],"character_chosen":"THE_SILENT","items_purchased":["Replay:WaspNest"],"campfire_rested":7,"item_purchase_floors":[21],"current_hp_per_floor":[70,70,70,70,70,55,80,80,80,65,3,28,28,16,41,1,89,53,18,28,28,36,62,42,42,42,48,74,74,74,72,72,37,89,84,84,84,84,84,18,44,51,51,51,51,51,33,45,71,50],"gold":83,"neow_bonus":"BOSS_RELIC","is_daily":false,"chose_seed":false,"campfire_upgraded":2,"win_rate":0.0,"timestamp":1608273280,"path_taken":["M","?","$","?","?","E","R","M","T","?","E","R","?","M","R","BOSS","M","?","?","$","?","R","E","$","T","M","R","$","R","M","R","BOSS","M","M","$","?","$","E","R","?","T","?","?","$","?","M","R","BOSS"],"items_purchased_type":["Relic"],"build_version":"2020-12-13","purchased_purges":4,"victory":true,"max_hp_per_floor":[70,70,70,70,70,84,84,84,84,84,84,84,84,84,84,89,89,89,89,89,89,89,89,89,89,89,89,89,89,89,89,89,89,89,89,89,89,89,89,89,89,89,89,89,89,89,89,89,89,89],"card_choices":[{"not_picked":["Flying Knee","Quick Slash","Bane"],"picked":"SKIP","floor":1.0},{"not_picked":["Well Laid Plans","Prepared","Dagger Spray"],"picked":"SKIP","floor":4.0},{"not_picked":["Caltrops","Dagger Throw","Poisoned Stab"],"picked":"SKIP","floor":6.0},{"not_picked":["Flying Knee","Underhanded Strike","Outmaneuver"],"picked":"SKIP","floor":8.0},{"not_picked":["Outmaneuver","Blade Dance","Tactician"],"picked":"SKIP","floor":10.0},{"not_picked":["Blade Dance","ReplayTheSpireMod:Tripwire"],"picked":"Corpse Explosion","floor":11.0},{"not_picked":["ReplayTheSpireMod:Scrap Shanks","Fluid Movement"],"picked":"Backstab+1","floor":14.0},{"not_picked":["Grand Finale+1","ReplayTheSpireMod:Necrosis"],"picked":"Poison Darts","floor":16},{"not_picked":["Dagger Throw+1","Blade Dance","Deadly Poison"],"picked":"SKIP","floor":18},{"not_picked":["Dagger Throw+1","Reflex","Sneak Up"],"picked":"SKIP","floor":20},{"not_picked":["Underhanded Strike+1","Cloak And Dagger","Slice+1"],"picked":"SKIP","floor":22},{"not_picked":["Footwork+1","Skewer+1","Bane+1"],"picked":"SKIP","floor":24},{"not_picked":["Hidden Blade","Acrobatics","Poisoned Stab+1"],"picked":"SKIP","floor":27},{"not_picked":["Riddle With Holes+1","Dagger Spray+1","Distraction+1"],"picked":"SKIP","floor":31},{"not_picked":["A Thousand Cuts","ReplayTheSpireMod:From All Sides+1"],"picked":"Grand Finale+1","floor":33},{"not_picked":["ReplayTheSpireMod:Shiv Toss","Predator+1","Terror+1"],"picked":"SKIP","floor":35},{"not_picked":["Deflect","Dagger Spray+1","Poisoned Stab+1"],"picked":"SKIP","floor":36},{"not_picked":["Cloak And Dagger+1","PiercingWail","Underhanded Strike+1"],"picked":"SKIP","floor":40},{"not_picked":["Cloak And Dagger+1","PiercingWail","Underhanded Strike+1"],"picked":"SKIP","floor":40},{"not_picked":["Envenom","PiercingWail","Blade Dance+1"],"picked":"SKIP","floor":42},{"not_picked":["Concentrate+1","ReplayTheSpireMod:Tripwire+1","Deadly Poison+1"],"picked":"SKIP","floor":47},{"not_picked":["Prepared+1","Blur+1","Skewer+1"],"picked":"SKIP","floor":48}],"player_experience":358422,"relics_obtained":[{"floor":6.0,"key":"Mango"},{"floor":9.0,"key":"Molten Egg 2"},{"floor":11.0,"key":"Replay:Mystery Machine"},{"floor":13.0,"key":"Replay:Bottled Steam"},{"floor":19,"key":"Meat on the Bone"},{"floor":24,"key":"ReplayTheSpireMod:Shallot"},{"floor":26,"key":"Bottled Lightning"},{"floor":40,"key":"Simple Rune"},{"floor":43,"key":"Toxic Egg 2"}],"event_choices":[{"cards_removed":["Defend_G"],"damage_healed":0.0,"max_hp_gain":0.0,"max_hp_loss":0.0,"gold_gain":0.0,"event_name":"Purifier","player_choice":"Purged","floor":2.0,"gold_loss":0.0,"damage_taken":0.0},{"cards_removed":["Defend_G"],"damage_healed":0.0,"max_hp_gain":0.0,"max_hp_loss":0.0,"gold_gain":0.0,"event_name":"NoteForYourself","player_choice":"Took Card","floor":5.0,"gold_loss":0.0,"damage_taken":0.0,"cards_obtained":["Defend_G"]},{"damage_healed":0.0,"max_hp_gain":0.0,"max_hp_loss":0.0,"gold_gain":0.0,"event_name":"Wheel of Change","player_choice":"Relic","floor":13.0,"gold_loss":0.0,"damage_taken":0.0},{"damage_healed":0,"gold_gain":0,"player_choice":"Ignored","damage_taken":0,"max_hp_gain":0,"max_hp_loss":0,"event_name":"SecretPortal","floor":38,"gold_loss":0},{"cards_removed":["Defend_G"],"damage_healed":0,"gold_gain":0,"player_choice":"Removed Skill","damage_taken":0,"max_hp_gain":0,"max_hp_loss":0,"event_name":"Falling","floor":44,"gold_loss":0},{"damage_healed":0,"gold_gain":0,"player_choice":"Gave Potion","damage_taken":0,"relics_obtained":["Oddly Smooth Stone"],"max_hp_gain":0,"max_hp_loss":0,"event_name":"WeMeetAgain","floor":45,"gold_loss":0}],"is_beta":false,"boss_relics":[{"not_picked":["Ectoplasm","Snecko Eye"],"picked":"SacredBark"},{"not_picked":["Replay:Wanted Poster","Ring of Chaos"],"picked":"Fusion Hammer"}],"items_purged_floors":[3,21,29,37],"is_endless":false,"potions_floor_spawned":[1,8,14,24,31,33,42,47,48],"ascension_level":0}}