{"host":"mi24dmma43d7mlws","time":1608259992,"event":{"mods":["2.2 Compatiblity","Astrologer","Bard","BaseMod","Beaked The Cultist","Bestiary","CatGirl Mod","Colored Map","Colored Powertips","Custom Start","Downfall","Fiend Mod","Fireblade Mod","Hermit","Highlight Path","JesterMod","Jorbs\u0027s Wanderer Trilogy","Mad Scientist","Magitek Elite","Minty Spire (QoL Compilation)","Potionbrewer","QueenMod","Quick Restart","Rare Cards Sparkle","Relic Stats","Shade Mod","Somnambulant","StSLib","Td1madao Mod","The Accelerator","The Blackbeard","The Bladedancer","The Bug Knight","The Clintock","The Construct","The Cursed","The Death Knight","The Disciple","The Elementalist","The Florist","The Forsaken","The Gatherer","The Hayseed","The Hierophant","The Judge","The Juggle","The Mystic","The Necromancer","The Problem Sleuth","The Runesmith","The Sage","The Senshi","The Servant 0.9.4","The Showman","The Spell Scribe","The Trickster","The Valiant","The Vixen","The Wild Card","TheArtist","TheBandit","TheFirefly","TheHeartMod","TheHero","TheLocksmith","everything is the same but u backflip on backflip","slay the spire mod where everything is the same but ironclad has a cowboy hat","thorton"],"gold_per_floor":[99,131,131,56,56,56,109,30,59,59,69,83,96,112,131,230,230,155,61,74,86,171,185,263,263,297,222,240,240,257,257,275,370,370,370,161,161,261,34,34,34],"floor_reached":40,"playtime":5815,"items_purged":[],"score":487,"play_id":"71c96b56-3ea0-4971-90b9-b10d838962ac","local_time":"20201218025312","is_ascension_mode":false,"campfire_choices":[{"floor":1,"key":"RECALL"},{"data":"champ:CrookedStrike","floor":4,"key":"SMITH"},{"floor":10,"key":"REST"},{"data":"champ:GladiatorStyle","floor":18,"key":"SMITH"},{"data":"champ:IronFortress","floor":25,"key":"SMITH"},{"floor":27,"key":"REST"},{"data":"champ:FanOfKnives","floor":35,"key":"SMITH"}],"circlet_count":0,"master_deck":["champ:Strike+1","champ:Strike+1","champ:Strike+1","champ:Strike+1","champ:Defend+1","champ:Defend+1","champ:Defend+1","champ:Defend+1","champ:Taunt+1","champ:CrookedStrike+1","champ:FanOfKnives+1","champ:GladiatorStyle+1","champ:FaceSlap","champ:CrownThrow","champ:FlashCut","champ:FanOfKnives","champ:HoldFirm","champ:ShieldWall","champ:IronFortress+1","champ:Haymaker","champ:Backstep+1","champ:LastStand","champ:ShieldWall+1","champ:Circumvent+1","champ:SkillfulDodge+1","champ:BringItOn+1","expansioncontent:SuperHexaguard"],"relics":["champ:ChampionCrown","downfall:HeartsMalice","potionbrewer:Torch","Matryoshka","downfall:HeartBlessingRed","potionbrewer:SlideRule","theSenshi:FeatherClipsRelic","construct:ClawGrip","downfall:HeartBlessingBlue","HollowMod:PaleOreRelic","Ornamental Fan","downfall:HeartBlessingGreen","Astrolabe","jesterMod:MirrorMask","White Beast Statue","OrangePellets","Shovel"],"acts_visited":["Exordium","TheCity","TheBeyond"],"potions_floor_usage":[16,26,36,39],"damage_taken":[{"damage":0,"enemies":"Lagavulin","floor":2,"turns":1},{"damage":0,"enemies":"Small Slimes","floor":6,"turns":1},{"damage":0,"enemies":"downfall:FleeingMerchant","floor":8,"turns":1},{"damage":28,"enemies":"3 Sentries","floor":9,"turns":6},{"damage":3,"enemies":"2 Louse","floor":11,"turns":2},{"damage":0,"enemies":"Cultist","floor":12,"turns":3},{"damage":10,"enemies":"3 Louse","floor":13,"turns":2},{"damage":6,"enemies":"2 Fungi Beasts","floor":14,"turns":2},{"damage":3,"enemies":"Large Slime","floor":15,"turns":4},{"damage":35,"enemies":"downfall:Silent","floor":16,"turns":8},{"damage":0,"enemies":"downfall:FleeingMerchant","floor":19,"turns":4},{"damage":0,"enemies":"3 Byrds","floor":20,"turns":4},{"damage":3,"enemies":"Spheric Guardian","floor":21,"turns":3},{"damage":16,"enemies":"Snake Plant","floor":23,"turns":4},{"damage":76,"enemies":"Gremlin Leader","floor":26,"turns":7},{"damage":20,"enemies":"Centurion and Healer","floor":28,"turns":4},{"damage":6,"enemies":"Cultist and Chosen","floor":30,"turns":4},{"damage":12,"enemies":"Sentry and Sphere","floor":32,"turns":4},{"damage":18,"enemies":"downfall:Watcher","floor":33,"turns":10},{"damage":0,"enemies":"downfall:FleeingMerchant","floor":36,"turns":4},{"damage":11,"enemies":"downfall:LadyInBlue","floor":38,"turns":8},{"damage":0,"enemies":"downfall:FleeingMerchant","floor":39,"turns":2},{"damage":123,"enemies":"Giant Head","floor":40,"turns":11}],"seed_played":"-8318632650842372809","potions_obtained":[{"floor":9,"key":"Dexterity Potion"},{"floor":12,"key":"Fruit Juice"},{"floor":14,"key":"SpeedPotion"},{"floor":15,"key":"potionbrewer:BarricadePotion"},{"floor":20,"key":"Dexterity Potion"},{"floor":28,"key":"DeathKnight:BottledBloodEchoes"},{"floor":30,"key":"Guardian:BlockOnCardUsePotion"},{"floor":38,"key":"DeathKnight:BottledBloodEchoes"},{"floor":38,"key":"potionbrewer:EndurancePotion"},{"floor":39,"key":"sneckomod:MuddlingPotion"}],"is_trial":false,"path_per_floor":["R","E","?","R","?","M","T","$","E","R","M","M","M","M","M","B",null,"R","$","M","M","?","M","T","R","E","R","M","?","M","?","M","B",null,"R","$","?","?","$","E"],"character_chosen":"THE_CHAMP","items_purchased":["champ:GladiatorStyle","champ:ShieldWall","jesterMod:MirrorMask","potionbrewer:NoxiousPotion","OrangePellets","expansioncontent:SuperHexaguard","Shovel"],"campfire_rested":2,"item_purchase_floors":[8,19,36,36,39,39,39],"current_hp_per_floor":[90,90,65,65,65,65,65,65,45,72,78,84,85,85,90,64,90,100,100,100,100,82,77,77,77,23,55,41,41,47,47,47,35,108,108,108,108,106,108,0,0],"gold":34,"neow_bonus":"THREE_ENEMY_KILL","is_daily":false,"chose_seed":false,"campfire_upgraded":4,"win_rate":0.0,"timestamp":1608259992,"path_taken":["R","E","?","R","?","M","T","$","E","R","M","M","M","M","M","BOSS","R","$","M","?","?","M","T","R","E","R","M","?","M","?","M","BOSS","R","$","?","?","$","E"],"items_purchased_type":["Card","Card","Relic","Potion","Relic","Card","Relic"],"build_version":"2020-12-13","purchased_purges":0,"victory":false,"max_hp_per_floor":[90,90,90,90,90,90,90,90,90,90,90,90,90,90,90,90,90,100,100,100,100,100,100,100,100,108,108,108,108,108,108,108,108,108,108,108,108,108,108,108,108],"relic_stats":{"OrangePellets":[1],"Shovel":0,"counters":[23,96],"Ornamental Fan":[88],"Astrolabe":["champ:ShieldWall","champ:Circumvent","champ:SkillfulDodge"],"obtain_stats":[{"construct:ClawGrip":17,"downfall:HeartBlessingRed":4,"Astrolabe":34,"champ:ChampionCrown":0,"downfall:HeartsMalice":0,"downfall:HeartBlessingGreen":27,"theSenshi:FeatherClipsRelic":9,"jesterMod:MirrorMask":36,"White Beast Statue":38,"potionbrewer:Torch":2,"OrangePellets":39,"Matryoshka":3,"Shovel":39,"downfall:HeartBlessingBlue":18,"Ornamental Fan":24,"HollowMod:PaleOreRelic":24,"potionbrewer:SlideRule":7},{"construct:ClawGrip":10,"downfall:HeartBlessingRed":1,"Astrolabe":19,"champ:ChampionCrown":0,"downfall:HeartsMalice":0,"downfall:HeartBlessingGreen":15,"theSenshi:FeatherClipsRelic":4,"jesterMod:MirrorMask":20,"White Beast Statue":21,"potionbrewer:Torch":1,"OrangePellets":22,"Matryoshka":1,"Shovel":22,"downfall:HeartBlessingBlue":10,"Ornamental Fan":14,"HollowMod:PaleOreRelic":14,"potionbrewer:SlideRule":2},{"construct:ClawGrip":27,"downfall:HeartBlessingRed":0,"Astrolabe":71,"champ:ChampionCrown":0,"downfall:HeartsMalice":0,"downfall:HeartBlessingGreen":49,"theSenshi:FeatherClipsRelic":6,"jesterMod:MirrorMask":75,"White Beast Statue":83,"potionbrewer:Torch":0,"OrangePellets":85,"Matryoshka":0,"Shovel":85,"downfall:HeartBlessingBlue":27,"Ornamental Fan":42,"HollowMod:PaleOreRelic":42,"potionbrewer:SlideRule":0}]},"card_choices":[{"not_picked":["champ:ShieldWall","champ:AdrenalArmor"],"picked":"champ:CrookedStrike","floor":2},{"not_picked":["champ:DefensiveShout","champ:AdrenalArmor"],"picked":"champ:FanOfKnives","floor":6},{"not_picked":["champ:AdrenalArmor","champ:SkillfulDodge"],"picked":"champ:DefensiveShout","floor":8},{"not_picked":["champ:ShieldWall","champ:Circumvent"],"picked":"champ:FaceSlap","floor":9},{"not_picked":["champ:FanOfKnives","champ:FocusedBerserking"],"picked":"champ:CrownThrow","floor":11},{"not_picked":["champ:BringItOn","champ:FocusedBerserking"],"picked":"champ:FlashCut","floor":12},{"not_picked":["champ:BerserkerStyle","champ:CrookedStrike"],"picked":"champ:GladiatorsShout","floor":13},{"not_picked":["champ:TornadoPunch","champ:Backstep"],"picked":"champ:FanOfKnives","floor":14},{"not_picked":["champ:StanceDance","champ:Circumvent","champ:DefensiveShout"],"picked":"SKIP","floor":15},{"not_picked":["champ:ShieldSlam","champ:SteelEdge"],"picked":"champ:HoldFirm","floor":16},{"not_picked":["champ:FocusedDefense","champ:StanceDance","champ:PerfectedStrike"],"picked":"SKIP","floor":19},{"not_picked":["champ:Encircle","champ:ArenaPreparation"],"picked":"champ:IronFortress","floor":20},{"not_picked":["champ:Riposte","champ:StanceDance"],"picked":"champ:Haymaker","floor":21},{"not_picked":["champ:FocusedBerserking","champ:RecklessLeap+1","champ:TornadoPunch"],"picked":"SKIP","floor":23},{"not_picked":["champ:EndlessRage","champ:FocusedGladiator+1"],"picked":"champ:Backstep+1","floor":26},{"not_picked":["champ:Circumvent","champ:CrookedStrike","champ:HeavySlash"],"picked":"SKIP","floor":28},{"not_picked":["champ:Encircle","champ:FanOfKnives+1","champ:HeartStrike"],"picked":"SKIP","floor":30},{"not_picked":["champ:RecklessLeap","champ:BerserkerStyle","champ:CrookedStrike"],"picked":"SKIP","floor":32},{"not_picked":["champ:HoldFirm","champ:ShieldThrow"],"picked":"champ:LastStand","floor":33},{"not_picked":["champ:EndlessRage+1","champ:Haymaker+1","champ:Shatter"],"picked":"SKIP","floor":36},{"not_picked":["champ:FlashCut","champ:Lariat+1"],"picked":"champ:BringItOn+1","floor":39}],"player_experience":1006820,"relics_obtained":[{"floor":2,"key":"potionbrewer:Torch"},{"floor":7,"key":"potionbrewer:SlideRule"},{"floor":9,"key":"theSenshi:FeatherClipsRelic"},{"floor":24,"key":"HollowMod:PaleOreRelic"},{"floor":24,"key":"Ornamental Fan"},{"floor":38,"key":"White Beast Statue"}],"event_choices":[{"damage_healed":0,"gold_gain":0,"player_choice":"Success","damage_taken":25,"relics_obtained":["Matryoshka"],"max_hp_gain":0,"max_hp_loss":0,"event_name":"Scrap Ooze","floor":3,"gold_loss":0},{"damage_healed":0,"gold_gain":0,"player_choice":"Upgraded","damage_taken":0,"max_hp_gain":0,"max_hp_loss":0,"event_name":"Upgrade Shrine","floor":5,"gold_loss":0,"cards_upgraded":["champ:Taunt"]},{"damage_healed":0,"gold_gain":0,"player_choice":"Simplicity","damage_taken":0,"max_hp_gain":0,"max_hp_loss":0,"event_name":"Back to Basics","floor":31,"gold_loss":0,"cards_upgraded":["champ:Strike","champ:Strike","champ:Strike","champ:Strike","champ:Defend","champ:Defend","champ:Defend","champ:Defend"]}],"is_beta":false,"boss_relics":[{"not_picked":["Runic Pyramid","Velvet Choker"],"picked":"construct:ClawGrip"},{"not_picked":["Fiend:Scarf","Pandora\u0027s Box"],"picked":"Astrolabe"}],"items_purged_floors":[],"is_endless":false,"potions_floor_spawned":[9,12,14,15,20,28,30,32,39],"killed_by":"Giant Head","ascension_level":0}}