{"host":"q0qnzbgdx8oqogg9","time":1608295087,"event":{"mods":["BaseMod","Minty Spire (QoL Compilation)","Slay-I","StSLib"],"gold_per_floor":[116,128,147,158,108,135,310,310,310,310,3,3,103,123,123,222,222,232,70,83,94,94,128,143,143,189,189,289,304,304,335,335,335,335],"floor_reached":33,"playtime":1311,"items_purged":["Doubt"],"score":413,"play_id":"ebcb483a-1125-47d3-b867-53280da21df8","local_time":"20201218073807","is_ascension_mode":true,"campfire_choices":[{"data":"Neutralize","floor":12.0,"key":"SMITH"},{"data":"Glass Knife","floor":15.0,"key":"SMITH"},{"floor":25.0,"key":"REST"},{"data":"Apotheosis","floor":27.0,"key":"SMITH"},{"floor":30.0,"key":"REST"},{"floor":32,"key":"REST"}],"circlet_count":0,"master_deck":["Strike_G","Strike_G+1","Strike_G","Strike_G","Defend_G","Defend_G","Defend_G","Defend_G","Defend_G","Survivor","Neutralize+1","Glass Knife+1","Riddle With Holes","Dagger Throw","Leg Sweep","Predator","Flash of Steel+1","Conserve Battery","Double Tap","Flex","Apotheosis+1","Hologram","Backstab"],"relics":["Ring of the Snake","Anchor","Juzu Bracelet","PrismaticShard","Velvet Choker","MutagenicStrength","Ornamental Fan","Whetstone","Lizard Tail","The Courier","Vajra"],"acts_visited":["Exordium","TheCity"],"potions_floor_usage":[31,33],"damage_taken":[{"damage":0.0,"enemies":"Small Slimes","floor":1.0,"turns":3.0},{"damage":0.0,"enemies":"Jaw Worm","floor":2.0,"turns":3.0},{"damage":0.0,"enemies":"2 Louse","floor":3.0,"turns":2.0},{"damage":3.0,"enemies":"Looter","floor":4.0,"turns":4.0},{"damage":20.0,"enemies":"3 Sentries","floor":6.0,"turns":8.0},{"damage":1.0,"enemies":"Lots of Slimes","floor":14.0,"turns":6.0},{"damage":27.0,"enemies":"Slime Boss","floor":16.0,"turns":15.0},{"damage":1.0,"enemies":"Spheric Guardian","floor":18.0,"turns":3.0},{"damage":0.0,"enemies":"Shell Parasite","floor":20.0,"turns":5.0},{"damage":13.0,"enemies":"Snecko","floor":21.0,"turns":4.0},{"damage":19.0,"enemies":"Slavers","floor":23.0,"turns":6.0},{"damage":7.0,"enemies":"Snake Plant","floor":24.0,"turns":3.0},{"damage":7.0,"enemies":"Colosseum Slavers","floor":28.0,"turns":4.0},{"damage":0.0,"enemies":"Colosseum Nobs","floor":28.0,"turns":4.0},{"damage":6.0,"enemies":"Shelled Parasite and Fungi","floor":29.0,"turns":3.0},{"damage":20,"enemies":"Gremlin Leader","floor":31,"turns":3},{"damage":94,"enemies":"Champ","floor":33,"turns":17}],"seed_played":"-8875601443959474875","potions_obtained":[{"floor":1.0,"key":"Weak Potion"},{"floor":3.0,"key":"ColorlessPotion"},{"floor":4.0,"key":"Energy Potion"},{"floor":14.0,"key":"DuplicationPotion"},{"floor":18.0,"key":"Poison Potion"},{"floor":21.0,"key":"Swift Potion"},{"floor":23.0,"key":"EssenceOfSteel"},{"floor":28.0,"key":"FearPotion"},{"floor":31,"key":"Fire Potion"}],"is_trial":false,"path_per_floor":["M","M","M","M","?","E","?","?","T","T","$","R","?","M","R","B",null,"M","$","M","M","?","E","M","R","T","R","?","M","R","E","R","B"],"character_chosen":"THE_SILENT","items_purchased":["PrismaticShard","Flash of Steel","Apotheosis"],"campfire_rested":3,"item_purchase_floors":[11,11,19],"current_hp_per_floor":[45,45,45,42,42,22,22,45,45,45,45,45,45,44,44,17,57,56,56,56,43,43,24,17,38,38,38,31,25,46,26,47,0,0],"gold":335,"neow_bonus":"THREE_RARE_CARDS","is_daily":false,"chose_seed":false,"campfire_upgraded":3,"win_rate":0.0,"timestamp":1608295087,"path_taken":["M","M","M","M","?","E","?","?","T","?","$","R","?","M","R","BOSS","M","$","M","M","?","E","M","R","T","R","?","M","R","E","R","BOSS"],"items_purchased_type":["Relic","Card","Card"],"build_version":"2020-12-13","purchased_purges":1,"victory":false,"max_hp_per_floor":[70,70,70,70,70,70,70,70,70,70,70,70,70,70,70,70,70,70,70,70,70,70,70,70,70,70,70,70,70,70,70,70,70,70],"card_choices":[{"not_picked":["Bullet Time","Unload"],"picked":"Glass Knife","floor":0.0},{"not_picked":["Blade Dance","Quick Slash"],"picked":"Riddle With Holes","floor":1.0},{"not_picked":["Deflect","Bane"],"picked":"Dagger Throw","floor":2.0},{"not_picked":["Flying Knee","Dodge and Roll"],"picked":"Leg Sweep","floor":3.0},{"not_picked":["Outmaneuver","Blur"],"picked":"Predator","floor":4.0},{"not_picked":["Finisher","Caltrops","All Out Attack"],"picked":"SKIP","floor":6.0},{"not_picked":["Rage","EmptyFist"],"picked":"Conserve Battery","floor":14.0},{"not_picked":["Thinking Ahead","Metamorphosis"],"picked":"Double Tap","floor":16.0},{"not_picked":["Crescendo","Noxious Fumes"],"picked":"Flex","floor":18.0},{"not_picked":["Redo","Cloak And Dagger","Evaluate"],"picked":"SKIP","floor":20.0},{"not_picked":["Swivel+1","PiercingWail","Recycle"],"picked":"SKIP","floor":21.0},{"not_picked":["Backflip+1","Wireheading+1","Malaise"],"picked":"SKIP","floor":23.0},{"not_picked":["Body Slam+1","Stack+1","ClearTheMind"],"picked":"SKIP","floor":24.0},{"not_picked":["Evaluate","Loop"],"picked":"Hologram","floor":28.0},{"not_picked":["Static Discharge+1","PathToVictory"],"picked":"Backstab","floor":29.0},{"not_picked":["Prostrate","PathToVictory+1","EmptyFist"],"picked":"SKIP","floor":31}],"player_experience":188136,"relics_obtained":[{"floor":6.0,"key":"Anchor"},{"floor":10.0,"key":"Juzu Bracelet"},{"floor":23.0,"key":"Ornamental Fan"},{"floor":26.0,"key":"Whetstone"},{"floor":28.0,"key":"Lizard Tail"},{"floor":28.0,"key":"The Courier"},{"floor":31,"key":"Vajra"}],"event_choices":[{"cards_removed":["Strike_G"],"damage_healed":0.0,"max_hp_gain":0.0,"max_hp_loss":0.0,"gold_gain":0.0,"event_name":"The Cleric","player_choice":"Card Removal","floor":5.0,"gold_loss":50.0,"damage_taken":0.0},{"damage_healed":0.0,"max_hp_gain":0.0,"max_hp_loss":0.0,"gold_gain":175.0,"event_name":"Liars Game","player_choice":"AGREE","floor":7.0,"gold_loss":0.0,"damage_taken":0.0,"cards_obtained":["Doubt"]},{"damage_healed":23.0,"max_hp_gain":0.0,"max_hp_loss":0.0,"gold_gain":0.0,"event_name":"Big Fish","player_choice":"Banana","floor":8.0,"gold_loss":0.0,"damage_taken":0.0},{"damage_healed":0.0,"max_hp_gain":0.0,"max_hp_loss":0.0,"gold_gain":100.0,"event_name":"Wheel of Change","player_choice":"Gold","floor":13.0,"gold_loss":0.0,"damage_taken":0.0},{"damage_healed":0.0,"max_hp_gain":0.0,"max_hp_loss":0.0,"gold_gain":0.0,"event_name":"Drug Dealer","player_choice":"Inject Mutagens","floor":22.0,"gold_loss":0.0,"damage_taken":0.0,"relics_obtained":["MutagenicStrength"]},{"damage_healed":0.0,"max_hp_gain":0.0,"max_hp_loss":0.0,"gold_gain":0.0,"event_name":"Colosseum","player_choice":"Fight","floor":28.0,"gold_loss":0.0,"damage_taken":0.0},{"damage_healed":0.0,"max_hp_gain":0.0,"max_hp_loss":0.0,"gold_gain":0.0,"event_name":"Colosseum","player_choice":"Fought Nobs","floor":28.0,"gold_loss":0.0,"damage_taken":0.0}],"is_beta":false,"boss_relics":[{"not_picked":["SlaversCollar","Runic Dome"],"picked":"Velvet Choker"}],"items_purged_floors":[11],"is_endless":false,"potions_floor_spawned":[1,3,4,14,18,21,23,28,31],"killed_by":"Champ","ascension_level":9}}