{"host":"Duexis","time":1608256410,"event":{"mods":["AchievementEnabler","BaseMod","Downfall","Hermit","Marisa????????","Minty Spire (QoL Compilation)","Quick Restart","StSLib"],"gold_per_floor":[99,99,131,131,145,178,201,51,82,82,437,451,468,575,585,686,686,686,786,806,835,863,863,863,907,1107,1152,1188,1215,1215,1235,1273,1273,1273],"floor_reached":33,"playtime":2943,"items_purged":[],"score":390,"play_id":"7151ffa0-ac8e-4218-9913-0bae0d153a34","local_time":"20201218015329","is_ascension_mode":true,"campfire_choices":[{"floor":1.0,"key":"RECALL"},{"data":"hexamod:Float","floor":8.0,"key":"SMITH"},{"floor":10.0,"key":"REST"},{"data":"hexamod:GhostflameInferno","floor":18.0,"key":"SMITH"},{"floor":23.0,"key":"REST"},{"floor":26.0,"key":"REST"}],"circlet_count":0,"master_deck":["hexamod:Sear","hexamod:Float+1","hexamod:HeatShield+1","hexamod:AdvancingGuard+1","hexamod:RadiantFlame+1","hexamod:Incineration+1","hexamod:HexaLevel+1","hexamod:ExtraCrispy","hexamod:FastForward+1","hexamod:SixthSeal","hexamod:HeatMetal","hexamod:BurningTouch","hexamod:GhostflameInferno+1","hexamod:FirstSeal","hexamod:HauntingEcho+1","hexamod:ParanormalForm+1","hexamod:Hexaguard","hexamod:HexaLevel+1","hexamod:SecondSeal","hexamod:Incineration","hexamod:NightmareStrike+1","hexamod:SearingWound","hexamod:WildfireWeapon+1","hexamod:NightmareGuise+1","Ghostly","Ghostly","Ghostly","hexamod:ThirdSeal","hexamod:HeatCrush+1","hexamod:GhostflameBarrier"],"relics":["hexamod:SpiritBrand","downfall:HeartsMalice","hexamod:InflammatoryLetter","MealTicket","downfall:HeartBlessingRed","downfall:HeartBlessingBlue","Incense Burner","Old Coin","hexamod:TheBrokenSeal","downfall:GremlinWheel","Astrolabe","MutagenicStrength","Frozen Egg 2","Mercury Hourglass","CeramicFish","Question Card"],"acts_visited":["Exordium","TheCity"],"potions_floor_usage":[],"damage_taken":[{"damage":0.0,"enemies":"2 Louse","floor":2.0,"turns":1.0},{"damage":0.0,"enemies":"Gremlin Nob","floor":3.0,"turns":1.0},{"damage":0.0,"enemies":"Jaw Worm","floor":4.0,"turns":1.0},{"damage":0.0,"enemies":"Cultist","floor":5.0,"turns":4.0},{"damage":16.0,"enemies":"Lagavulin","floor":6.0,"turns":6.0},{"damage":32.0,"enemies":"Gremlin Nob","floor":9.0,"turns":4.0},{"damage":30.0,"enemies":"3 Sentries","floor":11.0,"turns":10.0},{"damage":4.0,"enemies":"2 Fungi Beasts","floor":12.0,"turns":5.0},{"damage":11.0,"enemies":"3 Louse","floor":13.0,"turns":6.0},{"damage":58.0,"enemies":"3 Louse","floor":14.0,"turns":8.0},{"damage":5.0,"enemies":"Red Slaver","floor":15.0,"turns":4.0},{"damage":10.0,"enemies":"downfall:Watcher","floor":16.0,"turns":9.0},{"damage":23.0,"enemies":"downfall:Augmenter","floor":19.0,"turns":5.0},{"damage":4.0,"enemies":"Shell Parasite","floor":20.0,"turns":6.0},{"damage":14.0,"enemies":"Slavers","floor":21.0,"turns":6.0},{"damage":37.0,"enemies":"Cultist and Chosen","floor":22.0,"turns":7.0},{"damage":10.0,"enemies":"Gremlin Leader","floor":25.0,"turns":7.0},{"damage":42.0,"enemies":"Slavers","floor":27.0,"turns":5.0},{"damage":17.0,"enemies":"Sentry and Sphere","floor":28.0,"turns":5.0},{"damage":10.0,"enemies":"Centurion and Healer","floor":31.0,"turns":4.0},{"damage":6.0,"enemies":"Shelled Parasite and Fungi","floor":32.0,"turns":6.0},{"damage":53,"enemies":"downfall:Silent","floor":33,"turns":6}],"seed_played":"-8269847428729915945","potions_obtained":[{"floor":5.0,"key":"champ:CounterPotion"},{"floor":9.0,"key":"Block Potion"},{"floor":11.0,"key":"sneckomod:MuddlingPotion"},{"floor":13.0,"key":"BlessingOfTheForge"},{"floor":15.0,"key":"DistilledChaos"},{"floor":16.0,"key":"Strength Potion"},{"floor":20.0,"key":"champ:CounterPotion"},{"floor":21.0,"key":"LiquidBronze"},{"floor":28.0,"key":"Ancient Potion"},{"floor":32.0,"key":"SteroidPotion"}],"is_trial":false,"path_per_floor":["R","M","E","M","M","E","T","R","E","R","?","M","M","?","M","B",null,"R","?","M","E","M","R","T","E","R","E","M","?","?","M","M","B"],"character_chosen":"THE_SPIRIT","items_purchased":[],"campfire_rested":3,"item_purchase_floors":[],"current_hp_per_floor":[70,70,70,70,70,54,54,64,32,56,26,29,25,55,50,40,90,90,74,77,63,33,60,60,50,77,35,25,25,55,52,53,0,0],"gold":1273,"neow_bonus":"THREE_ENEMY_KILL","is_daily":false,"chose_seed":false,"campfire_upgraded":2,"win_rate":0.0,"timestamp":1608256409,"path_taken":["R","M","E","M","M","E","T","R","E","R","?","M","M","?","M","BOSS","R","?","M","E","M","R","T","E","R","E","M","?","?","?","M","BOSS"],"items_purchased_type":[],"build_version":"2020-12-17","purchased_purges":0,"victory":false,"max_hp_per_floor":[70,70,70,70,70,70,70,80,80,80,80,80,80,90,90,90,90,90,90,90,90,90,90,90,90,90,90,90,45,55,55,55,55,55],"card_choices":[{"not_picked":["hexamod:EtherealExpedition","hexamod:NecessarySacrifice"],"picked":"hexamod:HeatShield","floor":2.0},{"not_picked":["hexamod:BacktrackSmack","hexamod:Hexaguard"],"picked":"hexamod:AdvancingGuard","floor":3.0},{"not_picked":["hexamod:BurningTouch","hexamod:AdvancingGuard"],"picked":"hexamod:RadiantFlame","floor":4.0},{"not_picked":["hexamod:PhantomFireball","hexamod:HauntingEcho"],"picked":"hexamod:Incineration","floor":5.0},{"not_picked":["hexamod:EtherealExpedition","hexamod:AdvancingGuard"],"picked":"hexamod:FifthSeal","floor":6.0},{"not_picked":["hexamod:SecondSeal","hexamod:ThirdSeal"],"picked":"hexamod:SixthSeal","floor":9.0},{"not_picked":["hexamod:NightmareGuise","hexamod:DynamicBlow"],"picked":"hexamod:HexaLevel","floor":9.0},{"not_picked":["hexamod:SixthSeal","hexamod:FourthSeal"],"picked":"hexamod:FirstSeal","floor":11.0},{"not_picked":["hexamod:SpectersWail","hexamod:FirstSeal"],"picked":"hexamod:ExtraCrispy","floor":11.0},{"not_picked":["hexamod:FirstSeal","hexamod:SixthSeal"],"picked":"hexamod:ThirdSeal","floor":12.0},{"not_picked":["hexamod:RadiantFlame","hexamod:EmpoweredFlame"],"picked":"hexamod:FourthSeal","floor":12.0},{"not_picked":["hexamod:SpectersWail","hexamod:FirstSeal"],"picked":"hexamod:SecondSeal","floor":13.0},{"not_picked":["hexamod:Firestarter","hexamod:BacktrackSmack"],"picked":"hexamod:FastForward","floor":13.0},{"not_picked":["hexamod:FourthSeal","hexamod:FirstSeal"],"picked":"hexamod:SixthSeal","floor":13.0},{"not_picked":["hexamod:SixthSeal","hexamod:AdvancingGuard"],"picked":"hexamod:HeatMetal","floor":14.0},{"not_picked":["hexamod:Firestarter","hexamod:ThermalTransfer"],"picked":"hexamod:BurningTouch","floor":15.0},{"not_picked":["hexamod:GiftsFromTheDead","hexamod:UnleashSpirits"],"picked":"hexamod:GhostflameInferno","floor":16.0},{"not_picked":["hexamod:SwordOfDarkness","hexamod:Haunt"],"picked":"hexamod:Hexaguard","floor":19.0},{"not_picked":["hexamod:HeatMetal","hexamod:Hexaguard+1"],"picked":"hexamod:SecondSeal","floor":20.0},{"not_picked":["hexamod:Firestarter","hexamod:EmpoweredFlame+1"],"picked":"hexamod:Incineration","floor":21.0},{"not_picked":["hexamod:HauntingEcho","hexamod:InspiringFlames"],"picked":"hexamod:NightmareStrike+1","floor":22.0},{"not_picked":["hexamod:FlamesFromBeyond","hexamod:PhantomFireball"],"picked":"hexamod:SearingWound","floor":25.0},{"not_picked":["hexamod:InspiringFlames+1","hexamod:Firestarter"],"picked":"hexamod:WildfireWeapon+1","floor":27.0},{"not_picked":["hexamod:RetreatToShadows","hexamod:GhostShield","hexamod:SwordOfDarkness+1"],"picked":"hexamod:NightmareGuise+1","floor":28.0},{"not_picked":["hexamod:SoulSteal+1","hexamod:SpectersWail+1","hexamod:GhostLash+1"],"picked":"hexamod:ThirdSeal","floor":31.0},{"not_picked":["hexamod:Hexaguard","hexamod:FlamesFromBeyond","hexamod:SpectersWail"],"picked":"hexamod:HeatCrush+1","floor":32.0},{"not_picked":["hexamod:FirstSeal","hexamod:SwordOfDarkness+1","hexamod:SpectralAdrenaline"],"picked":"hexamod:GhostflameBarrier","floor":32.0}],"player_experience":870365,"relics_obtained":[{"floor":3.0,"key":"hexamod:InflammatoryLetter"},{"floor":6.0,"key":"MealTicket"},{"floor":9.0,"key":"Incense Burner"},{"floor":11.0,"key":"Old Coin"},{"floor":14.0,"key":"downfall:GremlinWheel"},{"floor":19.0,"key":"MutagenicStrength"},{"floor":21.0,"key":"Frozen Egg 2"},{"floor":24.0,"key":"Mercury Hourglass"},{"floor":25.0,"key":"CeramicFish"},{"floor":27.0,"key":"Question Card"}],"event_choices":[{"damage_healed":0.0,"max_hp_gain":0.0,"max_hp_loss":0.0,"gold_gain":200.0,"event_name":"Wheel of Change","player_choice":"Gold","floor":26.0,"gold_loss":0.0,"damage_taken":0.0},{"cards_removed":["hexamod:HexaLevel"],"damage_healed":20.0,"max_hp_gain":10.0,"max_hp_loss":0.0,"gold_gain":0.0,"event_name":"Bonfire Elementals","player_choice":"Offered Rare","floor":30.0,"gold_loss":0.0,"damage_taken":0.0}],"is_beta":true,"boss_relics":[{"not_picked":["Coffee Dripper","Empty Cage"],"picked":"Astrolabe"}],"items_purged_floors":[],"is_endless":false,"potions_floor_spawned":[5,9,11,15,16,20,21,28,32],"killed_by":"downfall:Silent","ascension_level":1}}