{"host":"eifhv3c48fffly2w","time":1608296859,"event":{"mods":["2.2 Compatiblity","Aspiration","BaseMod","Conspire","Downfall","Halation","Hermit","Hubris","Infinite Spire","Minty Spire (QoL Compilation)","Replay The Spire","StSLib","The Cursed"],"gold_per_floor":[115,151,168,186,204,204,204,204],"floor_reached":7,"playtime":278,"items_purged":[],"score":56,"play_id":"349b7a14-f573-4684-9bd0-6ab756eed39a","local_time":"20201218140739","is_ascension_mode":true,"campfire_choices":[{"floor":6,"key":"REST"}],"circlet_count":0,"master_deck":["TheCursedMod:Strike_TheCursed","TheCursedMod:Strike_TheCursed","TheCursedMod:Strike_TheCursed","TheCursedMod:Strike_TheCursed","TheCursedMod:Defend_TheCursed","TheCursedMod:Defend_TheCursed","TheCursedMod:Defend_TheCursed","TheCursedMod:Defend_TheCursed","TheCursedMod:CursedWand","TheCursedMod:CleanUpWorkshop","TheCursedMod:Dregs","CurseOfTheBell","TheCursedMod:RavingStaff","TheCursedMod:CursedBlade","TheCursedMod:CircleOfCorruption","TheCursedMod:CursedBlade","TheCursedMod:Evocation"],"relics":["Calling Bell","hubris:OldNail","Replay:Accelerometer","Ginger","Pet Ghost"],"acts_visited":["Exordium"],"potions_floor_usage":[5,7,7],"damage_taken":[{"damage":15,"enemies":"Cultist","floor":1,"turns":5},{"damage":44,"enemies":"conspire:MimicChest","floor":2,"turns":6},{"damage":0,"enemies":"2 Louse","floor":3,"turns":2},{"damage":2,"enemies":"Jaw Worm","floor":4,"turns":2},{"damage":1,"enemies":"Looter","floor":5,"turns":3},{"damage":32,"enemies":"Gremlin Nob","floor":7,"turns":4}],"seed_played":"630459925549240135","potions_obtained":[{"floor":2,"key":"DistilledChaos"},{"floor":4,"key":"Elixir"},{"floor":5,"key":"Weak Potion"}],"is_trial":false,"path_per_floor":["M","?","M","M","M","R","E"],"character_chosen":"THE_CURSED","items_purchased":[],"campfire_rested":1,"item_purchase_floors":[],"current_hp_per_floor":[53,9,9,7,6,28,0,0],"gold":204,"neow_bonus":"BOSS_RELIC","is_daily":false,"chose_seed":false,"campfire_upgraded":0,"win_rate":0.0,"timestamp":1608296859,"path_taken":["M","?","?","M","M","R","E"],"items_purchased_type":[],"build_version":"2020-12-13","purchased_purges":0,"victory":false,"max_hp_per_floor":[75,75,75,75,75,75,75,75],"card_choices":[{"not_picked":["TheCursedMod:VitalStrike","TheCursedMod:ReleasedKnowledge"],"picked":"TheCursedMod:RavingStaff","floor":1},{"not_picked":["TheCursedMod:Wield","TheCursedMod:Stretching"],"picked":"TheCursedMod:CursedBlade","floor":2},{"not_picked":["TheCursedMod:CursedAmulet","TheCursedMod:TacticalStrike"],"picked":"TheCursedMod:CircleOfCorruption","floor":3},{"not_picked":["TheCursedMod:SmokeScreen","TheCursedMod:CursedShiv"],"picked":"TheCursedMod:CursedBlade","floor":4},{"not_picked":["TheCursedMod:Stretching","TheCursedMod:ManaBullet"],"picked":"TheCursedMod:Evocation","floor":5}],"player_experience":371517,"relics_obtained":[{"floor":0,"key":"hubris:OldNail"},{"floor":0,"key":"Replay:Accelerometer"},{"floor":0,"key":"Ginger"},{"floor":2,"key":"Pet Ghost"}],"event_choices":[],"is_beta":false,"boss_relics":[],"items_purged_floors":[],"is_endless":false,"potions_floor_spawned":[2,4,5],"killed_by":"Gremlin Nob","ascension_level":6}}