{"host":"2cg6xoexl1he7zus","time":1608312895,"event":{"mods":["AchievementEnabler","BaseMod","Colored Map","Minty Spire (QoL Compilation)","Quick Restart","StSLib","SuperFastMode","everything is the same but u backflip on backflip"],"gold_per_floor":[114,64,84,102,118,149,212,227,281,281,131,131,159,234,234,234,234],"floor_reached":16,"playtime":463,"items_purged":[],"score":203,"play_id":"d1615c8e-8dda-43cf-9b52-99f2b87875af","local_time":"20201219023455","is_ascension_mode":true,"campfire_choices":[{"data":"Dualcast","floor":10,"key":"SMITH"},{"floor":12,"key":"REST"},{"data":"Zap","floor":15,"key":"SMITH"}],"circlet_count":0,"master_deck":["AscendersBane","Strike_B","Strike_B","Strike_B","Strike_B","Defend_B","Defend_B","Defend_B","Defend_B","Zap+1","Dualcast+1","Turbo","Electrodynamics","Genetic Algorithm","Core Surge","Capacitor","Hologram","Coolheaded"],"relics":["Cracked Core","Ice Cream","FossilizedHelix","StrikeDummy","Potion Belt","Strawberry","Bag of Preparation"],"acts_visited":["Exordium"],"potions_floor_usage":[7,16,16],"damage_taken":[{"damage":2.0,"enemies":"Jaw Worm","floor":1.0,"turns":3.0},{"damage":9.0,"enemies":"2 Louse","floor":3.0,"turns":4.0},{"damage":3.0,"enemies":"Small Slimes","floor":4.0,"turns":4.0},{"damage":16.0,"enemies":"Blue Slaver","floor":5.0,"turns":3.0},{"damage":19,"enemies":"Lagavulin","floor":6,"turns":7},{"damage":12,"enemies":"3 Sentries","floor":7,"turns":5},{"damage":0,"enemies":"Exordium Thugs","floor":8,"turns":4},{"damage":0,"enemies":"3 Sentries","floor":13,"turns":3},{"damage":29,"enemies":"Hexaghost","floor":16,"turns":9}],"seed_played":"-1726178996505827303","potions_obtained":[{"floor":4.0,"key":"Explosive Potion"},{"floor":7,"key":"Block Potion"},{"floor":8,"key":"LiquidMemories"}],"is_trial":false,"path_per_floor":["M","?","M","M","M","E","?","M","T","R","$","R","E","?","R","B"],"character_chosen":"DEFECT","items_purchased":["Strawberry"],"campfire_rested":1,"item_purchase_floors":[11],"current_hp_per_floor":[66,66,57,54,38,19,7,7,7,7,14,38,38,27,27,0,0],"gold":234,"neow_bonus":"ONE_RARE_RELIC","is_daily":false,"chose_seed":false,"campfire_upgraded":2,"win_rate":0.0,"timestamp":1608312895,"path_taken":["M","?","M","M","M","E","?","M","T","R","$","R","E","?","R","BOSS"],"items_purchased_type":["Relic"],"build_version":"2020-12-13","purchased_purges":0,"victory":false,"max_hp_per_floor":[75,75,75,75,75,75,75,75,75,75,82,82,82,82,82,82,82],"card_choices":[{"not_picked":["Redo","Hologram"],"picked":"Turbo","floor":1.0},{"not_picked":["Steam Power","Stack"],"picked":"Electrodynamics","floor":3.0},{"not_picked":["Reprogram","Hologram","Rip and Tear"],"picked":"SKIP","floor":4.0},{"not_picked":["Go for the Eyes","Compile Driver"],"picked":"Genetic Algorithm","floor":5.0},{"not_picked":["Aggregate","Loop"],"picked":"Core Surge","floor":6},{"not_picked":["Coolheaded","Compile Driver"],"picked":"Capacitor","floor":7},{"not_picked":["Sweeping Beam","Go for the Eyes"],"picked":"Hologram","floor":8},{"not_picked":["Stack","Loop"],"picked":"Coolheaded","floor":13}],"player_experience":251688,"relics_obtained":[{"floor":6,"key":"FossilizedHelix"},{"floor":7,"key":"StrikeDummy"},{"floor":9,"key":"Potion Belt"},{"floor":13,"key":"Bag of Preparation"}],"event_choices":[{"cards_removed":["Writhe"],"damage_healed":0.0,"max_hp_gain":0.0,"max_hp_loss":0.0,"gold_gain":0.0,"event_name":"The Cleric","player_choice":"Card Removal","floor":2.0,"gold_loss":50.0,"damage_taken":0.0},{"damage_healed":0,"gold_gain":0,"player_choice":"Searched \u00271\u0027 times","damage_taken":0,"max_hp_gain":0,"max_hp_loss":0,"event_name":"Dead Adventurer","floor":7,"gold_loss":0},{"damage_healed":0,"gold_gain":75,"player_choice":"Gather Gold","damage_taken":11,"max_hp_gain":0,"max_hp_loss":0,"event_name":"World of Goop","floor":14,"gold_loss":0}],"is_beta":false,"boss_relics":[],"items_purged_floors":[],"is_endless":false,"potions_floor_spawned":[4,7,8],"killed_by":"Hexaghost","ascension_level":10}}