{"host":"fb0gdunrufaj9qo3","time":1608321438,"event":{"mods":["2.2 Compatiblity","Abigail Mod","AchievementEnabler","Act Like it!","Aspiration","Bard","BaseMod","Block Reminder","Colored Map","Colored Powertips","Conspire","Downfall","Friendly Minions","Gensokyo","GifTheSpireLib","Hermit","HexUI Lib","Highlight Path","Hubris","Infinite Spire","Jorbs\u0027s Wanderer Trilogy","Koishi","Lobotomy","Mad Scientist","Marisa（霧雨　魔理沙）","Minty Spire (QoL Compilation)","Onozuka Komachi Mod","READ ME - Guardian Mod","Rare Cards Sparkle","Reimu（博??梦）","Relic Stats","Replay The Spire","Spicy Shops","StSLib","The Blue Laboratory","The Bug Knight","The Cursed","The Death Knight","The Disciple","The Elementalist","The Factory","The Forsaken","The Hierophant","The Judge","The Jungle","The Runesmith","The Servant 0.9.4","The Valiant","TheBandit","TheFirefly","Wandering Minibosses","Youmu（魂魄妖梦）"],"gold_per_floor":[117,117,43,43,43,82,107,147,147,167,167,186,38,58,58,188,188,206,206,231,231,256,256,256,280,280,280,305,305,321,321,321,449,449,468,468,468,481,392,392,17,17,17,53,67,67,81,100,100,100,100],"floor_reached":50,"playtime":4318,"items_purged":[],"score":507,"play_id":"81c8285d-01c7-43fc-9c3b-e1824bf8a77c","local_time":"20201218195718","is_ascension_mode":false,"campfire_choices":[{"floor":11,"key":"REST"},{"floor":15,"key":"REST"},{"floor":23,"key":"REST"},{"floor":27,"key":"RECALL"},{"floor":29,"key":"REST"},{"floor":32,"key":"REST"},{"data":"hermit:Snapshot","floor":40,"key":"SMITH"},{"floor":42,"key":"REST"},{"data":"hermit:Showdown","floor":46,"key":"SMITH"},{"floor":49,"key":"REST"}],"circlet_count":0,"master_deck":["hermit:Strike_Hermit","hermit:Strike_Hermit","hermit:Strike_Hermit","hermit:Strike_Hermit","hermit:Defend_Hermit","hermit:Defend_Hermit","hermit:Defend_Hermit","hermit:Defend_Hermit","hermit:Snapshot+1","hermit:Covet+1","hermit:Showdown+1","hermit:Enervate+1","hermit:Malice+1","hermit:GoldenBullet+1","hermit:HighCaliber+1","hermit:Headshot+1","hermit:Glare","hermit:Magnum+1","hermit:CalledShot+1","hermit:Horror","hermit:Malice+1","hermit:Dive","hermit:Quickdraw+1","hermit:Maintenance","hermit:FromBeyond","hermit:Glare+1","hermit:CalledShot+1","hermit:BigShot+1","hermit:Snipe+1","hermit:Roulette+1","hermit:BodyArmor+1","hermit:LowProfile+1"],"relics":["hermit:Momento","Golden Idol","DeathKnight:PutricidesVial","Molten Egg 2","aspiration:FetidBarrel","Bag of Marbles","hubris:Backtick","ReplayTheSpireMod:Ninjato","Runic Pyramid","Ring of Panic","ReplayTheSpireMod:Ring of Collecting","HollowMod:StagPassRelic","aspiration:PoetsPen_weak","Ring of Fury","aspiration:Lifesprig","Anchor","theForsaken:Gavel","TentaclePot:ReiMu","hubris:Reverence","Calipers"],"acts_visited":["Exordium","TheCity","TheBeyond"],"potions_floor_usage":[8,16,28,50],"damage_taken":[{"damage":0,"enemies":"Small Slimes","floor":1,"turns":4},{"damage":33,"enemies":"Gremlin Nob","floor":6,"turns":5},{"damage":0,"enemies":"Cultist","floor":7,"turns":2},{"damage":15,"enemies":"3 Sentries","floor":8,"turns":4},{"damage":0,"enemies":"2 Louse","floor":10,"turns":2},{"damage":14,"enemies":"2 Fungi Beasts","floor":12,"turns":3},{"damage":0,"enemies":"Red Slaver","floor":14,"turns":1},{"damage":32,"enemies":"The Guardian","floor":16,"turns":5},{"damage":1,"enemies":"conspire:FuzzyDice","floor":18,"turns":3},{"damage":17,"enemies":"3 Byrds","floor":20,"turns":4},{"damage":11,"enemies":"3 Cultists","floor":22,"turns":4},{"damage":28,"enemies":"Shelled Parasite and Fungi","floor":25,"turns":3},{"damage":0,"enemies":"Snecko","floor":28,"turns":3},{"damage":5,"enemies":"Cultist and Chosen","floor":30,"turns":4},{"damage":13,"enemies":"hubris:MusketHawk","floor":33,"turns":6},{"damage":10,"enemies":"3 Darklings","floor":35,"turns":2},{"damage":0,"enemies":"Orb Walker","floor":38,"turns":1},{"damage":0,"enemies":"HollowMod:StalkingDevout","floor":44,"turns":2},{"damage":5,"enemies":"Writhing Mass","floor":45,"turns":2},{"damage":6,"enemies":"Jaw Worm Horde","floor":47,"turns":3},{"damage":5,"enemies":"3 Darklings","floor":48,"turns":2},{"damage":77,"enemies":"Time Eater","floor":50,"turns":7}],"seed_played":"-1884703040855502764","potions_obtained":[{"floor":0,"key":"blueLaboratory:Moonshine"},{"floor":0,"key":"blueLaboratory:ImpenetrablePotion"},{"floor":0,"key":"blueLaboratory:ArtificerPotion"},{"floor":10,"key":"blueLaboratory:PyrophylliteBrew"},{"floor":12,"key":"DistilledChaos"},{"floor":20,"key":"GrandPatriotsElixir:ReiMu"},{"floor":25,"key":"Reflective Coating"},{"floor":30,"key":"Toxic Potion"},{"floor":33,"key":"ColorlessPotion"},{"floor":48,"key":"GrandPatriotsElixir:ReiMu"}],"is_trial":false,"path_per_floor":["M","?","$","?","?","E","M","E","T","M","R","M","$","M","R","B",null,"M","?","M","AVR","M","R","?","M","T","R","M","R","M","?","R","B",null,"M","T","?","M","?","R","$","R","T","E","M","R","M","M","R","B"],"character_chosen":"HERMIT","items_purchased":["DeathKnight:PutricidesVial","Bag of Marbles","theForsaken:Gavel","TentaclePot:ReiMu","hermit:BigShot"],"campfire_rested":7,"item_purchase_floors":[3,13,41,41,41],"current_hp_per_floor":[75,75,75,75,75,42,42,27,27,27,49,35,35,35,57,25,75,74,74,57,57,46,68,68,40,40,40,40,62,57,57,75,62,75,65,65,65,65,65,65,65,75,75,75,70,70,64,59,75,0,0],"gold":100,"neow_bonus":"THREE_SMALL_POTIONS","is_daily":false,"chose_seed":false,"campfire_upgraded":2,"win_rate":0.0,"timestamp":1608321438,"path_taken":["M","?","$","?","?","E","M","E","T","M","R","?","$","M","R","BOSS","M","?","M","AVR","M","R","?","M","T","R","M","R","M","?","R","BOSS","M","?","?","M","?","R","$","R","T","E","M","R","M","?","R","BOSS"],"items_purchased_type":["Relic","Relic","Relic","Relic","Card"],"build_version":"2020-12-13","purchased_purges":0,"victory":false,"max_hp_per_floor":[75,75,75,75,75,75,75,75,75,75,75,75,75,75,75,75,75,75,75,75,75,75,75,75,75,75,75,75,75,75,75,75,75,75,75,75,75,75,75,75,75,75,75,75,75,75,75,75,75,75,75],"relic_stats":{"counters":[22,72],"Golden Idol":136,"obtain_stats":[{"aspiration:Lifesprig":36,"ReplayTheSpireMod:Ninjato":17,"Calipers":44,"Golden Idol":2,"aspiration:FetidBarrel":8,"TentaclePot:ReiMu":41,"aspiration:PoetsPen_weak":34,"HollowMod:StagPassRelic":26,"theForsaken:Gavel":41,"Anchor":39,"hubris:Backtick":17,"ReplayTheSpireMod:Ring of Collecting":24,"DeathKnight:PutricidesVial":3,"Molten Egg 2":6,"Ring of Fury":36,"Bag of Marbles":13,"Ring of Panic":24,"hermit:Momento":0,"Runic Pyramid":21,"hubris:Reverence":43},{"aspiration:Lifesprig":16,"ReplayTheSpireMod:Ninjato":8,"Calipers":18,"Golden Idol":1,"aspiration:FetidBarrel":4,"TentaclePot:ReiMu":17,"aspiration:PoetsPen_weak":15,"HollowMod:StagPassRelic":12,"theForsaken:Gavel":17,"Anchor":17,"hubris:Backtick":8,"ReplayTheSpireMod:Ring of Collecting":11,"DeathKnight:PutricidesVial":1,"Molten Egg 2":2,"Ring of Fury":16,"Bag of Marbles":6,"Ring of Panic":11,"hermit:Momento":0,"Runic Pyramid":10,"hubris:Reverence":17},{"aspiration:Lifesprig":55,"ReplayTheSpireMod:Ninjato":26,"Calipers":58,"Golden Idol":4,"aspiration:FetidBarrel":15,"TentaclePot:ReiMu":56,"aspiration:PoetsPen_weak":53,"HollowMod:StagPassRelic":40,"theForsaken:Gavel":56,"Anchor":56,"hubris:Backtick":26,"ReplayTheSpireMod:Ring of Collecting":37,"DeathKnight:PutricidesVial":4,"Molten Egg 2":9,"Ring of Fury":55,"Bag of Marbles":20,"Ring of Panic":37,"hermit:Momento":0,"Runic Pyramid":33,"hubris:Reverence":56}]},"card_choices":[{"not_picked":["hermit:Desperado","hermit:ItchyTrigger"],"picked":"hermit:Showdown","floor":1},{"not_picked":["hermit:FlashPowder","hermit:Roulette+1"],"picked":"hermit:Enervate+1","floor":6},{"not_picked":["hermit:Midnight","hermit:Quickdraw+1"],"picked":"hermit:Malice+1","floor":7},{"not_picked":["hermit:ItchyTrigger+1","hermit:LoneWolf"],"picked":"hermit:GoldenBullet+1","floor":8},{"not_picked":["hermit:Virtue","hermit:Brawl"],"picked":"hermit:HighCaliber+1","floor":10},{"not_picked":["hermit:Coalescence","hermit:Manifest"],"picked":"hermit:Headshot+1","floor":12},{"not_picked":["hermit:Dive","hermit:Coalescence"],"picked":"hermit:Glare","floor":14},{"not_picked":["hermit:Reprieve","hermit:DeadOrAlive+1"],"picked":"hermit:Magnum+1","floor":16},{"not_picked":["hermit:Misfire+1","hermit:HoleUp+1"],"picked":"hermit:CalledShot+1","floor":18},{"not_picked":["hermit:Roulette+1","hermit:HoleUp"],"picked":"hermit:Horror","floor":20},{"not_picked":["hermit:OverwhelmingPower","hermit:Snipe"],"picked":"hermit:Malice+1","floor":22},{"not_picked":["hermit:TakeAim","hermit:Horror"],"picked":"hermit:Dive","floor":25},{"not_picked":["hermit:Dive","hermit:Glare"],"picked":"hermit:Quickdraw+1","floor":28},{"not_picked":["hermit:Coalescence","hermit:LowProfile"],"picked":"hermit:Maintenance","floor":30},{"not_picked":["hermit:OverwhelmingPower","hermit:FinalCanter+1"],"picked":"hermit:FromBeyond","floor":33},{"not_picked":["hermit:Coalescence","hermit:BodyArmor"],"picked":"hermit:Glare+1","floor":35},{"not_picked":["hermit:Coalescence+1","hermit:Roulette+1"],"picked":"hermit:CalledShot+1","floor":38},{"not_picked":["hermit:BlackWind+1","hermit:SprayPray+1"],"picked":"hermit:Snipe+1","floor":44},{"not_picked":["hermit:Desperado+1","hermit:WideOpen+1"],"picked":"hermit:Roulette+1","floor":45},{"not_picked":["hermit:Feint","hermit:GoldenBullet+1"],"picked":"hermit:BodyArmor+1","floor":47},{"not_picked":["hermit:Showdown+1","hermit:Feint"],"picked":"hermit:LowProfile+1","floor":48}],"player_experience":129332,"relics_obtained":[{"floor":6,"key":"Molten Egg 2"},{"floor":8,"key":"aspiration:FetidBarrel"},{"floor":24,"key":"Ring of Panic"},{"floor":24,"key":"ReplayTheSpireMod:Ring of Collecting"},{"floor":26,"key":"HollowMod:StagPassRelic"},{"floor":36,"key":"Ring of Fury"},{"floor":36,"key":"aspiration:Lifesprig"},{"floor":43,"key":"hubris:Reverence"},{"floor":44,"key":"Calipers"}],"event_choices":[{"damage_healed":0,"gold_gain":0,"player_choice":"Take Wound","damage_taken":0,"relics_obtained":["Golden Idol"],"max_hp_gain":0,"max_hp_loss":0,"event_name":"Golden Idol","floor":2,"gold_loss":0,"cards_obtained":["Injury"]},{"damage_healed":0,"gold_gain":0,"player_choice":"Leave","damage_taken":0,"max_hp_gain":0,"max_hp_loss":0,"event_name":"The Cleric","floor":4,"gold_loss":0},{"cards_removed":["Injury"],"damage_healed":0,"gold_gain":0,"player_choice":"Took Card","damage_taken":0,"max_hp_gain":0,"max_hp_loss":0,"event_name":"NoteForYourself","floor":5,"gold_loss":0,"cards_obtained":["Iron Wave"]},{"damage_healed":0,"gold_gain":0,"player_choice":"Leave","damage_taken":0,"max_hp_gain":0,"max_hp_loss":0,"event_name":"conspire:Investor","floor":19,"gold_loss":0},{"cards_removed":["Iron Wave"],"damage_healed":0,"gold_gain":0,"player_choice":"Purged","damage_taken":0,"max_hp_gain":0,"max_hp_loss":0,"event_name":"Purifier","floor":31,"gold_loss":0},{"damage_healed":0,"gold_gain":0,"player_choice":"Paid Gold","damage_taken":0,"relics_obtained":["Anchor"],"max_hp_gain":0,"max_hp_loss":0,"event_name":"WeMeetAgain","floor":39,"gold_loss":89}],"is_beta":false,"boss_relics":[{"not_picked":["aspiration:RitualDagger","Replay:Wanted Poster"],"picked":"hubris:Backtick"},{"not_picked":["Sozu","conspire:RunicOctahedron"],"picked":"aspiration:PoetsPen_weak"}],"items_purged_floors":[],"is_endless":false,"potions_floor_spawned":[7,10,12,20,25,30,33,35,38,45,48],"killed_by":"Time Eater","ascension_level":0}}