{"host":"4ih4fq53sefgqhvb","time":1608284539,"event":{"mods":["AchievementEnabler","Aspiration","Bard","BaseMod","BetterRewards","Colored Map","Colored Powertips","Conspire","Downfall","Googly Eyes","Hermit","Highlight Path","Hubris","Infinite Spire","Jedi Mod","Jorbs\u0027s Wanderer Trilogy","Marisa????????","Mimic Mod","Minty Spire (QoL Compilation)","Quick Restart","Relic Stats","Replay The Spire","Shop Mod","StSLib","The Animator","The Cursed","The Jungle","The Runesmith"],"gold_per_floor":[99,99,84,94,94,94,94,19,37,71,91,25,52,126,154,254,254,181,208,208,208,208,239,285,210,210,210,231,100,120,15,37,185,185,185,244,273,273,302,322,368,403,436,436,201,215,241,421,445,493,493,505,505],"floor_reached":52,"playtime":11181,"items_purged":["Slimebound:Icky"],"score":804,"play_id":"4c4f2fa6-20ec-461d-9558-9b535858481a","local_time":"20201218014219","is_ascension_mode":false,"campfire_choices":[{"floor":6,"key":"RECALL"},{"data":"hexamod:EtherealExpedition","floor":8,"key":"SMITH"},{"data":"hexamod:RecurringNightmare","floor":22,"key":"SMITH"},{"data":"hexamod:NightmareStrike","floor":25,"key":"SMITH"},{"data":"hexamod:RadiantFlame","floor":27,"key":"SMITH"},{"data":"Limit Break","floor":35,"key":"SMITH"},{"floor":44,"key":"REST"}],"circlet_count":0,"master_deck":["hexamod:Strike+1","hexamod:Strike","hexamod:Strike","hexamod:Strike","hexamod:Defend","hexamod:Defend","hexamod:Defend+1","hexamod:Defend","hexamod:Sear+1","hexamod:Float+1","hexamod:StepThrough+1","hexamod:EtherealExpedition+1","hexamod:FourthSeal","hexamod:NightmareStrike+1","hexamod:PowerFromBeyond","hexamod:SecondSeal","hexamod:UnlimitedPower+1","hexamod:RecurringNightmare+1","hexamod:Hexaguard","hexamod:SixthSeal","CurseOfTheBell","hexamod:NightmareGuise+1","Slimebound:CheckThePlaybook","hexamod:RadiantFlame+1","hexamod:FastForward","hexamod:EmpoweringStance","hexamod:AdvancingGuard+1","hexamod:NightmareStrike+1","Limit Break+1","hexamod:AdvancingGuard+1","hexamod:PhantomFireball+1","hexamod:CatchUp+1","hexamod:FastForward+1","conspire:Banana","hexamod:SpectersWail","hexamod:FifthSeal","hexamod:FirstSeal","hexamod:FlamesFromBeyond","hexamod:NightmareGuise","hexamod:SpectersWail","hexamod:GhostShield+1","hexamod:HeatShield","hexamod:RecurringNightmare","hexamod:PhantomCloak","hexamod:AdvancingGuard","hexamod:ThirdSeal","hexamod:RecurringNightmare","hexamod:FirstSeal","hexamod:FlamesFromBeyond+1","hexamod:NightmareStrike+1","hexamod:RecurringNightmare","Panache","hexamod:GhostLash"],"relics":["hexamod:SpiritBrand","conspire:Boomerang","hubris:Towel","Bird Faced Urn","downfall:HeartBlessingRed","infinitespire:Beetle Shell","hexamod:MatchstickCase","Replay:Rubber Ducky","infinitespire:Midas Blood","aspiration:DSix","downfall:HeartBlessingGreen","Pantograph","Eternal Feather","downfall:HeartBlessingBlue","Thread and Needle","Lizard Tail","infinitespire:Golems Mask","Replay:Ringing Soul","MerchantsRug","Mercury Hourglass"],"acts_visited":["Exordium","TheCity","TheBeyond","TheEnding"],"potions_floor_usage":[12,16,16,29,30,31,32,33,36,37,40,41,42,43,50],"damage_taken":[{"damage":0,"enemies":"downfall:FleeingMerchant","floor":3,"turns":4},{"damage":0,"enemies":"2 Louse","floor":4,"turns":2},{"damage":0,"enemies":"Jaw Worm","floor":9,"turns":2},{"damage":24,"enemies":"Lagavulin","floor":10,"turns":6},{"damage":0,"enemies":"Small Slimes","floor":11,"turns":4},{"damage":0,"enemies":"downfall:FleeingMerchant","floor":12,"turns":4},{"damage":9,"enemies":"Exordium Thugs","floor":13,"turns":5},{"damage":0,"enemies":"Exordium Wildlife","floor":15,"turns":3},{"damage":0,"enemies":"downfall:Watcher","floor":16,"turns":6},{"damage":0,"enemies":"Spheric Guardian","floor":19,"turns":3},{"damage":12,"enemies":"Snake Plant","floor":23,"turns":5},{"damage":7,"enemies":"Centurion and Healer","floor":24,"turns":5},{"damage":1,"enemies":"Centurion and Healer","floor":28,"turns":6},{"damage":0,"enemies":"downfall:FleeingMerchant","floor":29,"turns":4},{"damage":0,"enemies":"Cultist and Chosen","floor":30,"turns":7},{"damage":3,"enemies":"downfall:FleeingMerchant","floor":31,"turns":4},{"damage":0,"enemies":"Snake Plant","floor":32,"turns":3},{"damage":62,"enemies":"downfall:Silent","floor":33,"turns":8},{"damage":76,"enemies":"2 Orb Walkers","floor":36,"turns":6},{"damage":14,"enemies":"3 Darklings","floor":37,"turns":8},{"damage":7,"enemies":"3 Shapes","floor":39,"turns":5},{"damage":16,"enemies":"Spire Growth","floor":40,"turns":4},{"damage":0,"enemies":"Jaw Worm Horde","floor":41,"turns":15},{"damage":29,"enemies":"Jaw Worm Horde","floor":42,"turns":6},{"damage":17,"enemies":"conspire:MimicChest","floor":43,"turns":6},{"damage":0,"enemies":"downfall:FleeingMerchant","floor":45,"turns":4},{"damage":5,"enemies":"4 Shapes","floor":46,"turns":4},{"damage":0,"enemies":"3 Darklings","floor":47,"turns":5},{"damage":0,"enemies":"downfall:FleeingMerchant","floor":48,"turns":1},{"damage":9,"enemies":"Sphere and 2 Shapes","floor":49,"turns":7},{"damage":208,"enemies":"downfall:Defect","floor":50,"turns":13},{"damage":164,"enemies":"downfall:CharBossMerchant","floor":52,"turns":8}],"seed_played":"5940213826681589874","potions_obtained":[{"floor":9,"key":"Energy Potion"},{"floor":10,"key":"SpeedPotion"},{"floor":11,"key":"EssenceOfSteel"},{"floor":12,"key":"Energy Potion"},{"floor":13,"key":"AttackPotion"},{"floor":16,"key":"Ancient Potion"},{"floor":16,"key":"SpeedPotion"},{"floor":23,"key":"Energy Potion"},{"floor":24,"key":"FairyPotion"},{"floor":28,"key":"jedi:hoardpotion"},{"floor":30,"key":"DistilledChaos"},{"floor":30,"key":"jedi:hoardpotion"},{"floor":31,"key":"Reflective Coating"},{"floor":32,"key":"sneckomod:MuddlingPotion"},{"floor":32,"key":"jedi:StrikingPotion"},{"floor":33,"key":"Swift Potion"},{"floor":36,"key":"AttackPotion"},{"floor":37,"key":"SkillPotion"},{"floor":40,"key":"jedi:tentaclejuice"},{"floor":41,"key":"Regen Potion"},{"floor":42,"key":"Block Potion"},{"floor":43,"key":"Block Potion"}],"is_trial":false,"path_per_floor":["R_BF","?","$","M","?","R","T","R","M","E","M","$","M","?","M","B",null,"R_BF","M","?","?","R","M","MIM","R","?","R","M","$","M","$","M","B",null,"R","?","M","?","M","M","MIM","M","?","R","$","M","M","$","M","B",null,"E"],"character_chosen":"THE_SPIRIT","items_purchased":["hexamod:SecondSeal","hexamod:NightmareStrike","conspire:Banana","hexamod:ThirdSeal","MerchantsRug","hexamod:RecurringNightmare","Mercury Hourglass","Panache","hexamod:GhostLash"],"campfire_rested":1,"item_purchase_floors":[12,29,31,45,45,45,45,48,48],"current_hp_per_floor":[70,70,70,70,70,70,70,70,70,46,48,50,47,30,36,38,70,62,68,68,70,70,64,63,80,80,80,80,80,80,77,80,25,81,81,10,10,10,21,14,34,27,17,67,84,90,100,103,104,15,105,0,0],"gold":505,"neow_bonus":"ONE_RARE_RELIC","is_daily":false,"chose_seed":false,"campfire_upgraded":5,"win_rate":0.0,"timestamp":1608284539,"path_taken":["R_BF","?","$","M","?","R","T","R","M","E","M","?","?","?","M","BOSS","R_BF","M","?","?","R","M","MIM","R","?","R","M","$","M","?","M","BOSS","R","?","M","?","M","?","MIM","M","?","R","?","M","M","$","M","BOSS","E"],"items_purchased_type":["Card","Card","Card","Card","Relic","Card","Relic","Card","Card"],"build_version":"2020-12-13","purchased_purges":1,"victory":false,"max_hp_per_floor":[70,70,70,70,70,70,70,70,70,70,70,70,70,70,70,70,70,70,70,70,70,70,70,70,80,80,80,80,80,80,80,80,81,81,81,82,83,83,84,84,85,86,89,89,93,96,100,103,104,105,105,106,106],"relic_stats":{"Lizard Tail":52,"counters":[32,173],"Bird Faced Urn":[146],"Pantograph":0,"Eternal Feather":31,"obtain_stats":[{"hubris:DisguiseKit":2,"MerchantsRug":45,"downfall:HeartBlessingRed":8,"downfall:HeartBlessingGreen":18,"Eternal Feather":24,"Thread and Needle":36,"infinitespire:Beetle Shell":10,"conspire:Boomerang":0,"aspiration:SeaSaltIceCream":43,"hubris:Towel":5,"hexamod:MatchstickCase":14,"Replay:Rubber Ducky":17,"Mercury Hourglass":45,"Calling Bell":17,"Replay:Ringing Soul":43,"Lizard Tail":41,"hubris:Backtick":43,"downfall:HeartBlessingBlue":25,"Bird Faced Urn":7,"Pantograph":24,"infinitespire:Golems Mask":41,"aspiration:DSix":17,"hexamod:SpiritBrand":0,"infinitespire:Midas Blood":17},{"hubris:DisguiseKit":0,"MerchantsRug":26,"downfall:HeartBlessingRed":2,"downfall:HeartBlessingGreen":9,"Eternal Feather":12,"Thread and Needle":19,"infinitespire:Beetle Shell":4,"conspire:Boomerang":0,"aspiration:SeaSaltIceCream":25,"hubris:Towel":2,"hexamod:MatchstickCase":7,"Replay:Rubber Ducky":9,"Mercury Hourglass":26,"Calling Bell":9,"Replay:Ringing Soul":25,"Lizard Tail":23,"hubris:Backtick":25,"downfall:HeartBlessingBlue":12,"Bird Faced Urn":2,"Pantograph":12,"infinitespire:Golems Mask":23,"aspiration:DSix":9,"hexamod:SpiritBrand":0,"infinitespire:Midas Blood":9},{"hubris:DisguiseKit":0,"MerchantsRug":135,"downfall:HeartBlessingRed":6,"downfall:HeartBlessingGreen":36,"Eternal Feather":49,"Thread and Needle":87,"infinitespire:Beetle Shell":14,"conspire:Boomerang":0,"aspiration:SeaSaltIceCream":131,"hubris:Towel":6,"hexamod:MatchstickCase":27,"Replay:Rubber Ducky":36,"Mercury Hourglass":135,"Calling Bell":36,"Replay:Ringing Soul":131,"Lizard Tail":119,"hubris:Backtick":131,"downfall:HeartBlessingBlue":49,"Bird Faced Urn":6,"Pantograph":49,"infinitespire:Golems Mask":119,"aspiration:DSix":36,"hexamod:SpiritBrand":0,"infinitespire:Midas Blood":36}],"Mercury Hourglass":[98]},"card_choices":[{"not_picked":["hexamod:FastForward","hexamod:ExtraCrispy","hubris:ReadiedAction"],"picked":"hexamod:StepThrough","floor":3},{"not_picked":["hexamod:SoulSteal","hexamod:Incineration","Iron Wave"],"picked":"hexamod:EtherealExpedition","floor":4},{"not_picked":["hexamod:GhostOfSpirePast","hexamod:InspiringFlames","jedi:controlledanger"],"picked":"hexamod:FourthSeal","floor":9},{"not_picked":["hexamod:Rewind","hexamod:AdvancingGuard","hexamod:ThermalTransfer","Brutality"],"picked":"SKIP","floor":10},{"not_picked":["hexamod:GhostShield","hexamod:AdvancingGuard","Hemokinesis"],"picked":"hexamod:NightmareStrike","floor":11},{"not_picked":["hexamod:HauntingEcho","hexamod:RainOfEmbers","Berserk"],"picked":"hexamod:PowerFromBeyond","floor":12},{"not_picked":["hexamod:GhostOfSpirePast","hexamod:RainOfEmbers","hexamod:BurningTouch","Run Through"],"picked":"SKIP","floor":13},{"not_picked":["hexamod:GhostOfSpirePresent","hexamod:Firestarter","Run Through"],"picked":"hexamod:UnlimitedPower","floor":14},{"not_picked":["hexamod:Haunt","hexamod:SpectralSpark","Whirlwind"],"picked":"hexamod:RecurringNightmare","floor":14},{"not_picked":["hexamod:SpectralSpark","hexamod:GhostOfSpirePast","Power Through"],"picked":"hexamod:Hexaguard","floor":15},{"not_picked":["hexamod:WildfireWeapon","hexamod:HexaLevel","Juggernaut"],"picked":"hexamod:SixthSeal","floor":16},{"not_picked":["hexamod:EmpoweredFlame","hexamod:CatchUp","ReplayTheSpireMod:Limb From Limb"],"picked":"hexamod:NightmareGuise","floor":19},{"not_picked":["hexamod:PhantomFireball","hexamod:RainOfEmbers","Massacre"],"picked":"hexamod:RadiantFlame","floor":23},{"not_picked":["hexamod:EmpoweredFlame","hexamod:SuperheatedStrike+1","Thunderclap"],"picked":"hexamod:FastForward","floor":24},{"not_picked":["hexamod:HeatCrush+1","hexamod:BurningTouch+1","Abandon"],"picked":"hexamod:EmpoweringStance","floor":28},{"not_picked":["hexamod:RetreatToShadows","hexamod:SuperheatedStrike","Rupture"],"picked":"hexamod:AdvancingGuard","floor":29},{"not_picked":["hexamod:HauntingEcho+1","hexamod:ThermalTransfer+1","Shrug It Off"],"picked":"hexamod:FastForward+1","floor":31},{"not_picked":["hexamod:BurningTouch","hexamod:TimeWarp","Second Wind"],"picked":"hexamod:SpectersWail","floor":32},{"not_picked":["hexamod:TurnItUp","hexamod:UnleashSpirits","Offering"],"picked":"hexamod:FifthSeal","floor":33},{"not_picked":["hexamod:SecondSeal","hexamod:FourthSeal","hexamod:SixthSeal"],"picked":"hexamod:FirstSeal","floor":36},{"not_picked":["hexamod:NightmareGuise+1","hexamod:AdvancingGuard+1","Infernal Blade"],"picked":"hexamod:FlamesFromBeyond","floor":36},{"not_picked":["hexamod:GhostflameBarrier","hexamod:SpectralAdrenaline+1","Thunderclap"],"picked":"hexamod:NightmareGuise","floor":37},{"not_picked":["hexamod:HauntingEcho","hexamod:GhostLash","Sword Boomerang"],"picked":"hexamod:SpectersWail","floor":39},{"not_picked":["hexamod:SoulSteal+1","hexamod:HexaLevel","conspire:Charge"],"picked":"hexamod:GhostShield","floor":40},{"not_picked":["hexamod:RainOfEmbers","hexamod:GhostShield","jedi:unlimitedpower"],"picked":"hexamod:HeatShield","floor":41},{"not_picked":["hexamod:InspiringFlames+1","hexamod:FlamesFromBeyond+1","Brutality"],"picked":"hexamod:RecurringNightmare","floor":42},{"not_picked":["hexamod:Haunt+1","hexamod:AdvancingGuard+1","jedi:suffering"],"picked":"hexamod:PhantomCloak","floor":43},{"not_picked":["hexamod:GhostflameBarrier+1","hexamod:InspiringFlames+1","Sentinel"],"picked":"hexamod:AdvancingGuard","floor":45},{"not_picked":["hexamod:ThirdSeal","hexamod:SecondSeal"],"picked":"hexamod:FirstSeal","floor":46},{"not_picked":["hexamod:AdvancingGuard+1","hexamod:PhantomFireball+1"],"picked":"hexamod:FlamesFromBeyond+1","floor":46},{"not_picked":["hexamod:DynamicBlow+1","hexamod:RainOfEmbers+1","hexamod:ThermalTransfer"],"picked":"SKIP","floor":46},{"not_picked":["hexamod:AdvancingGuard+1","hexamod:Rewind+1"],"picked":"hexamod:NightmareStrike+1","floor":47},{"not_picked":["hexamod:Firestarter+1","hexamod:HeatCrush","hexamod:RainOfEmbers"],"picked":"SKIP","floor":47},{"not_picked":["hexamod:HeatShield","hexamod:HeatCrush+1"],"picked":"hexamod:RecurringNightmare","floor":48},{"not_picked":["hexamod:SuperheatedStrike","hexamod:SpectralSpark+1","hexamod:SpectralAdrenaline+1"],"picked":"SKIP","floor":49}],"player_experience":883086,"relics_obtained":[{"floor":7,"key":"Bird Faced Urn"},{"floor":10,"key":"infinitespire:Beetle Shell"},{"floor":14,"key":"hexamod:MatchstickCase"},{"floor":17,"key":"Replay:Rubber Ducky"},{"floor":17,"key":"infinitespire:Midas Blood"},{"floor":17,"key":"aspiration:DSix"},{"floor":24,"key":"Pantograph"},{"floor":24,"key":"Eternal Feather"},{"floor":36,"key":"Thread and Needle"},{"floor":41,"key":"Lizard Tail"},{"floor":41,"key":"infinitespire:Golems Mask"},{"floor":43,"key":"aspiration:SeaSaltIceCream"}],"event_choices":[{"damage_healed":0,"gold_gain":0,"player_choice":"Fight","damage_taken":0,"max_hp_gain":0,"max_hp_loss":0,"event_name":"Mysterious Sphere","floor":36,"gold_loss":0}],"is_beta":false,"boss_relics":[{"not_picked":["SacredBark","SlaversCollar"],"picked":"Calling Bell"},{"not_picked":["aspiration:BardSkillbook","Snecko Eye","Runic Dome"]}],"items_purged_floors":[29],"is_endless":false,"potions_floor_spawned":[9,11,13,15,16,28,30,32,39,40,43,47],"killed_by":"downfall:CharBossMerchant","ascension_level":0}}