{"host":"foq4mrde4mssg7vt","time":1608267242,"event":{"mods":["AchievementEnabler","BaseMod","Colored Map","Colored Powertips","Highlight Path","Minty Spire (QoL Compilation)","Relic Stats","everything is the same but u backflip on backflip"],"gold_per_floor":[111,111,129,147,161,161,176,176,176,176,34,54,66,82,82,180,180,199,199,218,234,254,254,27,38,65,79,113,113,127,27,27,127,127,140,151,26,37,87,115,115,146,146,156,210,210,223,67,67,67,67,67,19,50,50],"floor_reached":56,"playtime":4205,"items_purged":["Strike_B","Defend_B","Zap"],"score":1600,"play_id":"f81562b7-6b29-4c04-b062-45c4fc3c03c4","local_time":"20201218125402","is_ascension_mode":true,"campfire_choices":[{"floor":6.0,"key":"REST"},{"data":"Defragment","floor":8.0,"key":"SMITH"},{"data":"Loop","floor":10.0,"key":"SMITH"},{"floor":15.0,"key":"REST"},{"data":"Sweeping Beam","floor":23.0,"key":"SMITH"},{"data":"Sunder","floor":29,"key":"SMITH"},{"data":"Force Field","floor":32,"key":"SMITH"},{"data":"Self Repair","floor":41,"key":"SMITH"},{"floor":49,"key":"RECALL"},{"data":"Multi-Cast","floor":52,"key":"SMITH"}],"circlet_count":0,"master_deck":["Dualcast","Defragment+1","Steam Power","Reinforced Body","Ball Lightning","Cold Snap","Loop+1","Tempest","Self Repair+1","Sweeping Beam+1","Force Field+1","All For One","Sunder+1","Hologram+1","Loop+1","Genetic Algorithm","Fusion","Aggregate+1","Seek","Electrodynamics","Thunder Strike","Genetic Algorithm","Compile Driver","Sunder","Conserve Battery+1","Loop+1","Cold Snap+1","Multi-Cast+1","Hologram+1","Seek","Creative AI"],"relics":["Snecko Eye","MealTicket","Philosopher\u0027s Stone","Oddly Smooth Stone","Orichalcum","Nunchaku","Pandora\u0027s Box","Ice Cream","White Beast Statue","Happy Flower","Mango","Orrery","Emotion Chip"],"acts_visited":["Exordium","TheCity","TheBeyond","TheEnding"],"potions_floor_usage":[28,55,55,55],"damage_taken":[{"damage":4.0,"enemies":"2 Louse","floor":1.0,"turns":2.0},{"damage":0.0,"enemies":"Cultist","floor":3.0,"turns":4.0},{"damage":15.0,"enemies":"Jaw Worm","floor":4.0,"turns":4.0},{"damage":45.0,"enemies":"Gremlin Gang","floor":5.0,"turns":5.0},{"damage":3.0,"enemies":"Blue Slaver","floor":7.0,"turns":4.0},{"damage":9.0,"enemies":"Exordium Wildlife","floor":12.0,"turns":5.0},{"damage":10.0,"enemies":"3 Louse","floor":13.0,"turns":3.0},{"damage":10.0,"enemies":"Exordium Thugs","floor":14.0,"turns":5.0},{"damage":38.0,"enemies":"Slime Boss","floor":16.0,"turns":11.0},{"damage":7.0,"enemies":"2 Thieves","floor":18.0,"turns":3.0},{"damage":6.0,"enemies":"Shell Parasite","floor":20.0,"turns":3.0},{"damage":3.0,"enemies":"Snake Plant","floor":21.0,"turns":2.0},{"damage":0.0,"enemies":"Snecko","floor":22.0,"turns":4.0},{"damage":9.0,"enemies":"Centurion and Healer","floor":25.0,"turns":5.0},{"damage":15.0,"enemies":"Snake Plant","floor":27.0,"turns":7.0},{"damage":18,"enemies":"Slavers","floor":28,"turns":2},{"damage":6,"enemies":"Chosen and Byrds","floor":30,"turns":3},{"damage":9,"enemies":"Automaton","floor":33,"turns":7},{"damage":6,"enemies":"3 Shapes","floor":35,"turns":4},{"damage":37,"enemies":"3 Darklings","floor":36,"turns":4},{"damage":0,"enemies":"Transient","floor":38,"turns":5},{"damage":0,"enemies":"Mind Bloom Boss Battle","floor":39,"turns":6},{"damage":10,"enemies":"Giant Head","floor":40,"turns":7},{"damage":0,"enemies":"Nemesis","floor":42,"turns":5},{"damage":7,"enemies":"Writhing Mass","floor":44,"turns":9},{"damage":0,"enemies":"2 Orb Walkers","floor":45,"turns":3},{"damage":1,"enemies":"Sphere and 2 Shapes","floor":47,"turns":3},{"damage":58,"enemies":"Awakened One","floor":50,"turns":11},{"damage":31,"enemies":"Shield and Spear","floor":54,"turns":5},{"damage":0,"enemies":"The Heart","floor":55,"turns":8}],"seed_played":"1419971092981814117","potions_obtained":[{"floor":1.0,"key":"LiquidMemories"},{"floor":4.0,"key":"SkillPotion"},{"floor":5.0,"key":"EssenceOfSteel"},{"floor":12.0,"key":"Explosive Potion"},{"floor":20.0,"key":"Block Potion"},{"floor":22.0,"key":"Dexterity Potion"},{"floor":25.0,"key":"SmokeBomb"},{"floor":36,"key":"Strength Potion"},{"floor":39,"key":"SneckoOil"},{"floor":44,"key":"PowerPotion"},{"floor":47,"key":"Fire Potion"}],"is_trial":false,"path_per_floor":["M","?","M","M","M","R","M","R","T","R","$","M","M","M","R","B",null,"M","?","M","M","M","R","$","M","T","M","E","R","M","$","R","B",null,"M","M","$","M","?","E","R","E","T","M","?","?","M","$","R","B",null,"R","$","E","B",null],"character_chosen":"DEFECT","items_purchased":["Tempest","Self Repair","Oddly Smooth Stone","Orrery","Energy Potion"],"campfire_rested":2,"item_purchase_floors":[11,11,24,48,53],"current_hp_per_floor":[64,64,64,49,4,26,23,23,23,23,38,36,26,23,45,14,60,60,60,61,65,72,72,75,73,73,65,47,47,48,63,63,61,72,73,36,51,58,65,62,62,62,62,65,89,79,88,89,89,41,77,77,89,68,78],"gold":50,"neow_bonus":"BOSS_RELIC","is_daily":false,"chose_seed":false,"campfire_upgraded":7,"win_rate":0.0,"timestamp":1608267242,"path_taken":["M","?","M","?","M","R","M","R","T","R","?","M","?","M","R","BOSS","M","?","M","M","?","R","$","M","T","M","E","R","M","$","R","BOSS","M","M","$","M","?","E","R","E","T","M","?","?","M","$","R","BOSS","R","$","E","BOSS"],"items_purchased_type":["Card","Card","Relic","Relic","Potion"],"build_version":"2020-12-13","purchased_purges":3,"victory":true,"max_hp_per_floor":[75,75,75,75,75,75,75,75,75,75,75,75,75,75,75,75,75,75,75,75,75,75,75,75,75,75,75,75,75,75,75,75,75,75,75,75,75,75,75,75,75,75,75,75,89,89,89,89,89,89,89,89,89,89,89],"relic_stats":{"Nunchaku":[26],"Emotion Chip":[0,0,0,0,0],"Happy Flower":[13],"counters":[30,147],"Snecko Eye":[250,253,255,248],"MealTicket":61,"Pandora\u0027s Box":["Thunder Strike","Genetic Algorithm","Compile Driver","Sunder"],"Orichalcum":[72],"obtain_stats":[{"Ice Cream":39,"Happy Flower":42,"Oddly Smooth Stone":24,"Mango":45,"Orichalcum":26,"White Beast Statue":40,"Nunchaku":28,"Emotion Chip":54,"Snecko Eye":0,"Orrery":48,"MealTicket":9,"Philosopher\u0027s Stone":17,"Pandora\u0027s Box":34,"Cracked Core":0},{"Ice Cream":22,"Happy Flower":24,"Oddly Smooth Stone":13,"Mango":26,"Orichalcum":14,"White Beast Statue":23,"Nunchaku":16,"Emotion Chip":29,"Snecko Eye":0,"Orrery":27,"MealTicket":5,"Philosopher\u0027s Stone":9,"Pandora\u0027s Box":18,"Cracked Core":0},{"Ice Cream":96,"Happy Flower":108,"Oddly Smooth Stone":54,"Mango":120,"Orichalcum":59,"White Beast Statue":103,"Nunchaku":67,"Emotion Chip":139,"Snecko Eye":0,"Orrery":123,"MealTicket":19,"Philosopher\u0027s Stone":42,"Pandora\u0027s Box":77,"Cracked Core":0}]},"card_choices":[{"not_picked":["Chill","Stack"],"picked":"Defragment","floor":1.0},{"not_picked":["Skim","Steam"],"picked":"Reinforced Body","floor":3.0},{"not_picked":["Beam Cell","Reprogram"],"picked":"Ball Lightning","floor":4.0},{"not_picked":["Consume","Streamline"],"picked":"Cold Snap","floor":5.0},{"not_picked":["Hello World","Hologram"],"picked":"Loop","floor":7.0},{"not_picked":["Hologram","Ball Lightning"],"picked":"Sweeping Beam","floor":12.0},{"not_picked":["Leap","Cold Snap"],"picked":"Force Field","floor":13.0},{"not_picked":["Beam Cell","Redo","Leap"],"picked":"SKIP","floor":14.0},{"not_picked":["Seek","Machine Learning"],"picked":"All For One","floor":16.0},{"not_picked":["Reinforced Body","Turbo"],"picked":"Sunder","floor":18.0},{"not_picked":["Stack+1","Steam+1"],"picked":"Hologram+1","floor":20.0},{"not_picked":["Auto Shields+1","Compile Driver"],"picked":"Loop+1","floor":21.0},{"not_picked":["Conserve Battery+1","Steam"],"picked":"Genetic Algorithm","floor":22.0},{"not_picked":["Double Energy","Beam Cell"],"picked":"Fusion","floor":25.0},{"not_picked":["Hologram","Rebound","Gash"],"picked":"SKIP","floor":27.0},{"not_picked":["Auto Shields","Hologram"],"picked":"Aggregate+1","floor":28},{"not_picked":["Storm","Go for the Eyes"],"picked":"Seek","floor":30},{"not_picked":["Reboot","Machine Learning"],"picked":"Electrodynamics","floor":33},{"not_picked":["Redo+1","Go for the Eyes+1","Chill+1"],"picked":"SKIP","floor":35},{"not_picked":["Turbo+1","White Noise"],"picked":"Conserve Battery+1","floor":36},{"not_picked":["Stack","Sweeping Beam+1"],"picked":"Loop+1","floor":38},{"not_picked":["Reboot","Conserve Battery"],"picked":"Cold Snap+1","floor":40},{"not_picked":["Scrape","Leap+1"],"picked":"Multi-Cast","floor":42},{"not_picked":["Sunder","Fusion+1","Leap"],"picked":"SKIP","floor":44},{"not_picked":["Tempest+1","Scrape","Gash"],"picked":"SKIP","floor":47},{"not_picked":["Turbo+1","Cold Snap+1"],"picked":"Hologram+1","floor":48},{"not_picked":["Cold Snap+1","Lockon"],"picked":"Seek","floor":48},{"not_picked":["Conserve Battery","Turbo"],"picked":"Creative AI","floor":54}],"player_experience":198179,"relics_obtained":[{"floor":9.0,"key":"MealTicket"},{"floor":26.0,"key":"Orichalcum"},{"floor":28,"key":"Nunchaku"},{"floor":39,"key":"Ice Cream"},{"floor":40,"key":"White Beast Statue"},{"floor":42,"key":"Happy Flower"},{"floor":45,"key":"Mango"},{"floor":54,"key":"Emotion Chip"}],"event_choices":[{"damage_healed":0.0,"max_hp_gain":0.0,"max_hp_loss":0.0,"gold_gain":0.0,"cards_transformed":["Strike_B"],"event_name":"Transmorgrifier","player_choice":"Transformed","floor":2.0,"gold_loss":0.0,"damage_taken":0.0,"cards_obtained":["Steam Power"]},{"cards_removed":["Defend_B"],"damage_healed":0.0,"max_hp_gain":0.0,"max_hp_loss":0.0,"gold_gain":0.0,"event_name":"Purifier","player_choice":"Purged","floor":19.0,"gold_loss":0.0,"damage_taken":0.0},{"damage_healed":0,"gold_gain":0,"player_choice":"Fight","damage_taken":0,"max_hp_gain":0,"max_hp_loss":0,"event_name":"MindBloom","floor":39,"gold_loss":0},{"damage_healed":0,"gold_gain":0,"player_choice":"Fight","damage_taken":0,"max_hp_gain":0,"max_hp_loss":0,"event_name":"Mysterious Sphere","floor":45,"gold_loss":0},{"damage_healed":0,"gold_gain":0,"player_choice":"Memory 3","damage_taken":10,"max_hp_gain":0,"max_hp_loss":0,"event_name":"SensoryStone","floor":46,"gold_loss":0}],"is_beta":false,"boss_relics":[{"not_picked":["Runic Pyramid","Fusion Hammer"],"picked":"Philosopher\u0027s Stone"},{"not_picked":["Sozu","Cursed Key"],"picked":"Pandora\u0027s Box"}],"items_purged_floors":[24,31,37],"is_endless":false,"potions_floor_spawned":[1,4,5,12,20,22,25,36,39,42,44,45,47,54],"ascension_level":7}}