{"host":"tm3ghj8mno6gwywm","time":1608287696,"event":{"mods":["2.2 Compatiblity","AchievementEnabler","Bard","BaseMod","Beaked The Cultist","Better Third Choice","Colored Map","Colored Powertips","Conspire","Downfall","Glutton Mod","GungeonMod","Halation","Hermit","Hubris","Infinite Spire","Jorbs\u0027s Wanderer Trilogy","Lobotomy","Mad Scientist","Marisa????????","Marked Mod","Mimic Mod","Minty Spire (QoL Compilation)","Potionbrewer","Quick Restart","READ ME - Guardian Mod","Replay The Spire","Shade Mod","Shop Mod","Somnambulant","Spicy Shops","StSLib","SuperFastMode","The Bug Knight","The Construct","The Cursed","The Disciple","The Factory","The Hierophant","The IronCluck","The Judge","The Jungle","The Necromancer","The Runesmith","The Servant 0.9.4","egg"],"gold_per_floor":[199,209,47,47,32,32,105,105,124,158,8,22,22,39,51,154,154,154,164,264,5,16,320,368,387,402,429,429,429,429,445,458,553,553,328,328,343,52,52,67,67,26,39,71,87,87,101,101,121,121,121,121,156,69,69,69],"floor_reached":57,"playtime":3239,"items_purged":["Doubt"],"score":1804,"play_id":"2e8b4d24-eeb0-42bb-889f-055d7f7496a6","local_time":"20201218053456","is_ascension_mode":false,"campfire_choices":[{"floor":1,"key":"RECALL"},{"floor":6,"key":"REST"},{"data":"champ:Taunt","floor":8,"key":"SMITH"},{"data":"champ:Execute","floor":18,"key":"SMITH"},{"data":"hubris:InfiniteBlow+79","floor":35,"key":"SMITH"},{"floor":55,"key":"REST"}],"circlet_count":0,"master_deck":["champ:Strike","champ:Strike","champ:Strike","champ:Strike","champ:Defend","champ:Defend","champ:Defend","champ:Defend+1","champ:Execute+1","champ:Taunt+1","champ:BladeFlurry+1","champ:RecklessLeap+1","champ:FocusedDefense+1","champ:ShieldSigil+1","champ:Circumvent+1","champ:SkillfulDodge+1","champ:Control+1","champ:DeathBlow+1","champ:CrookedStrike+1","champ:Haymaker+1","champ:MurderStrike+1","champ:LastStand+1","champ:AdrenalArmor+1","champ:DefensiveShout+1","champ:Backstep+1","champ:FaceSlap+1","champ:SwordSigil+1","champ:IronFortress+1","champ:FocusedBerserking+1","Pot Of Greed+1","Pot Of Greed+1","Pot Of Greed+1","champ:EndlessRage+1","champ:Lariat+1","hubris:InfiniteBlow+80","champ:DefensiveShout+1","champ:Backstep+1","champ:VampiricStrike+1","Pot Of Greed+1","champ:FanOfKnives+1","champ:GladiatorStyle+1","champ:Balance+1","champ:Aggression+1","champ:EnGarde+1","champ:ShieldThrow+1","hubris:Rewind+1","hubris:Rewind+1","champ:BerserkerStyle+1","champ:VampiricStrike+1","champ:BringItOn+1"],"relics":["champ:ChampionCrown","Lizard Tail","Mummified Hand","Black Star","Molten Egg 2","Toxic Egg 2","Frozen Egg 2","Quantum Egg","Membership Card","WingedGreaves","potionbrewer:Torch","DemoMod:WhiteGuonStone","Akabeko","hubris:BottledRain","halation:Sosunser","potionbrewer:Keyblade","Bird Faced Urn","Sling","Grinning Jar","infinitespire:Satchel","DemoMod:ClearGuonStone","StoneCalendar","Chameleon Ring","DemoMod:SerJunkan","hubris:KleinBottle","SacredBark","downfall:HeartBlessingBlue","downfall:HeartBlessingRed","downfall:HeartBlessingGreen","DemoMod:BlueGuonStone","champ:SpectersHand","Bag of Preparation","DemoMod:Junk","beaked:SacredDeck","DollysMirror","halation:Toothbrush"],"acts_visited":["Exordium","TheCity","TheBeyond","TheEnding"],"potions_floor_usage":[10,16,16,33,56,56],"damage_taken":[{"damage":5,"enemies":"Cultist","floor":2,"turns":4},{"damage":10,"enemies":"downfall:FleeingMerchant","floor":3,"turns":4},{"damage":35,"enemies":"downfall:FleeingMerchant","floor":5,"turns":4},{"damage":20,"enemies":"conspire:RoseBush","floor":9,"turns":2},{"damage":37,"enemies":"Lagavulin","floor":10,"turns":3},{"damage":37,"enemies":"downfall:FleeingMerchant","floor":11,"turns":4},{"damage":5,"enemies":"2 Louse","floor":12,"turns":2},{"damage":20,"enemies":"Large Slime","floor":14,"turns":2},{"damage":20,"enemies":"Blue Slaver","floor":15,"turns":2},{"damage":18,"enemies":"downfall:Defect","floor":16,"turns":6},{"damage":49,"enemies":"3 Byrds","floor":19,"turns":3},{"damage":33,"enemies":"downfall:FleeingMerchant","floor":21,"turns":4},{"damage":20,"enemies":"Chosen","floor":22,"turns":4},{"damage":2,"enemies":"downfall:FleeingMerchant","floor":23,"turns":1},{"damage":2,"enemies":"Snake Plant","floor":25,"turns":3},{"damage":57,"enemies":"Centurion and Healer","floor":26,"turns":4},{"damage":57,"enemies":"conspire:SneckoGhost","floor":27,"turns":7},{"damage":23,"enemies":"Chosen and Byrds","floor":31,"turns":3},{"damage":38,"enemies":"3 Cultists","floor":32,"turns":5},{"damage":10,"enemies":"downfall:Silent","floor":33,"turns":3},{"damage":36,"enemies":"3 Shapes","floor":37,"turns":3},{"damage":30,"enemies":"3 Darklings","floor":40,"turns":3},{"damage":15,"enemies":"Jaw Worm Horde","floor":43,"turns":3},{"damage":58,"enemies":"Nemesis","floor":44,"turns":2},{"damage":28,"enemies":"Sphere and 2 Shapes","floor":45,"turns":2},{"damage":0,"enemies":"3 Darklings","floor":47,"turns":2},{"damage":38,"enemies":"Sphere and 2 Shapes","floor":49,"turns":2},{"damage":33,"enemies":"downfall:Watcher","floor":50,"turns":6},{"damage":104,"enemies":"downfall:CharBossMerchant","floor":53,"turns":8},{"damage":82,"enemies":"downfall:NeowBoss","floor":56,"turns":16}],"seed_played":"-165203257519070558","potions_obtained":[{"floor":9,"key":"infinitespire:BlackPotion"},{"floor":12,"key":"ColorlessPotion"},{"floor":14,"key":"Strength Potion"},{"floor":16,"key":"SkillPotion"},{"floor":22,"key":"Strength Potion"},{"floor":47,"key":"Languid Potion"}],"is_trial":false,"path_per_floor":["R","M","$","?","$","R","T","R","M","E","$","M","$","M","M","B",null,"R","M","?","$","M","$","T","M","M","E","?","T","$","M","M","B",null,"R","?","M","$","?","M","T","$","M","E","M","AVR","M","?","M","B",null,null,"E","$","R","B",null],"character_chosen":"THE_CHAMP","items_purchased":["champ:FocusedDefense+1","champ:ShieldSigil+1","potionbrewer:Torch","hubris:BottledRain","halation:Sosunser","potionbrewer:Keyblade","Bird Faced Urn","Sling","champ:Backstep+1","champ:IronFortress+1","champ:FocusedBerserking+1","DemoMod:SerJunkan","hubris:KleinBottle","DemoMod:BlueGuonStone","champ:SpectersHand","Bag of Preparation","champ:GladiatorStyle+1","halation:Toothbrush","champ:BringItOn+1"],"campfire_rested":2,"item_purchase_floors":[3,3,3,11,11,13,21,21,21,23,23,30,30,38,38,38,42,54,54],"current_hp_per_floor":[90,90,90,75,60,87,87,87,87,75,63,63,53,53,53,35,90,90,86,86,78,78,78,78,78,77,89,89,89,54,60,69,75,90,100,100,100,100,100,100,100,100,100,74,78,78,82,82,76,90,90,100,35,35,65,100],"gold":69,"neow_bonus":"HUNDRED_GOLD","is_daily":false,"chose_seed":false,"campfire_upgraded":3,"win_rate":0.0,"timestamp":1608287696,"path_taken":["R","M","$","?","$","R","T","R","?","E","$","M","?","M","M","BOSS","R","M","?","$","M","$","T","M","M","E","?","?","?","?","M","BOSS","R","?","M","$","?","M","T","$","M","E","M","AVR","?","?","M","BOSS","E","$","R","BOSS"],"items_purchased_type":["Card","Card","Relic","Relic","Relic","Relic","Relic","Relic","Card","Card","Card","Relic","Relic","Relic","Relic","Relic","Card","Relic","Card"],"build_version":"2020-12-13","purchased_purges":1,"victory":true,"max_hp_per_floor":[90,90,90,90,90,90,90,90,90,90,90,90,90,90,90,90,90,90,90,90,90,90,90,90,90,90,90,90,90,90,90,90,90,90,100,100,100,100,100,100,100,100,100,100,100,100,100,100,100,100,100,100,100,100,100,100],"card_choices":[{"not_picked":["champ:BerserkersShout+1","champ:Circumvent+1"],"picked":"champ:BladeFlurry+1","floor":2},{"not_picked":["champ:PreciseThrust+1","champ:HeartStrike+1"],"picked":"champ:RecklessLeap+1","floor":3},{"not_picked":["champ:PerfectedStrike+1","champ:DancingMaster+1"],"picked":"champ:Circumvent+1","floor":5},{"not_picked":["champ:AdrenalArmor+1","champ:BringItOn+1"],"picked":"champ:SkillfulDodge+1","floor":9},{"not_picked":["champ:RapidStrikes+1","champ:VampiricStrike+1"],"picked":"champ:Control+1","floor":10},{"not_picked":["champ:AdrenalArmor+1","champ:ViciousMockery+1"],"picked":"champ:DeathBlow+1","floor":11},{"not_picked":["champ:Shatter+1","champ:RageSigil+1"],"picked":"champ:CrookedStrike+1","floor":12},{"not_picked":["champ:ShieldSigil+1","champ:Circumvent+1"],"picked":"champ:Haymaker+1","floor":14},{"not_picked":["champ:Circumvent+1","champ:PreciseThrust+1"],"picked":"champ:MurderStrike+1","floor":15},{"not_picked":["champ:HoldFirm+1","champ:SteelEdge+1"],"picked":"champ:LastStand+1","floor":16},{"not_picked":["champ:Haymaker+1","champ:Encircle+1"],"picked":"champ:AdrenalArmor+1","floor":19},{"not_picked":["champ:SwordThrow+1","champ:RisingSlash+1"],"picked":"champ:DefensiveShout+1","floor":21},{"not_picked":["champ:AdrenalArmor+1","champ:FocusedBerserking+1"],"picked":"champ:FaceSlap+1","floor":22},{"not_picked":["champ:BladeFlurry+1","champ:FalseCounter+1"],"picked":"champ:SwordSigil+1","floor":23},{"not_picked":["champ:CrookedStrike+1","champ:Circumvent+1","champ:CheapShot+1"],"picked":"SKIP","floor":25},{"not_picked":["champ:BringItOn+1","champ:ShieldSigil+1"],"picked":"champ:EndlessRage+1","floor":26},{"not_picked":["champ:Duel+1","champ:EndlessRage+1"],"picked":"champ:Lariat+1","floor":27},{"not_picked":["ReplayTheSpireMod:Chaos Vortex","ReplayTheSpireMod:Echoes of Time"],"picked":"hubris:InfiniteBlow+79","floor":30},{"not_picked":["champ:BladeFlurry+1","champ:FightOn"],"picked":"champ:DefensiveShout+1","floor":31},{"not_picked":["champ:ArenaPreparation+1","champ:Haymaker+1"],"picked":"champ:Backstep+1","floor":32},{"not_picked":["champ:SteelEdge+1","champ:LastStand+1"],"picked":"champ:VampiricStrike+1","floor":33},{"not_picked":["champ:IronFortress+1","champ:Lariat+1","champ:DeathBlow+1"],"picked":"SKIP","floor":37},{"not_picked":["champ:BerserkerStyle+1","champ:RapidStrikes+1"],"picked":"champ:FanOfKnives+1","floor":40},{"not_picked":["champ:StanceDance+1","champ:BringItOn+1"],"picked":"champ:Balance+1","floor":43},{"not_picked":["champ:RageSigil+1","champ:ArenaPreparation+1"],"picked":"champ:Aggression+1","floor":44},{"not_picked":["champ:FocusedBerserking+1","champ:SwordSigil+1"],"picked":"champ:EnGarde+1","floor":45},{"not_picked":["champ:ShieldSigil+1","champ:PerfectedStrike+1","champ:CrookedStrike+1"],"picked":"SKIP","floor":47},{"not_picked":["champ:Circumvent+1","champ:Encircle+1"],"picked":"champ:BerserkerStyle+1","floor":49},{"not_picked":["champ:Encircle+1","champ:FocusedDefense+1"],"picked":"champ:VampiricStrike+1","floor":53}],"player_experience":774968,"relics_obtained":[{"floor":10,"key":"DemoMod:WhiteGuonStone"},{"floor":10,"key":"Akabeko"},{"floor":24,"key":"Grinning Jar"},{"floor":27,"key":"infinitespire:Satchel"},{"floor":27,"key":"DemoMod:ClearGuonStone"},{"floor":29,"key":"Chameleon Ring"},{"floor":41,"key":"DemoMod:Junk"},{"floor":44,"key":"DemoMod:Junk"},{"floor":44,"key":"DemoMod:Junk"},{"floor":53,"key":"DemoMod:Junk"},{"floor":53,"key":"DemoMod:Junk"}],"event_choices":[{"damage_healed":0,"gold_gain":0,"player_choice":"Leave","damage_taken":0,"max_hp_gain":0,"max_hp_loss":0,"event_name":"conspire:Investor","floor":36,"gold_loss":0},{"damage_healed":0,"gold_gain":0,"player_choice":"Forge","damage_taken":0,"max_hp_gain":0,"max_hp_loss":0,"event_name":"Accursed Blacksmith","floor":39,"gold_loss":0,"cards_upgraded":["champ:Defend"]}],"is_beta":false,"boss_relics":[{"not_picked":["ChewingGum","halation:ForbiddenBikini","Painkiller Herb"]},{"not_picked":["Runic Pyramid","Abe\u0027s Treasure"],"picked":"SacredBark"}],"items_purged_floors":[38],"is_endless":false,"potions_floor_spawned":[9,12,14,15,16,19,22,25,31,32,33,47,49],"ascension_level":0}}