{"host":"4nqeo0vu1vuav7gg","time":1608288146,"event":{"mods":["AchievementEnabler","BaseMod","Block Reminder","Colored Map","Colored Powertips","Highlight Path","Minty Spire (QoL Compilation)","Quick Restart","Rare Cards Sparkle","Relic Relevance Reorder","StSLib"],"gold_per_floor":[119,4,4,24,24,24,36,56,83,102,102,102,21,53,53,124,124,141,240,240,165,183,183,208,208,208],"floor_reached":25,"playtime":1185,"items_purged":[],"score":371,"play_id":"76cf5b42-277b-4b08-8f8b-b88ba7c12da5","local_time":"20201218114226","is_ascension_mode":true,"campfire_choices":[{"data":"Fission","floor":6.0,"key":"SMITH"},{"data":"Self Repair","floor":11,"key":"SMITH"},{"data":"Loop","floor":15,"key":"SMITH"},{"data":"Creative AI","floor":23,"key":"SMITH"}],"circlet_count":0,"master_deck":["AscendersBane","Strike_B","Strike_B","Strike_B","Defend_B+1","Defend_B","Defend_B","Defend_B+1","Zap","Dualcast","Beam Cell","Fission+1","Cold Snap","Conserve Battery","Capacitor","Coolheaded","Self Repair+1","Loop+1","Chill","Creative AI+1","Doom and Gloom","Glacier"],"relics":["Cracked Core","Pen Nib","Mummified Hand","CaptainsWheel","Inserter","Bag of Marbles","Oddly Smooth Stone","Smiling Mask","Spirit Poop"],"acts_visited":["Exordium","TheCity"],"potions_floor_usage":[10,22],"damage_taken":[{"damage":2.0,"enemies":"Jaw Worm","floor":1.0,"turns":3.0},{"damage":0.0,"enemies":"2 Louse","floor":4.0,"turns":2.0},{"damage":0.0,"enemies":"Cultist","floor":7.0,"turns":3.0},{"damage":1.0,"enemies":"Looter","floor":8.0,"turns":3.0},{"damage":0,"enemies":"3 Louse","floor":10,"turns":1},{"damage":16,"enemies":"3 Sentries","floor":14,"turns":10},{"damage":20,"enemies":"Hexaghost","floor":16,"turns":15},{"damage":20,"enemies":"Shell Parasite","floor":18,"turns":9},{"damage":8,"enemies":"3 Byrds","floor":22,"turns":7},{"damage":51,"enemies":"Book of Stabbing","floor":24,"turns":7},{"damage":14,"enemies":"Snake Plant","floor":25,"turns":1}],"seed_played":"-8174461070280538244","potions_obtained":[{"floor":4.0,"key":"Fruit Juice"},{"floor":7.0,"key":"Fire Potion"},{"floor":14,"key":"Energy Potion"},{"floor":24,"key":"Swift Potion"}],"is_trial":false,"path_per_floor":["M","$","?","M","?","R","M","M","T","M","R","?","$","E","R","B",null,"M","?","?","?","M","R","E","M"],"character_chosen":"DEFECT","items_purchased":["Fission","Cold Snap","Loop"],"campfire_rested":0,"item_purchase_floors":[2,2,13],"current_hp_per_floor":[62,62,55,60,60,60,60,59,59,59,59,44,44,38,38,18,62,52,52,52,52,54,54,13,0,0],"gold":208,"neow_bonus":"ONE_RARE_RELIC","is_daily":false,"chose_seed":false,"campfire_upgraded":4,"win_rate":0.0,"timestamp":1608288146,"path_taken":["M","$","?","M","?","R","M","M","T","?","R","?","$","E","R","BOSS","M","?","?","?","M","R","E","M"],"items_purchased_type":["Card","Card","Card"],"build_version":"2020-12-13","purchased_purges":0,"victory":false,"max_hp_per_floor":[71,71,71,76,76,76,76,76,76,76,76,76,76,76,76,76,76,76,76,76,76,76,76,76,76,76],"card_choices":[{"not_picked":["Streamline","Leap"],"picked":"Beam Cell","floor":1.0},{"not_picked":["Barrage","Undo"],"picked":"Conserve Battery","floor":4.0},{"not_picked":["Beam Cell","Go for the Eyes"],"picked":"Capacitor","floor":7.0},{"not_picked":["Rebound","Lockon"],"picked":"Coolheaded","floor":8.0},{"not_picked":["Steam","Conserve Battery"],"picked":"Self Repair","floor":10},{"not_picked":["Ball Lightning","Tempest"],"picked":"Chill","floor":14},{"not_picked":["Buffer","Meteor Strike"],"picked":"Creative AI","floor":16},{"not_picked":["Sweeping Beam","Heatsinks"],"picked":"Doom and Gloom","floor":18},{"not_picked":["Go for the Eyes","Cold Snap","Sweeping Beam"],"picked":"SKIP","floor":22},{"not_picked":["Gash","Redo"],"picked":"Glacier","floor":24}],"player_experience":962986,"relics_obtained":[{"floor":9.0,"key":"Bag of Marbles"},{"floor":14,"key":"Pen Nib"},{"floor":24,"key":"Oddly Smooth Stone"}],"event_choices":[{"damage_healed":0.0,"max_hp_gain":0.0,"max_hp_loss":0.0,"gold_gain":0.0,"event_name":"Scrap Ooze","player_choice":"Success","floor":3.0,"gold_loss":0.0,"damage_taken":7.0,"relics_obtained":["Smiling Mask"]},{"cards_removed":["Doubt"],"damage_healed":0.0,"max_hp_gain":0.0,"max_hp_loss":0.0,"gold_gain":0.0,"event_name":"Bonfire Elementals","player_choice":"Offered Curse","floor":5.0,"gold_loss":0.0,"damage_taken":0.0,"relics_obtained":["Spirit Poop"]},{"damage_healed":0,"gold_gain":0,"player_choice":"Entered Light","damage_taken":15,"max_hp_gain":0,"max_hp_loss":0,"event_name":"Shining Light","floor":12,"gold_loss":0,"cards_upgraded":["Defend_B","Defend_B"]},{"damage_healed":0,"gold_gain":99,"player_choice":"Stole From Cult","damage_taken":0,"max_hp_gain":0,"max_hp_loss":0,"event_name":"Nest","floor":19,"gold_loss":0},{"damage_healed":0,"gold_gain":0,"player_choice":"Opened","damage_taken":0,"relics_obtained":["Mummified Hand"],"max_hp_gain":0,"max_hp_loss":0,"event_name":"The Mausoleum","floor":20,"gold_loss":0},{"cards_removed":["Strike_B"],"damage_healed":0,"gold_gain":0,"player_choice":"Gave Gold","damage_taken":0,"max_hp_gain":0,"max_hp_loss":0,"event_name":"Beggar","floor":21,"gold_loss":75}],"is_beta":false,"boss_relics":[{"not_picked":["SlaversCollar","Cursed Key"],"picked":"Inserter"}],"items_purged_floors":[],"is_endless":false,"potions_floor_spawned":[4,7,14,24],"killed_by":"Snake Plant","ascension_level":14}}