{"host":"gk5m6v7zec9neb0j","time":1608335960,"event":{"mods":["AchievementEnabler","AlwaysNeverKeys","BaseMod","BetterRewards","Block Reminder","Minty Spire (QoL Compilation)","Rare Cards Sparkle","Relic Stats","StSLib"],"gold_per_floor":[117,135,148,148,159,159,52,82,82,82,46,79,79,44,44,145,145,127,140,140,155,168,168,184,184,208,219,87,87,87,102,102,202,202,212,36,46,0,0,25,39,39,39,39,339,355,387,398,398,398,398,398,67,92,92],"floor_reached":56,"playtime":2103,"items_purged":["Strike_R","Strike_R"],"score":1582,"play_id":"93672160-a381-4029-b086-7e8fc7cce987","local_time":"20201218185920","is_ascension_mode":false,"campfire_choices":[{"floor":6,"key":"REST"},{"floor":13,"key":"REST"},{"floor":15,"key":"REST"},{"data":"Corruption","floor":23,"key":"SMITH"},{"data":"Fire Breathing","floor":25,"key":"SMITH"},{"data":"Bash","floor":32,"key":"SMITH"},{"data":"Dark Embrace","floor":42,"key":"SMITH"},{"data":"Feel No Pain","floor":44,"key":"SMITH"},{"data":"Fire Breathing","floor":49,"key":"SMITH"},{"data":"Feel No Pain","floor":52,"key":"SMITH"}],"circlet_count":0,"master_deck":["Strike_R","Strike_R","Defend_R","Defend_R","Defend_R+1","Defend_R","Bash+1","Feel No Pain+1","Disarm+1","Fire Breathing+1","Fire Breathing+1","Shrug It Off","Feel No Pain+1","Impervious","Disarm+1","Corruption+1","Reckless Charge+1","Sentinel+1","Shrug It Off","Fire Breathing","CurseOfTheBell","Dark Embrace+1","Sentinel+1","Inflame+1","Shrug It Off+1","Transmutation","Dark Shackles","Dark Embrace","Fire Breathing+1"],"relics":["Burning Blood","Oddly Smooth Stone","Dead Branch","Darkstone Periapt","Kunai","War Paint","Blood Vial","Sozu","Akabeko","Calling Bell","Anchor","Mummified Hand","Magic Flower","Red Mask","StrikeDummy","Calipers","Omamori","Sundial"],"acts_visited":["Exordium","TheCity","TheBeyond","TheEnding"],"potions_floor_usage":[5,21,55],"damage_taken":[{"damage":0,"enemies":"2 Louse","floor":1,"turns":3},{"damage":3,"enemies":"Cultist","floor":2,"turns":4},{"damage":10,"enemies":"Small Slimes","floor":3,"turns":4},{"damage":25,"enemies":"Exordium Wildlife","floor":5,"turns":7},{"damage":52,"enemies":"Lagavulin","floor":12,"turns":11},{"damage":31,"enemies":"Hexaghost","floor":16,"turns":12},{"damage":8,"enemies":"2 Thieves","floor":18,"turns":5},{"damage":20,"enemies":"Shell Parasite","floor":19,"turns":15},{"damage":14,"enemies":"Shelled Parasite and Fungi","floor":21,"turns":12},{"damage":5,"enemies":"Centurion and Healer","floor":22,"turns":7},{"damage":3,"enemies":"3 Cultists","floor":24,"turns":5},{"damage":2,"enemies":"Snake Plant","floor":27,"turns":5},{"damage":0,"enemies":"Snecko","floor":31,"turns":5},{"damage":12,"enemies":"Automaton","floor":33,"turns":7},{"damage":16,"enemies":"3 Shapes","floor":35,"turns":5},{"damage":0,"enemies":"Orb Walker","floor":37,"turns":4},{"damage":27,"enemies":"Nemesis","floor":40,"turns":7},{"damage":0,"enemies":"Maw","floor":41,"turns":6},{"damage":4,"enemies":"Spire Growth","floor":46,"turns":2},{"damage":0,"enemies":"Reptomancer","floor":47,"turns":3},{"damage":0,"enemies":"Transient","floor":48,"turns":3},{"damage":0,"enemies":"Awakened One","floor":50,"turns":6},{"damage":24,"enemies":"Shield and Spear","floor":54,"turns":4},{"damage":43,"enemies":"The Heart","floor":55,"turns":6}],"seed_played":"6703960597019119776","potions_obtained":[{"floor":3,"key":"BloodPotion"},{"floor":5,"key":"ElixirPotion"},{"floor":12,"key":"SkillPotion"}],"is_trial":false,"path_per_floor":["M","M","M","?","M","R","$","?","T","T","$","E","R","$","R","B",null,"M","M","?","M","M","R","M","R","T","M","$","?","$","M","R","B",null,"M","$","M","?","?","E","M","R","T","R","?","M","E","M","R","B",null,"R","$","E","B",null],"character_chosen":"IRONCLAD","items_purchased":["Oddly Smooth Stone","Disarm","Fire Breathing","Fire Breathing","Feel No Pain","Shrug It Off","Fire Breathing","Dark Embrace","Transmutation","Dark Shackles","Dark Embrace"],"campfire_rested":3,"item_purchase_floors":[0,7,7,11,14,28,28,36,53,53,53],"current_hp_per_floor":[61,64,60,52,49,73,73,73,73,73,73,27,51,51,75,52,80,78,66,66,60,63,63,68,68,68,74,74,74,74,80,80,74,86,79,79,86,86,86,68,80,80,80,80,80,86,86,86,86,86,86,86,86,71,40],"gold":92,"neow_bonus":"","is_daily":false,"chose_seed":false,"campfire_upgraded":7,"win_rate":0.0,"timestamp":1608335960,"path_taken":["M","M","M","?","?","R","$","?","T","?","$","E","R","$","R","BOSS","M","M","?","M","M","R","?","R","T","M","$","?","$","M","R","BOSS","M","$","M","?","?","E","M","R","T","R","?","M","E","M","R","BOSS","R","$","E","BOSS"],"items_purchased_type":["Relic","Card","Card","Card","Card","Card","Card","Card","Card","Card","Card"],"build_version":"2020-12-13","purchased_purges":2,"victory":true,"max_hp_per_floor":[80,80,80,80,80,80,80,80,80,80,80,80,80,80,80,80,80,80,80,80,80,80,80,80,80,80,80,80,80,80,80,80,80,86,86,86,86,86,86,86,86,86,86,86,86,86,86,86,86,86,86,86,86,86,86],"relic_stats":{"Darkstone Periapt":6,"Blood Vial":26,"Sozu":3,"counters":[377,1915],"Mummified Hand":[112],"Sundial":[0],"Dead Branch":[302],"Magic Flower":[20],"Kunai":[33],"War Paint":["Defend_R","Defend_R","Defend_R","Disarm"],"obtain_stats":[{"Whetstone":45,"Ginger":48,"Bottled Tornado":12,"Boot":40,"Old Coin":9,"Blood Vial":54,"Sundial":43,"Fusion Hammer":34,"Kunai":3,"Runic Cube":34,"Pear":6,"Blue Candle":9,"Eternal Feather":6,"Pen Nib":9,"Akabeko":37,"SlaversCollar":17,"Runic Dome":17,"Bird Faced Urn":0,"MutagenicStrength":27,"Mark of Pain":34,"StrikeDummy":47,"Unceasing Top":0,"Regal Pillow":9,"Singing Bowl":42,"Magic Flower":34,"StoneCalendar":0,"Bag of Preparation":41,"Ancient Tea Set":6,"Burning Blood":0,"Matryoshka":27,"WingedGreaves":11,"Chemical X":0,"Paper Frog":9,"Potion Belt":43,"Lee\u0027s Waffle":0,"Golden Idol":4,"Self Forming Clay":25,"Thread and Needle":0,"The Courier":13,"Omamori":13,"Frozen Egg 2":8,"MawBank":9,"Orrery":0,"Turnip":13,"Art of War":26,"Champion Belt":23,"Toy Ornithopter":9,"Ice Cream":0,"Calipers":0,"Gremlin Horn":24,"CeramicFish":11,"Vajra":19,"Sozu":17,"Lizard Tail":25,"Centennial Puzzle":26,"HornCleat":54,"Strawberry":43,"Toxic Egg 2":25,"Girya":0,"Happy Flower":0,"Dead Branch":13,"Oddly Smooth Stone":54,"Charon\u0027s Ashes":0,"Letter Opener":26,"War Paint":55,"Question Card":9,"Du-Vu Doll":43,"OrangePellets":0,"Bottled Flame":54,"Shuriken":0,"Bronze Scales":0,"Molten Egg 2":26,"Nloth\u0027s Gift":20,"Pocketwatch":47,"Meat on the Bone":28,"Darkstone Periapt":26,"SacredBark":34,"Black Blood":17,"Mango":26,"Juzu Bracelet":3,"Incense Burner":0,"Empty Cage":17,"PrismaticShard":0,"ClockworkSouvenir":0,"Nunchaku":36,"Dream Catcher":25,"TheAbacus":37,"Mummified Hand":0,"Gambling Chip":13,"Tiny Chest":24,"Red Mask":41,"Red Skull":4,"Runic Pyramid":34,"Orichalcum":20,"Odd Mushroom":14,"White Beast Statue":2,"Mercury Hourglass":30,"Peace Pipe":0,"Calling Bell":34,"Anchor":12,"Bag of Marbles":0,"Membership Card":0,"FossilizedHelix":0,"TungstenRod":36},{"Whetstone":46,"Ginger":104,"Bottled Tornado":137,"Boot":102,"Old Coin":4,"Blood Vial":49,"Sundial":149,"Fusion Hammer":98,"Kunai":2,"Runic Cube":296,"Pear":111,"Blue Candle":112,"Eternal Feather":25,"Pen Nib":56,"Akabeko":221,"SlaversCollar":36,"Runic Dome":61,"Bird Faced Urn":129,"MutagenicStrength":292,"Mark of Pain":70,"StrikeDummy":47,"Unceasing Top":0,"Regal Pillow":157,"Singing Bowl":102,"Magic Flower":367,"StoneCalendar":80,"Bag of Preparation":196,"Ancient Tea Set":84,"Burning Blood":0,"Matryoshka":118,"WingedGreaves":26,"Chemical X":50,"Paper Frog":33,"Potion Belt":102,"Lee\u0027s Waffle":231,"Golden Idol":2,"Self Forming Clay":265,"Thread and Needle":154,"The Courier":15,"Omamori":27,"Frozen Egg 2":25,"MawBank":13,"Orrery":9,"Turnip":59,"Art of War":117,"Champion Belt":66,"Toy Ornithopter":181,"Ice Cream":80,"Calipers":80,"Gremlin Horn":39,"CeramicFish":33,"Vajra":140,"Sozu":306,"Lizard Tail":39,"Centennial Puzzle":39,"HornCleat":174,"Strawberry":124,"Toxic Egg 2":117,"Girya":50,"Happy Flower":80,"Dead Branch":88,"Oddly Smooth Stone":326,"Charon\u0027s Ashes":50,"Letter Opener":67,"War Paint":79,"Question Card":135,"Du-Vu Doll":149,"OrangePellets":19,"Bottled Flame":106,"Shuriken":0,"Bronze Scales":29,"Molten Egg 2":165,"Nloth\u0027s Gift":115,"Pocketwatch":172,"Meat on the Bone":216,"Darkstone Periapt":93,"SacredBark":219,"Black Blood":16,"Mango":141,"Juzu Bracelet":10,"Incense Burner":107,"Empty Cage":160,"PrismaticShard":327,"ClockworkSouvenir":0,"Nunchaku":42,"Dream Catcher":141,"TheAbacus":99,"Mummified Hand":50,"Gambling Chip":34,"Tiny Chest":92,"Red Mask":148,"Red Skull":32,"Runic Pyramid":41,"Orichalcum":17,"Odd Mushroom":28,"White Beast Statue":10,"Mercury Hourglass":69,"Peace Pipe":0,"Calling Bell":367,"Anchor":59,"Bag of Marbles":50,"Membership Card":0,"FossilizedHelix":129,"TungstenRod":193},{"Whetstone":235,"Ginger":445,"Bottled Tornado":578,"Boot":443,"Old Coin":20,"Blood Vial":254,"Sundial":607,"Fusion Hammer":434,"Kunai":11,"Runic Cube":1471,"Pear":468,"Blue Candle":470,"Eternal Feather":132,"Pen Nib":288,"Akabeko":1053,"SlaversCollar":194,"Runic Dome":314,"Bird Faced Urn":552,"MutagenicStrength":1449,"Mark of Pain":351,"StrikeDummy":240,"Unceasing Top":0,"Regal Pillow":630,"Singing Bowl":443,"Magic Flower":1869,"StoneCalendar":388,"Bag of Preparation":876,"Ancient Tea Set":396,"Burning Blood":0,"Matryoshka":499,"WingedGreaves":139,"Chemical X":262,"Paper Frog":177,"Potion Belt":443,"Lee\u0027s Waffle":1104,"Golden Idol":11,"Self Forming Clay":1293,"Thread and Needle":621,"The Courier":70,"Omamori":150,"Frozen Egg 2":132,"MawBank":57,"Orrery":48,"Turnip":301,"Art of War":496,"Champion Belt":329,"Toy Ornithopter":757,"Ice Cream":388,"Calipers":388,"Gremlin Horn":203,"CeramicFish":177,"Vajra":586,"Sozu":1538,"Lizard Tail":203,"Centennial Puzzle":203,"HornCleat":729,"Strawberry":538,"Toxic Egg 2":496,"Girya":262,"Happy Flower":388,"Dead Branch":406,"Oddly Smooth Stone":1624,"Charon\u0027s Ashes":262,"Letter Opener":332,"War Paint":381,"Question Card":574,"Du-Vu Doll":607,"OrangePellets":106,"Bottled Flame":448,"Shuriken":0,"Bronze Scales":164,"Molten Egg 2":671,"Nloth\u0027s Gift":488,"Pocketwatch":718,"Meat on the Bone":1028,"Darkstone Periapt":419,"SacredBark":1044,"Black Blood":80,"Mango":587,"Juzu Bracelet":50,"Incense Burner":454,"Empty Cage":646,"PrismaticShard":1631,"ClockworkSouvenir":0,"Nunchaku":221,"Dream Catcher":587,"TheAbacus":436,"Mummified Hand":262,"Gambling Chip":183,"Tiny Chest":417,"Red Mask":605,"Red Skull":173,"Runic Pyramid":217,"Orichalcum":95,"Odd Mushroom":152,"White Beast Statue":50,"Mercury Hourglass":341,"Peace Pipe":0,"Calling Bell":1869,"Anchor":301,"Bag of Marbles":262,"Membership Card":0,"FossilizedHelix":552,"TungstenRod":854}],"Burning Blood":2093},"card_choices":[{"not_picked":["Headbutt","Uppercut","Twin Strike"],"picked":"SKIP","floor":1},{"not_picked":["Power Through","Armaments"],"picked":"Feel No Pain","floor":2},{"not_picked":["Whirlwind","Sword Boomerang","Combust"],"picked":"SKIP","floor":3},{"not_picked":["Anger","Cleave","Armaments"],"picked":"SKIP","floor":5},{"not_picked":["Pommel Strike","Headbutt"],"picked":"Shrug It Off","floor":12},{"not_picked":["Brutality","Feed"],"picked":"Impervious","floor":16},{"not_picked":["Pommel Strike","Heavy Blade","Spot Weakness+1"],"picked":"SKIP","floor":18},{"not_picked":["Body Slam","Flex+1","Iron Wave+1"],"picked":"SKIP","floor":19},{"not_picked":["Clothesline","Warcry"],"picked":"Corruption","floor":21},{"not_picked":["Pommel Strike+1","Rampage"],"picked":"Reckless Charge+1","floor":22},{"not_picked":["Body Slam","Flex+1"],"picked":"Sentinel+1","floor":24},{"not_picked":["Combust","Headbutt","Warcry"],"picked":"SKIP","floor":27},{"not_picked":["Pommel Strike","Body Slam","Pummel"],"picked":"SKIP","floor":31},{"not_picked":["Whirlwind+1","Warcry","Pommel Strike+1"],"picked":"SKIP","floor":35},{"not_picked":["Clash+1","Wild Strike","Bludgeon"],"picked":"SKIP","floor":37},{"not_picked":["Twin Strike+1","Carnage","Pommel Strike+1"],"picked":"SKIP","floor":40},{"not_picked":["Body Slam","Hemokinesis"],"picked":"Sentinel+1","floor":41},{"not_picked":["Rage","Clash"],"picked":"Inflame+1","floor":46},{"not_picked":["Armaments+1","Carnage+1","Burning Pact+1"],"picked":"SKIP","floor":47},{"not_picked":["Havoc","Combust+1"],"picked":"Shrug It Off+1","floor":48},{"not_picked":["Sentinel+1","Power Through+1"],"picked":"Fire Breathing+1","floor":54}],"player_experience":697094,"relics_obtained":[{"floor":9,"key":"Kunai"},{"floor":10,"key":"War Paint"},{"floor":12,"key":"Blood Vial"},{"floor":26,"key":"Akabeko"},{"floor":34,"key":"Anchor"},{"floor":34,"key":"Mummified Hand"},{"floor":34,"key":"Magic Flower"},{"floor":40,"key":"StrikeDummy"},{"floor":43,"key":"Calipers"},{"floor":47,"key":"Omamori"},{"floor":54,"key":"Sundial"}],"event_choices":[{"damage_healed":0,"gold_gain":0,"player_choice":"Damaged","damage_taken":8,"max_hp_gain":0,"max_hp_loss":0,"event_name":"Wheel of Change","floor":4,"gold_loss":0},{"damage_healed":0,"gold_gain":30,"player_choice":"Searched \u00273\u0027 times","damage_taken":0,"relics_obtained":["Darkstone Periapt"],"max_hp_gain":0,"max_hp_loss":0,"event_name":"Dead Adventurer","floor":8,"gold_loss":0},{"damage_healed":0,"gold_gain":0,"player_choice":"Copied","damage_taken":0,"max_hp_gain":0,"max_hp_loss":0,"event_name":"Duplicator","floor":20,"gold_loss":0,"cards_obtained":["Disarm"]},{"damage_healed":0,"gold_gain":0,"player_choice":"Ignored","damage_taken":0,"max_hp_gain":0,"max_hp_loss":0,"event_name":"Vampires","floor":29,"gold_loss":0},{"damage_healed":0,"gold_gain":0,"player_choice":"Paid","damage_taken":0,"relics_obtained":["Red Mask"],"max_hp_gain":0,"max_hp_loss":0,"event_name":"Tomb of Lord Red Mask","floor":38,"gold_loss":46},{"cards_removed":["Strike_R"],"damage_healed":0,"gold_gain":0,"player_choice":"Removed Attack","damage_taken":0,"max_hp_gain":0,"max_hp_loss":0,"event_name":"Falling","floor":39,"gold_loss":0},{"damage_healed":0,"gold_gain":300,"player_choice":"Gold","damage_taken":0,"max_hp_gain":0,"max_hp_loss":0,"event_name":"Wheel of Change","floor":45,"gold_loss":0}],"is_beta":false,"boss_relics":[{"not_picked":["Runic Dome","Busted Crown"],"picked":"Sozu"},{"not_picked":["Runic Pyramid","Coffee Dripper"],"picked":"Calling Bell"}],"items_purged_floors":[0,36],"is_endless":false,"potions_floor_spawned":[3,5,12,21,22,24,35,37,46,48],"ascension_level":0}}