{"host":"12piqfhmdln9x2la","time":1608312759,"event":{"mods":["2.2 Compatiblity","AchievementEnabler","BaseMod","BetterRewards","Colored Powertips","Minty Spire (QoL Compilation)","Quick Restart","SuperFastMode"],"gold_per_floor":[115,115,115,135,155,155,330,356,356,356,356,421,471,481,481,481,481],"floor_reached":16,"playtime":295,"items_purged":[],"score":100,"play_id":"53a24892-e141-4cba-be07-fc7bfc46d22a","local_time":"20201219023239","is_ascension_mode":false,"campfire_choices":[{"data":"Infinite Blades","floor":6,"key":"SMITH"},{"data":"Dagger Spray","floor":11,"key":"SMITH"},{"data":"Infinite Blades","floor":15,"key":"SMITH"}],"circlet_count":0,"master_deck":["Strike_G","Strike_G","Strike_G","Strike_G","Strike_G","Defend_G","Defend_G","Defend_G+1","Defend_G","Defend_G","Survivor","Neutralize","Infinite Blades+1","Prepared","Dagger Spray+1","Doubt","Slice+1","Cloak And Dagger","Infinite Blades+1"],"relics":["Ring of the Snake","NeowsBlessing","Pocketwatch","Oddly Smooth Stone","Singing Bowl","SsserpentHead"],"acts_visited":["Exordium"],"potions_floor_usage":[8,8,8,16],"damage_taken":[{"damage":0,"enemies":"Small Slimes","floor":1,"turns":1},{"damage":0,"enemies":"Cultist","floor":4,"turns":1},{"damage":0,"enemies":"2 Louse","floor":5,"turns":1},{"damage":27,"enemies":"3 Sentries","floor":8,"turns":7},{"damage":6,"enemies":"Red Slaver","floor":12,"turns":4},{"damage":1,"enemies":"2 Fungi Beasts","floor":14,"turns":2},{"damage":16,"enemies":"Hexaghost","floor":16,"turns":9}],"seed_played":"8549902307954178942","potions_obtained":[{"floor":3,"key":"Weak Potion"},{"floor":3,"key":"Weak Potion"},{"floor":3,"key":"EssenceOfSteel"},{"floor":14,"key":"Weak Potion"}],"is_trial":false,"path_per_floor":["M","?","?","M","M","R","?","E","T","?","R","M","?","M","R","B"],"character_chosen":"THE_SILENT","items_purchased":[],"campfire_rested":0,"item_purchase_floors":[],"current_hp_per_floor":[70,63,63,63,63,63,63,36,36,36,36,30,16,15,15,0,0],"gold":481,"neow_bonus":"THREE_ENEMY_KILL","is_daily":false,"chose_seed":false,"campfire_upgraded":3,"win_rate":0.0,"timestamp":1608312759,"path_taken":["M","?","?","?","M","R","?","E","T","?","R","?","?","M","R","BOSS"],"items_purchased_type":[],"build_version":"2020-12-13","purchased_purges":0,"victory":false,"max_hp_per_floor":[70,70,70,70,70,70,70,70,70,70,70,70,70,70,70,70,70],"card_choices":[{"not_picked":["Backflip","All Out Attack"],"picked":"Infinite Blades","floor":1},{"not_picked":["Bane","Quick Slash"],"picked":"Prepared","floor":4},{"not_picked":["Quick Slash","Acrobatics"],"picked":"Dagger Spray","floor":5},{"not_picked":["Noxious Fumes","Endless Agony"],"picked":"Slice","floor":8},{"not_picked":["Acrobatics","Doppelganger"],"picked":"Cloak And Dagger","floor":12},{"not_picked":["Dagger Throw","Sucker Punch"],"picked":"Infinite Blades","floor":14}],"player_experience":94222,"relics_obtained":[{"floor":8,"key":"Oddly Smooth Stone"},{"floor":9,"key":"Singing Bowl"}],"event_choices":[{"damage_healed":0,"gold_gain":0,"player_choice":"Success","damage_taken":7,"relics_obtained":["Pocketwatch"],"max_hp_gain":0,"max_hp_loss":0,"event_name":"Scrap Ooze","floor":2,"gold_loss":0},{"damage_healed":0,"gold_gain":0,"player_choice":"Got Potions","damage_taken":0,"max_hp_gain":0,"max_hp_loss":0,"event_name":"Lab","floor":3,"gold_loss":0},{"damage_healed":0,"gold_gain":175,"player_choice":"AGREE","damage_taken":0,"max_hp_gain":0,"max_hp_loss":0,"event_name":"Liars Game","floor":7,"gold_loss":0,"cards_obtained":["Doubt"]},{"damage_healed":0,"gold_gain":0,"player_choice":"Trade","damage_taken":0,"relics_obtained":["SsserpentHead"],"max_hp_gain":0,"max_hp_loss":0,"event_name":"FaceTrader","floor":10,"gold_loss":0},{"damage_healed":0,"gold_gain":0,"player_choice":"Entered Light","damage_taken":14,"max_hp_gain":0,"max_hp_loss":0,"event_name":"Shining Light","floor":13,"gold_loss":0,"cards_upgraded":["Defend_G","Slice"]}],"is_beta":false,"boss_relics":[],"items_purged_floors":[],"is_endless":false,"potions_floor_spawned":[4,14],"killed_by":"Hexaghost","ascension_level":0}}