{"host":"15ff3ltgpietarej","time":1608264695,"event":{"mods":["BaseMod","Downfall","Highlight Path","Minty Spire (QoL Compilation)","StSLib"],"gold_per_floor":[99,112,112,127,112,141,141,167,167,209,218,243,269,293,312,416,416,416,428,428,473,473,511,557,557,583,623,641,641,670,670,698,698,698],"floor_reached":33,"playtime":1581,"items_purged":[],"score":390,"play_id":"3bb0cab4-0e54-40ab-ada2-c88a503b258b","local_time":"20201218051135","is_ascension_mode":true,"campfire_choices":[{"data":"hexamod:Sear","floor":1,"key":"SMITH"},{"data":"hexamod:StepThrough","floor":3,"key":"SMITH"},{"data":"hexamod:SpectersWail","floor":9,"key":"SMITH"},{"data":"hexamod:SearingWound","floor":18,"key":"SMITH"},{"data":"hexamod:BurningTouch","floor":22,"key":"SMITH"},{"data":"hexamod:HeatCrush","floor":25,"key":"SMITH"}],"circlet_count":0,"master_deck":["hexamod:Defend","hexamod:Defend","hexamod:Defend","hexamod:Defend","hexamod:Sear+1","hexamod:Float","hexamod:StepThrough+1","hexamod:Firestarter","hexamod:HeatCrush+1","hexamod:Rewind","hexamod:SpectersWail+1","hexamod:GhostflameInferno","hexamod:FourthSeal","hexamod:HeatMetal+1","hexamod:FastForward","hexamod:GhostShield","hexamod:BurningTouch+1","hexamod:SearingWound+1","Bite","Bite","Bite+1","Bite","Bite","hexamod:PhantomFireball+1","hexamod:SpectersWail+1","hexamod:PhantomFireball","hexamod:ChargedBarrage","hexamod:FirstSeal"],"relics":["hexamod:SpiritBrand","Happy Flower","CaptainsWheel","TungstenRod","Pear","CeramicFish","Sozu","Whetstone","Toy Ornithopter","MutagenicStrength","downfall:RedIOU"],"acts_visited":["Exordium","TheCity"],"potions_floor_usage":[14,16,16],"damage_taken":[{"damage":0,"enemies":"Cultist","floor":2,"turns":3},{"damage":2,"enemies":"Jaw Worm","floor":4,"turns":3},{"damage":0,"enemies":"downfall:FleeingMerchant","floor":5,"turns":4},{"damage":12,"enemies":"Lagavulin","floor":6,"turns":4},{"damage":11,"enemies":"3 Sentries","floor":8,"turns":7},{"damage":0,"enemies":"Lagavulin","floor":10,"turns":4},{"damage":0,"enemies":"Small Slimes","floor":12,"turns":3},{"damage":7,"enemies":"Exordium Wildlife","floor":13,"turns":3},{"damage":0,"enemies":"Gremlin Gang","floor":14,"turns":4},{"damage":0,"enemies":"2 Fungi Beasts","floor":15,"turns":3},{"damage":42,"enemies":"downfall:Defect","floor":16,"turns":6},{"damage":5,"enemies":"Chosen","floor":19,"turns":3},{"damage":12,"enemies":"Book of Stabbing","floor":23,"turns":4},{"damage":4,"enemies":"Spheric Guardian","floor":26,"turns":4},{"damage":18,"enemies":"Slavers","floor":27,"turns":5},{"damage":23,"enemies":"Snake Plant","floor":28,"turns":5},{"damage":0,"enemies":"Centurion and Healer","floor":30,"turns":4},{"damage":6,"enemies":"Snecko","floor":32,"turns":3},{"damage":33,"enemies":"downfall:Silent","floor":33,"turns":4}],"seed_played":"3252912400356080443","potions_obtained":[{"floor":4,"key":"Weak Potion"},{"floor":10,"key":"sneckomod:MuddlingPotion"},{"floor":12,"key":"Regen Potion"},{"floor":13,"key":"sneckomod:MuddlingPotion"},{"floor":14,"key":"Dexterity Potion"},{"floor":14,"key":"Fire Potion"},{"floor":15,"key":"champ:CounterPotion"},{"floor":16,"key":"SteroidPotion"}],"is_trial":false,"path_per_floor":["R","M","R","M","$","E","T","E","R","E","?","M","M","M","M","B",null,"R","M","?","?","R","E","T","R","M","E","M","?","M","?","M","B"],"character_chosen":"THE_SPIRIT","items_purchased":[],"campfire_rested":0,"item_purchase_floors":[],"current_hp_per_floor":[70,70,70,68,68,56,56,55,55,55,55,55,48,60,60,18,80,80,75,75,56,56,44,44,44,46,30,18,18,23,23,21,0,0],"gold":698,"neow_bonus":"RANDOM_COMMON_RELIC","is_daily":false,"chose_seed":false,"campfire_upgraded":6,"win_rate":0.0,"timestamp":1608264695,"path_taken":["R","M","R","M","?","E","T","E","R","E","?","M","M","M","M","BOSS","R","M","?","?","R","E","T","R","M","E","M","?","M","?","M","BOSS"],"items_purchased_type":[],"build_version":"2020-12-13","purchased_purges":0,"victory":false,"max_hp_per_floor":[70,70,70,70,70,70,70,80,80,80,80,80,80,80,80,80,80,80,80,80,56,56,56,56,56,56,56,56,56,56,56,56,56,56],"card_choices":[{"not_picked":["hexamod:InspiringFlames","hexamod:BacktrackSmack"],"picked":"hexamod:StepThrough","floor":2},{"not_picked":["hexamod:GhostShield","hexamod:Hexaguard"],"picked":"hexamod:Firestarter","floor":4},{"not_picked":["hexamod:AdvancingGuard","hexamod:SpectersWail"],"picked":"hexamod:HeatCrush","floor":5},{"not_picked":["hexamod:RainOfEmbers","hexamod:ThermalTransfer"],"picked":"hexamod:Rewind","floor":6},{"not_picked":["hexamod:RainOfEmbers","hexamod:FastForward"],"picked":"hexamod:SpectersWail","floor":8},{"not_picked":["hexamod:Haunt","hexamod:AdvancingGuard"],"picked":"hexamod:GhostflameInferno","floor":10},{"not_picked":["hexamod:Firestarter","hexamod:GhostOfSpireFuture"],"picked":"hexamod:HeatMetal","floor":12},{"not_picked":["hexamod:ThirdSeal","hexamod:BacktrackSmack"],"picked":"hexamod:FastForward","floor":13},{"not_picked":["hexamod:PhantomCloak","hexamod:NightmareStrike"],"picked":"hexamod:GhostShield","floor":14},{"not_picked":["hexamod:BacktrackSmack","hexamod:SpectersWail"],"picked":"hexamod:BurningTouch","floor":15},{"not_picked":["hexamod:EmpoweringStance","hexamod:TimeWarp"],"picked":"hexamod:SearingWound","floor":16},{"not_picked":["hexamod:FastForward","hexamod:NightmareGuise","hexamod:HauntingEcho"],"picked":"SKIP","floor":19},{"not_picked":["hexamod:GhostLash+1","hexamod:NightmareStrike"],"picked":"hexamod:PhantomFireball+1","floor":23},{"not_picked":["hexamod:GhostOfSpireFuture","hexamod:ShieldOfDarkness"],"picked":"hexamod:SpectersWail+1","floor":26},{"not_picked":["hexamod:RecurringNightmare","hexamod:RetreatToShadows+1"],"picked":"hexamod:PhantomFireball","floor":27},{"not_picked":["hexamod:SwordOfDarkness","hexamod:RainOfEmbers","hexamod:GhostOfSpireFuture"],"picked":"SKIP","floor":28},{"not_picked":["hexamod:InspiringFlames","hexamod:SwordOfDarkness"],"picked":"hexamod:ChargedBarrage","floor":30},{"not_picked":["hexamod:PhantomFireball","hexamod:SecondSeal"],"picked":"hexamod:FirstSeal","floor":32}],"player_experience":390606,"relics_obtained":[{"floor":6,"key":"CaptainsWheel"},{"floor":7,"key":"TungstenRod"},{"floor":8,"key":"Pear"},{"floor":10,"key":"CeramicFish"},{"floor":23,"key":"Whetstone"},{"floor":24,"key":"Tiny Chest"},{"floor":27,"key":"Toy Ornithopter"}],"event_choices":[{"damage_healed":0,"gold_gain":0,"player_choice":"Became a vampire","damage_taken":0,"max_hp_gain":0,"max_hp_loss":24,"event_name":"Vampires","floor":21,"gold_loss":0,"cards_obtained":["Bite","Bite","Bite","Bite","Bite"]},{"damage_healed":0,"gold_gain":0,"player_choice":"Inject Mutagens","damage_taken":0,"relics_obtained":["MutagenicStrength"],"max_hp_gain":0,"max_hp_loss":0,"event_name":"Drug Dealer","floor":29,"gold_loss":0}],"is_beta":false,"boss_relics":[{"not_picked":["Coffee Dripper","Velvet Choker"],"picked":"Sozu"}],"items_purged_floors":[],"is_endless":false,"potions_floor_spawned":[4,10,13,14,15,27,28,32],"killed_by":"downfall:Silent","ascension_level":2}}