{"host":"eqvoimh73njwfgdh","time":1608310138,"event":{"mods":["AchievementEnabler","BaseMod","Better Altar","Better Match","Better Note","Better Sensory Stone","Better Skull","Better Third Choice","BetterRewards","Colored Powertips","Conspire","Energized Spire","Hubris","Minty Spire (QoL Compilation)","Permanent Neow","Rare Cards Sparkle","Relic Stats","Replay The Spire","Spicy Shops","StSLib","The Animator","The Blue Laboratory","vexMod"],"gold_per_floor":[115,126,126,1,20,45,45,74,74,74,93,106,123,123,123,244,244,267,80,80,80,101,101,101],"floor_reached":23,"playtime":1818,"items_purged":[],"score":221,"play_id":"a13773e8-c04c-43f0-ab02-3af1b60a2930","local_time":"20201218174858","is_ascension_mode":true,"campfire_choices":[{"floor":7,"key":"REST"},{"floor":10,"key":"REST"},{"floor":15,"key":"REST"}],"circlet_count":0,"master_deck":["animator:Strike_FullmetalAlchemist","animator:Defend_FullmetalAlchemist","animator:Strike","animator:Strike","animator:Strike","animator:Defend","animator:Defend","animator:ElricEdward+1","animator:ElricAlphonse","animator:Melzalgald","animator:DolaSchwi","animator:Melzalgald+1","animator:Tatsumaki","animator:UneriGinkaku","animator:PinaCoLada","animator:Tyuule","animator:Tatsumaki","Injury","animator:MadokaKaname","animator:DolaSchwi","animator:Arpeggio","animator:Chung"],"relics":["animator:LivingPicture","animator:TheMissingPiece","animator:PurgingStone","hubris:Reverence","Whetstone","hubris:MedicalManual","Golden Idol","Ring of Chaos","Strange Spoon","hubris:Towel"],"acts_visited":["Exordium","TheCity"],"potions_floor_usage":[6,11],"damage_taken":[{"damage":11,"enemies":"conspire:RoseBush","floor":1,"turns":3},{"damage":6,"enemies":"Cultist","floor":2,"turns":3},{"damage":10,"enemies":"Small Slimes","floor":5,"turns":3},{"damage":23,"enemies":"Lagavulin","floor":6,"turns":6},{"damage":18,"enemies":"3 Sentries","floor":8,"turns":3},{"damage":0,"enemies":"3 Louse","floor":11,"turns":2},{"damage":12,"enemies":"conspire:2 RoseBushes","floor":12,"turns":2},{"damage":13,"enemies":"Blue Slaver","floor":13,"turns":3},{"damage":7,"enemies":"Fading Forest","floor":16,"turns":11},{"damage":39,"enemies":"conspire:FuzzyDice","floor":18,"turns":4},{"damage":8,"enemies":"Chosen","floor":22,"turns":3},{"damage":29,"enemies":"conspire:Head Lice","floor":23,"turns":4}],"seed_played":"-848753060396125312","potions_obtained":[{"floor":5,"key":"blueLaboratory:FruitPunch"},{"floor":8,"key":"blueLaboratory:RecallPotion"},{"floor":13,"key":"blueLaboratory:PolymorphPotion"},{"floor":16,"key":"Fire Potion"}],"is_trial":false,"path_per_floor":["M","M","?","$","M","E","R","E","T","R","M","M","M","?","R","B",null,"M","$","?","?","M","E"],"character_chosen":"THE_ANIMATOR","items_purchased":["hubris:Reverence","Strange Spoon","animator:Arpeggio"],"campfire_rested":3,"item_purchase_floors":[4,19,19],"current_hp_per_floor":[61,55,55,55,45,24,46,28,28,50,50,38,25,25,47,50,74,35,35,35,35,27,0,0],"gold":101,"neow_bonus":"TEN_PERCENT_HP_BONUS","is_daily":false,"chose_seed":false,"campfire_upgraded":0,"win_rate":0.0,"timestamp":1608310138,"path_taken":["M","M","?","$","?","E","R","E","T","R","?","M","M","?","R","BOSS","M","$","?","?","M","E"],"items_purchased_type":["Relic","Relic","Card"],"build_version":"2020-12-13","purchased_purges":0,"victory":false,"max_hp_per_floor":[72,72,72,72,72,74,74,74,74,74,74,74,74,74,74,74,74,74,74,74,74,74,74,74],"relic_stats":{"Strange Spoon":[5],"counters":[12,47],"Golden Idol":33,"Whetstone":["animator:ElricEdward","animator:Melzalgald"],"obtain_stats":[{"Strange Spoon":19,"animator:PurgingStone":0,"Golden Idol":14,"animator:TheMissingPiece":0,"animator:LivingPicture":0,"hubris:MedicalManual":8,"Ring of Chaos":17,"Whetstone":6,"hubris:Towel":21,"hubris:Reverence":4},{"Strange Spoon":10,"animator:PurgingStone":0,"Golden Idol":8,"animator:TheMissingPiece":0,"animator:LivingPicture":0,"hubris:MedicalManual":5,"Ring of Chaos":9,"Whetstone":4,"hubris:Towel":10,"hubris:Reverence":2},{"Strange Spoon":40,"animator:PurgingStone":0,"Golden Idol":25,"animator:TheMissingPiece":0,"animator:LivingPicture":0,"hubris:MedicalManual":18,"Ring of Chaos":36,"Whetstone":15,"hubris:Towel":40,"hubris:Reverence":6}]},"card_choices":[{"not_picked":["animator:Guy","animator:Geryuganshoop"],"picked":"animator:Melzalgald","floor":1},{"not_picked":["animator:UneriGinkaku","animator:YuiTsuruno"],"picked":"animator:DolaSchwi","floor":2},{"not_picked":["animator:DolaSchwi","animator:Shinoa"],"picked":"animator:Melzalgald","floor":5},{"not_picked":["animator:SilverFang","animator:Melzalgald"],"picked":"animator:Tatsumaki","floor":6},{"not_picked":["animator:RoyMustang","animator:Shion"],"picked":"animator:UneriGinkaku","floor":8},{"not_picked":["animator:ZankiKiguchi","animator:ElricAlphonse"],"picked":"animator:PinaCoLada","floor":11},{"not_picked":["animator:MumenRider","animator:SuzuneAmano"],"picked":"animator:Tyuule","floor":12},{"not_picked":["animator:MumenRider","animator:SilverFang"],"picked":"animator:Tatsumaki","floor":13},{"not_picked":["animator:Eris","animator:ChaikaTrabant"],"picked":"animator:MadokaKaname","floor":16},{"not_picked":["animator:Assassin","animator:HighElfArcher+1"],"picked":"animator:DolaSchwi","floor":18},{"not_picked":["animator:SilverFang","animator:Alexander"],"picked":"animator:Chung","floor":22}],"player_experience":98389,"relics_obtained":[{"floor":6,"key":"Whetstone"},{"floor":8,"key":"hubris:MedicalManual"}],"event_choices":[{"cards_removed":["animator:Defend"],"damage_healed":0,"gold_gain":0,"player_choice":"Offered Basic","damage_taken":0,"max_hp_gain":0,"max_hp_loss":0,"event_name":"Bonfire Elementals","floor":3,"gold_loss":0},{"damage_healed":0,"gold_gain":0,"player_choice":"Take Wound","damage_taken":0,"relics_obtained":["Golden Idol"],"max_hp_gain":0,"max_hp_loss":0,"event_name":"Golden Idol","floor":14,"gold_loss":0,"cards_obtained":["Injury"]},{"damage_healed":0,"gold_gain":0,"player_choice":"Ignored","damage_taken":0,"max_hp_gain":0,"max_hp_loss":0,"event_name":"Vampires","floor":20,"gold_loss":0}],"is_beta":false,"boss_relics":[{"not_picked":["vexMod:NewClearReactor","energizedSpire:OgreHead"],"picked":"Ring of Chaos"}],"items_purged_floors":[],"is_endless":false,"potions_floor_spawned":[5,8,13,16],"killed_by":"conspire:Head Lice","ascension_level":2}}