{"host":"9tzam4717zt8ei1o","time":1608312856,"event":{"mods":["BaseMod","Colored Map","Keyboard Shortcuts","Minty Spire (QoL Compilation)","Quick Restart","StSLib","SuperFastMode"],"gold_per_floor":[365,365,22,41,53,53,53,73,73,73,83,113,133,33,33,109,109,120,139,14,28,28,28,28,28,51,81,81,81,107,125,125,203,203,217,230,280,130,147,147,165,178,178,206,206,234,250,284,296,308],"floor_reached":51,"playtime":1497,"items_purged":["Strike_G","Strike_G","Defend_G","Defend_G"],"score":2103,"play_id":"61409603-4c37-4da4-8e5f-d385298a96e0","local_time":"20201219023416","is_ascension_mode":true,"campfire_choices":[{"data":"Prepared","floor":6,"key":"SMITH"},{"data":"Reflex","floor":10,"key":"SMITH"},{"data":"Expertise","floor":15,"key":"SMITH"},{"data":"Eviscerate","floor":23,"key":"SMITH"},{"data":"Well Laid Plans","floor":25,"key":"SMITH"},{"data":"Neutralize","floor":29,"key":"SMITH"},{"floor":32,"key":"REST"},{"data":"Escape Plan","floor":40,"key":"SMITH"},{"floor":45,"key":"DIG"},{"floor":49,"key":"DIG"}],"circlet_count":0,"master_deck":["AscendersBane","Defend_G","Defend_G","Defend_G","Survivor","Neutralize+1","Eviscerate+1","Prepared+1","Well Laid Plans+1","Dagger Throw+1","Reflex+1","Escape Plan+1","Expertise+1","Eviscerate+1"],"relics":["Ring of the Snake","Blue Candle","TheAbacus","Ornamental Fan","Oddly Smooth Stone","Empty Cage","Orichalcum","Whetstone","Tingsha","Sozu","Bronze Scales","Shovel","Toy Ornithopter","FossilizedHelix","MawBank","Anchor"],"acts_visited":["Exordium","TheCity","TheBeyond"],"potions_floor_usage":[11,12,16,18,27,50],"damage_taken":[{"damage":1,"enemies":"Jaw Worm","floor":1,"turns":7},{"damage":0,"enemies":"Small Slimes","floor":4,"turns":5},{"damage":0,"enemies":"Cultist","floor":5,"turns":3},{"damage":2,"enemies":"Red Slaver","floor":8,"turns":3},{"damage":13,"enemies":"Exordium Wildlife","floor":11,"turns":6},{"damage":0,"enemies":"3 Sentries","floor":12,"turns":7},{"damage":0,"enemies":"Looter","floor":13,"turns":4},{"damage":0,"enemies":"Hexaghost","floor":16,"turns":6},{"damage":1,"enemies":"Chosen","floor":18,"turns":3},{"damage":7,"enemies":"Shell Parasite","floor":19,"turns":3},{"damage":0,"enemies":"3 Cultists","floor":21,"turns":2},{"damage":2,"enemies":"Gremlin Leader","floor":27,"turns":3},{"damage":3,"enemies":"Book of Stabbing","floor":30,"turns":4},{"damage":2,"enemies":"Snake Plant","floor":31,"turns":3},{"damage":1,"enemies":"Automaton","floor":33,"turns":3},{"damage":0,"enemies":"3 Darklings","floor":35,"turns":2},{"damage":0,"enemies":"Orb Walker","floor":36,"turns":2},{"damage":0,"enemies":"Jaw Worm Horde","floor":39,"turns":3},{"damage":0,"enemies":"3 Darklings","floor":41,"turns":2},{"damage":0,"enemies":"Spire Growth","floor":42,"turns":1},{"damage":1,"enemies":"Giant Head","floor":44,"turns":3},{"damage":3,"enemies":"Nemesis","floor":46,"turns":3},{"damage":0,"enemies":"Maw","floor":47,"turns":2},{"damage":0,"enemies":"Reptomancer","floor":48,"turns":2},{"damage":1,"enemies":"Donu and Deca","floor":50,"turns":4}],"seed_played":"6929830807092460089","potions_obtained":[{"floor":4,"key":"EntropicBrew"},{"floor":12,"key":"SteroidPotion"},{"floor":16,"key":"BlessingOfTheForge"},{"floor":18,"key":"Fruit Juice"},{"floor":27,"key":"FairyPotion"}],"is_trial":false,"path_per_floor":["M","?","$","M","M","R","?","M","T","R","M","E","M","$","R","B",null,"M","M","$","M","$","R","?","R","T","E","$","R","E","M","R","B",null,"M","M","?","$","M","R","M","M","T","E","R","E","M","E","R","B",null],"character_chosen":"THE_SILENT","items_purchased":["TheAbacus","Prepared","Well Laid Plans"],"campfire_rested":1,"item_purchase_floors":[3,3,3],"current_hp_per_floor":[43,38,38,38,38,38,38,36,36,36,23,23,23,23,23,23,55,54,47,47,47,47,47,47,47,47,50,50,50,47,45,66,65,70,70,70,70,70,70,70,70,70,70,69,69,66,66,66,66,70],"gold":320,"neow_bonus":"TWO_FIFTY_GOLD","is_daily":false,"chose_seed":false,"campfire_upgraded":7,"win_rate":0.0,"timestamp":1608312856,"path_taken":["M","?","$","M","M","R","?","M","T","R","?","E","M","$","R","BOSS","M","M","$","M","?","R","?","R","T","E","$","R","E","M","R","BOSS","M","M","?","$","?","R","?","M","T","E","R","E","M","E","R","BOSS"],"items_purchased_type":["Relic","Card","Card"],"build_version":"2020-12-13","purchased_purges":4,"victory":true,"max_hp_per_floor":[66,66,66,66,66,66,66,66,66,66,66,66,66,66,66,66,66,66,66,66,66,66,66,66,66,66,71,71,71,71,71,71,71,71,71,71,71,71,71,71,71,71,71,71,71,71,71,71,71,71],"card_choices":[{"not_picked":["Flying Knee","Prepared"],"picked":"Eviscerate","floor":1},{"not_picked":["PiercingWail","Heel Hook"],"picked":"Dagger Throw","floor":4},{"not_picked":["Sucker Punch","Dodge and Roll"],"picked":"Reflex","floor":5},{"not_picked":["Choke","Flechettes","Dagger Spray"],"picked":"SKIP","floor":8},{"not_picked":["Footwork","Crippling Poison"],"picked":"Escape Plan","floor":11},{"not_picked":["Expertise","Footwork","Deflect"],"picked":"SKIP","floor":12},{"not_picked":["Footwork","Deflect"],"picked":"Expertise","floor":12},{"not_picked":["Sucker Punch","Die Die Die","Heel Hook"],"picked":"SKIP","floor":13},{"not_picked":["Poisoned Stab","Bane","Prepared"],"picked":"SKIP","floor":18},{"not_picked":["Underhanded Strike","Heel Hook","Quick Slash"],"picked":"SKIP","floor":19},{"not_picked":["Dagger Throw","Well Laid Plans","Masterful Stab"],"picked":"SKIP","floor":21},{"not_picked":["Blade Dance","Setup"],"picked":"Eviscerate","floor":27},{"not_picked":["Choke","Terror","Escape Plan"],"picked":"SKIP","floor":30},{"not_picked":["PiercingWail","Outmaneuver","Setup"],"picked":"SKIP","floor":31},{"not_picked":["Bouncing Flask","Deadly Poison+1","Reflex"],"picked":"SKIP","floor":35},{"not_picked":["Endless Agony","Catalyst+1","Well Laid Plans+1"],"picked":"SKIP","floor":36},{"not_picked":["Finisher+1","Deadly Poison+1","Cloak And Dagger"],"picked":"SKIP","floor":39},{"not_picked":["Catalyst","Sucker Punch+1","Bouncing Flask"],"picked":"SKIP","floor":41},{"not_picked":["Blade Dance","Backflip","Dagger Spray"],"picked":"SKIP","floor":42},{"not_picked":["Blade Dance","Backflip","Dagger Spray"],"picked":"SKIP","floor":42},{"not_picked":["Dagger Spray+1","Wraith Form v2","Leg Sweep+1"],"picked":"SKIP","floor":44},{"not_picked":["Eviscerate","Masterful Stab","Underhanded Strike"],"picked":"SKIP","floor":46},{"not_picked":["Poisoned Stab","PiercingWail+1","Quick Slash+1"],"picked":"SKIP","floor":47},{"not_picked":["Flying Knee","Reflex","Cloak And Dagger"],"picked":"SKIP","floor":48}],"player_experience":86905,"relics_obtained":[{"floor":9,"key":"Ornamental Fan"},{"floor":12,"key":"Oddly Smooth Stone"},{"floor":26,"key":"Orichalcum"},{"floor":27,"key":"Whetstone"},{"floor":30,"key":"Tingsha"},{"floor":43,"key":"Bronze Scales"},{"floor":44,"key":"Shovel"},{"floor":45,"key":"Toy Ornithopter"},{"floor":46,"key":"FossilizedHelix"},{"floor":48,"key":"MawBank"},{"floor":49,"key":"Anchor"}],"event_choices":[{"damage_healed":0,"gold_gain":0,"player_choice":"Success","damage_taken":5,"relics_obtained":["Blue Candle"],"max_hp_gain":0,"max_hp_loss":0,"event_name":"Scrap Ooze","floor":2,"gold_loss":0},{"cards_removed":["Strike_G"],"damage_healed":0,"gold_gain":0,"player_choice":"Purged","damage_taken":0,"max_hp_gain":0,"max_hp_loss":0,"event_name":"Purifier","floor":7,"gold_loss":0},{"damage_healed":0,"gold_gain":50,"player_choice":"Pray","damage_taken":0,"max_hp_gain":0,"max_hp_loss":0,"event_name":"Golden Shrine","floor":37,"gold_loss":0}],"is_beta":false,"boss_relics":[{"not_picked":["Tiny House","SacredBark"],"picked":"Empty Cage"},{"not_picked":["Runic Pyramid","Ring of the Serpent"],"picked":"Sozu"}],"items_purged_floors":[3,14,20,38],"is_endless":false,"potions_floor_spawned":[4,11,12,16,18,27,31,36,39,46,48],"ascension_level":19}}