{"host":"qwttrqaysb380yri","time":1608329758,"event":{"mods":["BaseMod","Custom Start","Minty Spire (QoL Compilation)","Permanent Neow","Puzzle Mod","Relic Stats","StSLib","The Cursed","The Hierophant"],"gold_per_floor":[115,139,139,139,161,212,248,244,244],"floor_reached":8,"playtime":298,"items_purged":[],"score":102,"play_id":"c3d5eade-3abf-4ee9-bdcc-3d458fba0fd1","local_time":"20201218231558","is_ascension_mode":true,"campfire_choices":[],"circlet_count":0,"master_deck":["AscendersBane","hierophant:Strike_Hierophant","hierophant:Strike_Hierophant","hierophant:Strike_Hierophant","hierophant:Punish","hierophant:Defend_Hierophant","hierophant:Defend_Hierophant","hierophant:Defend_Hierophant","hierophant:Defend_Hierophant","hierophant:ChurchCoffers+1","hierophant:Doubloon","hierophant:Refuge","hierophant:HolyVerse","hierophant:Doubloon","hierophant:Dazzle","hierophant:Batter"],"relics":["hierophant:PropheticMaskRelic","Ancient Tea Set","Dream Catcher"],"acts_visited":["Exordium"],"potions_floor_usage":[6,6],"damage_taken":[{"damage":11,"enemies":"Jaw Worm","floor":1,"turns":4},{"damage":1,"enemies":"2 Louse","floor":2,"turns":3},{"damage":8,"enemies":"Cultist","floor":5,"turns":4},{"damage":7,"enemies":"3 Sentries","floor":6,"turns":8},{"damage":0,"enemies":"Exordium Wildlife","floor":7,"turns":2},{"damage":28,"enemies":"Gremlin Nob","floor":8,"turns":4}],"seed_played":"-3778218037645233189","potions_obtained":[{"floor":2,"key":"Energy Potion"},{"floor":5,"key":"SkillPotion"},{"floor":6,"key":"EssenceOfSteel"}],"is_trial":false,"path_per_floor":["M","M","?","?","M","E","M","E"],"character_chosen":"HIEROPHANT","items_purchased":[],"campfire_rested":0,"item_purchase_floors":[],"current_hp_per_floor":[57,56,56,56,48,41,41,13,13],"gold":244,"neow_bonus":"RANDOM_COMMON_RELIC","is_daily":false,"chose_seed":false,"campfire_upgraded":0,"win_rate":0.0,"timestamp":1608329758,"path_taken":["M","M","?","?","M","E","M","E"],"items_purchased_type":[],"build_version":"2020-12-13","purchased_purges":0,"victory":false,"max_hp_per_floor":[75,75,75,75,75,75,75,75,75],"relic_stats":{"Dream Catcher":0,"counters":[6,25],"obtain_stats":[{"Dream Catcher":6,"hierophant:PropheticMaskRelic":0,"Ancient Tea Set":0},{"Dream Catcher":4,"hierophant:PropheticMaskRelic":0,"Ancient Tea Set":0},{"Dream Catcher":19,"hierophant:PropheticMaskRelic":0,"Ancient Tea Set":0}]},"card_choices":[{"not_picked":["hierophant:MorningPrayer","hierophant:FieryStrike"],"picked":"hierophant:Refuge","floor":1},{"not_picked":["hierophant:Doubloon","hierophant:Chorus"],"picked":"hierophant:HolyVerse","floor":2},{"not_picked":["hierophant:Patience","hierophant:Shelter","hierophant:DisplayOfPower"],"picked":"SKIP","floor":5},{"not_picked":["hierophant:Sermon","hierophant:SealAway"],"picked":"hierophant:Batter","floor":6},{"not_picked":["hierophant:Doomsaying","hierophant:Glossolalia","hierophant:RepressedViolence"],"picked":"SKIP","floor":7},{"not_picked":["hierophant:Doomsaying","hierophant:Glossolalia","hierophant:RepressedViolence"],"picked":"SKIP","floor":7}],"player_experience":1886363,"relics_obtained":[{"floor":6,"key":"Dream Catcher"}],"event_choices":[{"damage_healed":0,"gold_gain":0,"cards_transformed":["hierophant:Strike_Hierophant"],"player_choice":"Change","damage_taken":0,"max_hp_gain":0,"max_hp_loss":0,"event_name":"Living Wall","floor":3,"gold_loss":0,"cards_obtained":["hierophant:Dazzle"]},{"damage_healed":0,"gold_gain":0,"player_choice":"Upgraded","damage_taken":0,"max_hp_gain":0,"max_hp_loss":0,"event_name":"Upgrade Shrine","floor":4,"gold_loss":0,"cards_upgraded":["hierophant:ChurchCoffers"]}],"is_beta":false,"boss_relics":[],"items_purged_floors":[],"is_endless":false,"potions_floor_spawned":[2,5,6],"killed_by":"Gremlin Nob","ascension_level":15}}