{"host":"1tl36azeqm6yhdgj","time":1608294421,"event":{"mods":["AchievementEnabler","BaseMod","Minty Spire (QoL Compilation)","StSLib","The IronCluck","everything is the same but u backflip on backflip"],"gold_per_floor":[117,128,144,144,144,170,182,182,209,179,197,222,242,284,284,366,375,398,398,497,506,545,545,545,566,590,608,631,154,192,214,214,298,298,324,324,341,360,88,132,152,152,175,202,202,424,3,37,37,37,37,37,21,21,21],"floor_reached":54,"playtime":2402,"items_purged":["Writhe","Strike_R"],"score":1175,"play_id":"901b04cc-d62c-421a-94cd-150e15d59644","local_time":"20201218072701","is_ascension_mode":true,"campfire_choices":[{"data":"Barricade","floor":8.0,"key":"SMITH"},{"floor":15.0,"key":"REST"},{"floor":23.0,"key":"RECALL"},{"data":"Infernal Blade","floor":32.0,"key":"SMITH"},{"floor":42.0,"key":"REST"},{"data":"Seeing Red","floor":45.0,"key":"SMITH"},{"floor":49.0,"key":"REST"},{"floor":52.0,"key":"REST"}],"circlet_count":0,"master_deck":["AscendersBane","Strike_R","Strike_R","Strike_R","Strike_R","Defend_R","Defend_R","Defend_R","Defend_R","Bash","Immolate","Flame Barrier","Seeing Red+1","Feel No Pain","Barricade+1","Body Slam","Cleave","Reaper","Infernal Blade+1","Ghostly Armor","Exhume","CurseOfTheBell","Dropkick","Metallicize","Clash+1","Disarm","Panache","Mind Blast+1","Corruption","Thunderclap+1","Demon Form","Inflame+1","Discovery","Flex+1","Body Slam+1","Pummel","Dark Shackles+1","Armaments+1","Flex+1"],"relics":["Burning Blood","Regal Pillow","Potion Belt","Mercury Hourglass","CeramicFish","Calling Bell","Centennial Puzzle","HornCleat","CaptainsWheel","Red Skull","Red Mask","Ancient Tea Set","Orichalcum","Lee\u0027s Waffle","Ornamental Fan","Toxic Egg 2","Whetstone","Bird Faced Urn","Calipers"],"acts_visited":["Exordium","TheCity","TheBeyond","TheEnding"],"potions_floor_usage":[54,54],"damage_taken":[{"damage":9.0,"enemies":"2 Louse","floor":1.0,"turns":2.0},{"damage":6.0,"enemies":"Small Slimes","floor":2.0,"turns":2.0},{"damage":3.0,"enemies":"Jaw Worm","floor":3.0,"turns":4.0},{"damage":21.0,"enemies":"Gremlin Nob","floor":6.0,"turns":4.0},{"damage":5.0,"enemies":"3 Louse","floor":7.0,"turns":3.0},{"damage":3.0,"enemies":"Exordium Thugs","floor":11.0,"turns":4.0},{"damage":30.0,"enemies":"3 Sentries","floor":12.0,"turns":4.0},{"damage":2.0,"enemies":"Exordium Wildlife","floor":13.0,"turns":3.0},{"damage":20.0,"enemies":"Gremlin Nob","floor":14.0,"turns":4.0},{"damage":58.0,"enemies":"Hexaghost","floor":16.0,"turns":13.0},{"damage":12.0,"enemies":"Chosen","floor":18.0,"turns":7.0},{"damage":0.0,"enemies":"Masked Bandits","floor":22.0,"turns":3.0},{"damage":21.0,"enemies":"Spheric Guardian","floor":25.0,"turns":6.0},{"damage":24.0,"enemies":"Snake Plant","floor":27.0,"turns":7.0},{"damage":8.0,"enemies":"Snecko","floor":28.0,"turns":6.0},{"damage":5.0,"enemies":"Slavers","floor":30.0,"turns":8.0},{"damage":19.0,"enemies":"Centurion and Healer","floor":31.0,"turns":7.0},{"damage":58.0,"enemies":"Champ","floor":33.0,"turns":15.0},{"damage":3.0,"enemies":"3 Darklings","floor":35.0,"turns":4.0},{"damage":4.0,"enemies":"Orb Walker","floor":37.0,"turns":4.0},{"damage":70.0,"enemies":"Transient","floor":38.0,"turns":5.0},{"damage":45.0,"enemies":"Giant Head","floor":40.0,"turns":7.0},{"damage":0.0,"enemies":"Maw","floor":41.0,"turns":7.0},{"damage":7.0,"enemies":"4 Shapes","floor":44.0,"turns":3.0},{"damage":15.0,"enemies":"Mind Bloom Boss Battle","floor":48.0,"turns":10.0},{"damage":113.0,"enemies":"Time Eater","floor":50.0,"turns":13.0},{"damage":106,"enemies":"Shield and Spear","floor":54,"turns":5}],"seed_played":"-5614792248007970622","potions_obtained":[{"floor":2.0,"key":"AttackPotion"},{"floor":6.0,"key":"Fire Potion"},{"floor":10.0,"key":"BloodPotion"},{"floor":10.0,"key":"Weak Potion"},{"floor":13.0,"key":"DuplicationPotion"},{"floor":14.0,"key":"AttackPotion"},{"floor":18.0,"key":"SneckoOil"},{"floor":25.0,"key":"Swift Potion"},{"floor":27.0,"key":"EntropicBrew"},{"floor":30.0,"key":"Energy Potion"},{"floor":40.0,"key":"FearPotion"},{"floor":44.0,"key":"Ancient Potion"}],"is_trial":false,"path_per_floor":["M","M","M","?","?","E","M","R","T","?","M","E","M","E","R","B",null,"M","?","?","?","?","R","T","M","T","M","M","$","E","M","R","B",null,"M","?","M","M","$","E","M","R","T","M","R","?","$","?","R","B",null,"R","$","E"],"character_chosen":"IRONCLAD","items_purchased":["Panache","Lee\u0027s Waffle","Mind Blast","EntropicBrew","Discovery","Dark Shackles+1","Bird Faced Urn","BloodPotion","Flex+1"],"campfire_rested":4,"item_purchase_floors":[29,29,29,39,39,47,47,47,53],"current_hp_per_floor":[69,69,72,72,72,57,58,58,58,58,61,37,41,31,67,19,59,57,44,44,44,58,58,58,43,43,30,43,84,84,71,71,32,71,74,74,76,12,12,15,21,61,61,60,60,60,60,67,84,19,68,84,84,0,0],"gold":21,"neow_bonus":"THREE_RARE_CARDS","is_daily":false,"chose_seed":false,"campfire_upgraded":3,"win_rate":0.0,"timestamp":1608294421,"path_taken":["M","M","M","?","?","E","?","R","T","?","M","E","M","E","R","BOSS","M","?","?","?","?","R","?","M","T","?","M","$","E","M","R","BOSS","M","?","M","M","?","E","M","R","T","M","R","?","$","?","R","BOSS","R","$","E"],"items_purchased_type":["Card","Relic","Card","Potion","Card","Card","Relic","Potion","Card"],"build_version":"2020-12-13","purchased_purges":2,"victory":false,"max_hp_per_floor":[72,72,72,72,72,72,72,72,72,72,72,72,72,72,72,72,72,72,77,77,77,77,77,77,77,77,77,77,84,84,84,84,84,84,84,84,84,84,84,84,84,84,84,84,84,84,84,84,84,84,84,84,84,84,84],"card_choices":[{"not_picked":["Barricade","Limit Break"],"picked":"Immolate","floor":0.0},{"not_picked":["Anger","Flex"],"picked":"Flame Barrier","floor":1.0},{"not_picked":["Headbutt","Pummel"],"picked":"Seeing Red","floor":2.0},{"not_picked":["Flame Barrier","Twin Strike"],"picked":"Feel No Pain","floor":3.0},{"not_picked":["Spot Weakness","Disarm"],"picked":"Barricade","floor":6.0},{"not_picked":["Havoc","Clash"],"picked":"Body Slam","floor":7.0},{"not_picked":["True Grit","Headbutt"],"picked":"Cleave","floor":11.0},{"not_picked":["Second Wind","Whirlwind"],"picked":"Reaper","floor":12.0},{"not_picked":["Iron Wave","Heavy Blade"],"picked":"Infernal Blade","floor":13.0},{"not_picked":["Sentinel","Havoc"],"picked":"Ghostly Armor","floor":14.0},{"not_picked":["Brutality","Reaper"],"picked":"Exhume","floor":16.0},{"not_picked":["Sword Boomerang","Body Slam"],"picked":"Dropkick","floor":18.0},{"not_picked":["True Grit","Cleave"],"picked":"Metallicize","floor":22.0},{"not_picked":["Armaments","Evolve+1"],"picked":"Clash","floor":25.0},{"not_picked":["Infernal Blade","Combust","Cleave+1"],"picked":"SKIP","floor":27.0},{"not_picked":["Bloodletting","Intimidate"],"picked":"Disarm","floor":28.0},{"not_picked":["Dark Embrace","Hemokinesis+1"],"picked":"Corruption","floor":30.0},{"not_picked":["Battle Trance+1","Ghostly Armor"],"picked":"Thunderclap+1","floor":31.0},{"not_picked":["Bludgeon","Fiend Fire"],"picked":"Demon Form","floor":33.0},{"not_picked":["Intimidate+1","Dropkick"],"picked":"Inflame+1","floor":35.0},{"not_picked":["Whirlwind","Body Slam","Cleave"],"picked":"SKIP","floor":37.0},{"not_picked":["Perfected Strike+1","Searing Blow","Sever Soul"],"picked":"SKIP","floor":38.0},{"not_picked":["Second Wind+1","Metallicize"],"picked":"Flex+1","floor":40.0},{"not_picked":["Wild Strike","Clothesline+1"],"picked":"Body Slam+1","floor":41.0},{"not_picked":["Clash","Reckless Charge"],"picked":"Pummel","floor":44.0},{"not_picked":["Battle Trance+1","Bloodletting+1"],"picked":"Armaments+1","floor":48.0}],"player_experience":1956990,"relics_obtained":[{"floor":6.0,"key":"Potion Belt"},{"floor":12.0,"key":"Mercury Hourglass"},{"floor":14.0,"key":"CeramicFish"},{"floor":17.0,"key":"Centennial Puzzle"},{"floor":17.0,"key":"HornCleat"},{"floor":17.0,"key":"CaptainsWheel"},{"floor":22.0,"key":"Red Mask"},{"floor":24.0,"key":"Ancient Tea Set"},{"floor":26.0,"key":"Orichalcum"},{"floor":30.0,"key":"Ornamental Fan"},{"floor":40.0,"key":"Toxic Egg 2"},{"floor":43.0,"key":"Whetstone"},{"floor":48.0,"key":"Calipers"}],"event_choices":[{"damage_healed":0.0,"max_hp_gain":0.0,"max_hp_loss":0.0,"gold_gain":0.0,"event_name":"Big Fish","player_choice":"Box","floor":4.0,"gold_loss":0.0,"damage_taken":0.0,"relics_obtained":["Regal Pillow"],"cards_obtained":["Regret"]},{"cards_removed":["Regret"],"damage_healed":0.0,"max_hp_gain":0.0,"max_hp_loss":0.0,"gold_gain":0.0,"event_name":"Living Wall","player_choice":"Forget","floor":5.0,"gold_loss":0.0,"damage_taken":0.0},{"damage_healed":0.0,"max_hp_gain":0.0,"max_hp_loss":0.0,"gold_gain":0.0,"event_name":"The Woman in Blue","player_choice":"Bought 2 Potions","floor":10.0,"gold_loss":0.0,"damage_taken":0.0},{"damage_healed":0.0,"max_hp_gain":5.0,"max_hp_loss":0.0,"gold_gain":0.0,"event_name":"Forgotten Altar","player_choice":"Shed Blood","floor":19.0,"gold_loss":0.0,"damage_taken":18.0},{"damage_healed":0.0,"max_hp_gain":0.0,"max_hp_loss":0.0,"gold_gain":99.0,"event_name":"Nest","player_choice":"Stole From Cult","floor":20.0,"gold_loss":0.0,"damage_taken":0.0},{"damage_healed":0.0,"max_hp_gain":0.0,"max_hp_loss":0.0,"gold_gain":0.0,"event_name":"The Mausoleum","player_choice":"Opened","floor":21.0,"gold_loss":0.0,"damage_taken":0.0,"relics_obtained":["Red Skull"],"cards_obtained":["Writhe"]},{"damage_healed":0.0,"max_hp_gain":0.0,"max_hp_loss":0.0,"gold_gain":0.0,"event_name":"Masked Bandits","player_choice":"Fought Bandits","floor":22.0,"gold_loss":0.0,"damage_taken":0.0},{"damage_healed":0.0,"max_hp_gain":0.0,"max_hp_loss":0.0,"gold_gain":0.0,"event_name":"Match and Keep!","player_choice":"0 cards matched","floor":36.0,"gold_loss":0.0,"damage_taken":0.0,"cards_obtained":[]},{"damage_healed":0.0,"max_hp_gain":0.0,"max_hp_loss":0.0,"gold_gain":222.0,"event_name":"Tomb of Lord Red Mask","player_choice":"Wore Mask","floor":46.0,"gold_loss":0.0,"damage_taken":0.0},{"damage_healed":0.0,"max_hp_gain":0.0,"max_hp_loss":0.0,"gold_gain":0.0,"event_name":"MindBloom","player_choice":"Fight","floor":48.0,"gold_loss":0.0,"damage_taken":0.0}],"is_beta":false,"boss_relics":[{"not_picked":["Coffee Dripper","Mark of Pain"],"picked":"Calling Bell"},{"not_picked":["Philosopher\u0027s Stone","Velvet Choker","Runic Pyramid"]}],"items_purged_floors":[29,39],"is_endless":false,"potions_floor_spawned":[2,6,13,14,18,25,27,30,40,44],"killed_by":"Shield and Spear","ascension_level":13}}