{"host":"njruw0b0uprlitpx","time":1608301077,"event":{"mods":["2.2 Compatiblity","BaseMod","Better Altar","Better Note","Better Sensory Stone","Better Skull","Better Third Choice","BetterRewards","Block Reminder","Colored Map","Colored Powertips","Jedi Mod","Keyboard Shortcuts","Minty Spire (QoL Compilation)","Quick Restart","Relic Stats","Replay The Spire","SacredBarkPlus","Spicy Shops","StSLib","SuperFastMode","The Hierophant","The Mystic","The Problem Sleuth","The Runesmith","The Spell Scribe","Wandering Minibosses"],"gold_per_floor":[115,115,115,35,35,35,51,115,115,130,26,26,36,70,70,167,167,186,199,216,229,239,239,239,270,320,331,331,347,374,391,391,496,496,515,63,74,0,0,31,31,116,116,116,201,210,294,383,383,463],"floor_reached":51,"playtime":3678,"items_purged":["Writhe"],"score":1224,"play_id":"bffd41fc-0aa0-4c99-ac93-f66e915ebf7c","local_time":"20201218081757","is_ascension_mode":false,"campfire_choices":[{"data":"mysticmod:Spellstrike","floor":6,"key":"SMITH"},{"floor":12,"key":"REST"},{"data":"mysticmod:Momentum","floor":15,"key":"SMITH"},{"data":"mysticmod:RapidCaster","floor":28,"key":"SMITH"},{"floor":32,"key":"REST"},{"data":"mysticmod:Natural20","floor":41,"key":"SMITH"},{"data":"mysticmod:ComboCaster","floor":44,"key":"SMITH"},{"data":"mysticmod:ClosingBarrage","floor":49,"key":"SMITH"}],"circlet_count":0,"master_deck":["mysticmod:Strike_Mystic","mysticmod:Strike_Mystic","mysticmod:Strike_Mystic","mysticmod:Defend_Mystic","mysticmod:Defend_Mystic","mysticmod:Defend_Mystic","mysticmod:ArcaneDodge","mysticmod:ShockingGrasp","mysticmod:ComponentsPouch","Discovery+1","mysticmod:ComboCaster+1","mysticmod:Flurry","mysticmod:SuddenClarity","mysticmod:RapidCaster+1","mysticmod:Spellstrike+1","mysticmod:Snowball","mysticmod:HeavyStrike","mysticmod:Fly","ReplayTheSpireMod:Doomed","mysticmod:PureInstinct","mysticmod:Momentum+1","mysticmod:EnchantedMoulinet","mysticmod:EbbAndFlow+1","mysticmod:DiviningBlow+1","mysticmod:MagicMissile+1","mysticmod:TomeOfSpells","mysticmod:Feint","hierophant:ChurchCoffers+1","mysticmod:Spellstrike","mysticmod:DiviningBlow","mysticmod:ClosingBarrage+1","mysticmod:Natural20+1","mysticmod:VorpalThrust","mysticmod:Riposte","mysticmod:PureInstinct+1","mysticmod:MagicWeapon+1","jedi:BattleThirst","mysticmod:ArcaneAccuracy+1","mysticmod:PowerAttack+1"],"relics":["mysticmod:SpellBook","Replay:Towering Pillar of Hats","ReplayTheSpireMod:Shallot","Replay:Bottled Steam","Shovel","ReplayTheSpireMod:CursedCoin","White Beast Statue","ReplayTheSpireMod:Ninjato","Painkiller Herb","wanderingMiniBosses:OtherGremlinHorn","Bottled Lightning","PreservedInsect","ReplayFunnel","Runic Pyramid","Chemical X","Red Mask","Replay:Bandana","ReplayTheSpireMod:TigerMarble","CeramicFish","CloakClasp"],"acts_visited":["Exordium","TheCity","TheBeyond"],"potions_floor_usage":[8,16,16,21,21,25,50,50,50,50],"damage_taken":[{"damage":0,"enemies":"2 Louse","floor":1,"turns":2},{"damage":0,"enemies":"Jaw Worm","floor":7,"turns":4},{"damage":19,"enemies":"Lagavulin Event","floor":8,"turns":7},{"damage":0,"enemies":"Small Slimes","floor":10,"turns":2},{"damage":15,"enemies":"Exordium Wildlife","floor":13,"turns":5},{"damage":8,"enemies":"Lagavulin","floor":14,"turns":6},{"damage":0,"enemies":"Slime Boss","floor":16,"turns":4},{"damage":0,"enemies":"2 Thieves","floor":18,"turns":3},{"damage":0,"enemies":"Chosen","floor":19,"turns":4},{"damage":11,"enemies":"Centurion and Healer","floor":20,"turns":4},{"damage":4,"enemies":"Snake Plant","floor":21,"turns":6},{"damage":0,"enemies":"Cultist and Chosen","floor":22,"turns":3},{"damage":0,"enemies":"Gremlin Leader","floor":25,"turns":3},{"damage":0,"enemies":"Shelled Parasite and Fungi","floor":27,"turns":2},{"damage":4,"enemies":"Centurion and Healer","floor":29,"turns":3},{"damage":1,"enemies":"Book of Stabbing","floor":30,"turns":3},{"damage":0,"enemies":"Snecko","floor":31,"turns":2},{"damage":0,"enemies":"Collector","floor":33,"turns":4},{"damage":4,"enemies":"3 Darklings","floor":35,"turns":3},{"damage":3,"enemies":"Orb Walker","floor":37,"turns":3},{"damage":2,"enemies":"Reptomancer","floor":40,"turns":4},{"damage":0,"enemies":"Spire Growth","floor":42,"turns":2},{"damage":0,"enemies":"Nemesis","floor":45,"turns":3},{"damage":0,"enemies":"Maw","floor":47,"turns":5},{"damage":0,"enemies":"Transient","floor":48,"turns":5},{"damage":0,"enemies":"Donu and Deca","floor":50,"turns":3}],"seed_played":"-4082765372263281774","potions_obtained":[{"floor":1,"key":"Strength Potion"},{"floor":8,"key":"SteroidPotion"},{"floor":13,"key":"Block Potion"},{"floor":14,"key":"Adrenaline Potion"},{"floor":16,"key":"LiquidMemories"},{"floor":18,"key":"SteroidPotion"},{"floor":21,"key":"LifebloodPotion"},{"floor":22,"key":"Dexterity Potion"},{"floor":25,"key":"PowerPotion"},{"floor":29,"key":"Adrenaline Potion"},{"floor":31,"key":"Flashbang"},{"floor":42,"key":"mysticmod:EssenceOfMagic"},{"floor":48,"key":"Reflective Coating"}],"is_trial":false,"path_per_floor":["M","?","?","$","T","R","M","?","T","M","$","R","M","E","R","B",null,"?","?","?","?","?","?","?","E","T","?","T","?","E","?","T","B",null,"?","T","?","?","T","E","T","?","T","T","E","?","?","?","T","B",null],"character_chosen":"MYSTIC_CLASS","items_purchased":["mysticmod:ComponentsPouch","Discovery","mysticmod:ComboCaster","mysticmod:Flurry","mysticmod:SuddenClarity","mysticmod:Spellstrike","ReplayTheSpireMod:CursedCoin","White Beast Statue","Chemical X","mysticmod:Riposte","Cursed Concoction"],"campfire_rested":2,"item_purchase_floors":[0,0,0,0,0,4,11,11,36,36,36],"current_hp_per_floor":[77,77,70,70,70,70,70,51,51,51,51,74,59,51,51,51,77,77,77,66,62,62,62,62,62,62,62,62,58,57,57,77,77,77,73,73,70,70,70,68,68,68,68,68,68,68,68,68,68,68],"gold":463,"neow_bonus":"","is_daily":false,"chose_seed":false,"campfire_upgraded":6,"win_rate":0.0,"timestamp":1608301077,"path_taken":["M","?","?","$","?","R","M","?","T","?","?","R","?","E","R","BOSS","?","?","?","?","?","?","?","E","T","?","T","?","E","?","T","BOSS","?","T","?","?","T","E","T","?","T","T","E","?","?","?","T","BOSS"],"items_purchased_type":["Card","Card","Card","Card","Card","Card","Relic","Relic","Relic","Card","Potion"],"build_version":"2020-12-13","purchased_purges":1,"victory":true,"max_hp_per_floor":[77,77,77,77,77,77,77,77,77,77,77,77,77,77,77,77,77,77,77,77,77,77,77,77,77,77,77,77,77,77,77,77,77,77,77,77,77,77,77,77,77,77,77,77,77,77,77,77,77,77],"relic_stats":{"Shovel":0,"counters":[51,246],"CeramicFish":108,"PreservedInsect":148,"CloakClasp":[100],"Chemical X":[7],"obtain_stats":[{"ReplayFunnel":30,"Lantern":14,"aspiration:Lifesprig":26,"Snecko Heart":17,"Torii":33,"Angel_Ring":45,"CeramicFish":0,"Vajra":9,"Painkiller Herb":17,"jedi:command_rare":46,"mysticmod:SpellBook":46,"CloakClasp":46,"wanderingMiniBosses:OtherGremlinHorn":21,"theSleuth:JesterOfEncumbrance":31,"Dream Catcher":29,"Nunchaku":3,"Replay:Bandana":40,"Shovel":9,"Gambling Chip":0,"Red Mask":27,"HollowMod:PaleOreRelic":28,"Chemical X":36,"Replay:Bottled Steam":8,"Runic Pyramid":34,"Gremlin Food":24,"energizedSpire:RedRose":36,"ReplayTheSpireMod:Ninjato":0,"Replay:Towering Pillar of Hats":0,"Golden Idol":5,"ReplayTheSpireMod:CursedCoin":11,"theSleuth:BowenStilsonDogg":9,"PreservedInsect":26,"theSleuth:Typewriter":0,"Odd Mushroom":7,"Orichalcum":43,"Replay:Arrowhead":26,"White Beast Statue":11,"potionbrewer:Torch":11,"potionbrewer:BoosterPack":10,"ReplayTheSpireMod:Shallot":5,"ReplayTheSpireMod:TigerMarble":43,"Bottled Lightning":25,"ReplayTheSpireMod:Ring of Challenge":2},{"ReplayFunnel":41,"Lantern":6,"aspiration:Lifesprig":9,"Snecko Heart":7,"Torii":14,"Angel_Ring":17,"CeramicFish":19,"Vajra":22,"Painkiller Herb":32,"jedi:command_rare":48,"mysticmod:SpellBook":48,"CloakClasp":48,"wanderingMiniBosses:OtherGremlinHorn":36,"theSleuth:JesterOfEncumbrance":12,"Dream Catcher":11,"Nunchaku":20,"Replay:Bandana":46,"Shovel":28,"Gambling Chip":19,"Red Mask":10,"HollowMod:PaleOreRelic":10,"Chemical X":44,"Replay:Bottled Steam":28,"Runic Pyramid":43,"Gremlin Food":9,"energizedSpire:RedRose":15,"ReplayTheSpireMod:Ninjato":19,"Replay:Towering Pillar of Hats":25,"Golden Idol":1,"ReplayTheSpireMod:CursedCoin":29,"theSleuth:BowenStilsonDogg":3,"PreservedInsect":38,"theSleuth:Typewriter":0,"Odd Mushroom":2,"Orichalcum":17,"Replay:Arrowhead":9,"White Beast Statue":29,"potionbrewer:Torch":4,"potionbrewer:BoosterPack":3,"ReplayTheSpireMod:Shallot":26,"ReplayTheSpireMod:TigerMarble":47,"Bottled Lightning":38,"ReplayTheSpireMod:Ring of Challenge":20},{"ReplayFunnel":212,"Lantern":34,"aspiration:Lifesprig":58,"Snecko Heart":44,"Torii":80,"Angel_Ring":99,"CeramicFish":119,"Vajra":127,"Painkiller Herb":181,"jedi:command_rare":233,"mysticmod:SpellBook":233,"CloakClasp":233,"wanderingMiniBosses:OtherGremlinHorn":198,"theSleuth:JesterOfEncumbrance":73,"Dream Catcher":69,"Nunchaku":121,"Replay:Bandana":228,"Shovel":164,"Gambling Chip":119,"Red Mask":63,"HollowMod:PaleOreRelic":63,"Chemical X":221,"Replay:Bottled Steam":164,"Runic Pyramid":218,"Gremlin Food":58,"energizedSpire:RedRose":91,"ReplayTheSpireMod:Ninjato":119,"Replay:Towering Pillar of Hats":151,"Golden Idol":2,"ReplayTheSpireMod:CursedCoin":166,"theSleuth:BowenStilsonDogg":14,"PreservedInsect":204,"theSleuth:Typewriter":0,"Odd Mushroom":9,"Orichalcum":99,"Replay:Arrowhead":58,"White Beast Statue":166,"potionbrewer:Torch":21,"potionbrewer:BoosterPack":14,"ReplayTheSpireMod:Shallot":153,"ReplayTheSpireMod:TigerMarble":230,"Bottled Lightning":204,"ReplayTheSpireMod:Ring of Challenge":121}]},"card_choices":[{"not_picked":["mysticmod:Fireball","mysticmod:Riposte"],"picked":"mysticmod:RapidCaster","floor":1},{"not_picked":["mysticmod:ComponentsPouch","mysticmod:BladeMaster"],"picked":"mysticmod:Snowball","floor":7},{"not_picked":["mysticmod:PreparedCaster","mysticmod:PowerSlash"],"picked":"mysticmod:HeavyStrike","floor":8},{"not_picked":["mysticmod:Grease","mysticmod:Disengage"],"picked":"mysticmod:Fly","floor":10},{"not_picked":["mysticmod:Shield","mysticmod:TomeOfSpells"],"picked":"mysticmod:PureInstinct","floor":13},{"not_picked":["mysticmod:SuddenClarity","mysticmod:Probe"],"picked":"mysticmod:Momentum","floor":14},{"not_picked":["mysticmod:SpontaneousCaster","mysticmod:Momentum"],"picked":"mysticmod:EnchantedMoulinet","floor":16},{"not_picked":["mysticmod:PowerSlash","mysticmod:LightningBolt+1"],"picked":"mysticmod:EbbAndFlow+1","floor":18},{"not_picked":["mysticmod:Snowball+1","mysticmod:BulkUp"],"picked":"mysticmod:DiviningBlow+1","floor":19},{"not_picked":["mysticmod:Probe+1","mysticmod:Grapple"],"picked":"mysticmod:MagicMissile+1","floor":20},{"not_picked":["mysticmod:BladedDash","mysticmod:Grapple"],"picked":"mysticmod:TomeOfSpells","floor":21},{"not_picked":["mysticmod:ComponentsPouch","mysticmod:Grease"],"picked":"mysticmod:Feint","floor":22},{"not_picked":["mysticmod:Alacrity","mysticmod:Snowball"],"picked":"mysticmod:Spellstrike","floor":25},{"not_picked":["mysticmod:SuddenClarity","mysticmod:Sideswipe"],"picked":"mysticmod:DiviningBlow","floor":27},{"not_picked":["mysticmod:HunkerDown+1","mysticmod:HeavyStrike+1","mysticmod:Shield"],"picked":"SKIP","floor":29},{"not_picked":["mysticmod:Riposte","mysticmod:PureInstinct"],"picked":"mysticmod:ClosingBarrage","floor":30},{"not_picked":["mysticmod:PureInstinct+1","mysticmod:ComboCaster+1","mysticmod:Alacrity"],"picked":"SKIP","floor":31},{"not_picked":["mysticmod:SpontaneousCaster","mysticmod:MirrorEntity"],"picked":"mysticmod:Natural20","floor":33},{"not_picked":["mysticmod:DiviningBlow+1","mysticmod:BladedDash+1"],"picked":"mysticmod:VorpalThrust","floor":35},{"not_picked":["mysticmod:CureLightWounds+1","mysticmod:ComponentsPouch"],"picked":"mysticmod:PureInstinct+1","floor":37},{"not_picked":["mysticmod:Probe+1","mysticmod:DiviningBlow","mysticmod:BladedDash"],"picked":"SKIP","floor":40},{"not_picked":["mysticmod:HeavyStrike+1","mysticmod:CureLightWounds+1","mysticmod:Probe+1"],"picked":"SKIP","floor":42},{"not_picked":["mysticmod:IllusionOfCalm","mysticmod:Snowball"],"picked":"mysticmod:MagicWeapon+1","floor":45},{"not_picked":["mysticmod:ChargedParry+1","mysticmod:Dedication"],"picked":"mysticmod:ArcaneAccuracy+1","floor":47},{"not_picked":["mysticmod:PowerSlash","mysticmod:Riposte+1"],"picked":"mysticmod:PowerAttack+1","floor":48}],"player_experience":1324437,"relics_obtained":[{"floor":5,"key":"ReplayTheSpireMod:Shallot"},{"floor":8,"key":"Replay:Bottled Steam"},{"floor":9,"key":"Shovel"},{"floor":14,"key":"ReplayTheSpireMod:Ninjato"},{"floor":21,"key":"wanderingMiniBosses:OtherGremlinHorn"},{"floor":25,"key":"Bottled Lightning"},{"floor":26,"key":"PreservedInsect"},{"floor":30,"key":"ReplayFunnel"},{"floor":40,"key":"Replay:Bandana"},{"floor":43,"key":"ReplayTheSpireMod:TigerMarble"},{"floor":45,"key":"CeramicFish"}],"event_choices":[{"cards_removed":["mysticmod:Defend_Mystic"],"damage_healed":0,"gold_gain":0,"player_choice":"Card Removal","damage_taken":7,"max_hp_gain":0,"max_hp_loss":0,"event_name":"Golden Wing","floor":3,"gold_loss":0},{"damage_healed":0,"gold_gain":0,"player_choice":"Searched \u00271\u0027 times","damage_taken":0,"max_hp_gain":0,"max_hp_loss":0,"event_name":"Dead Adventurer","floor":8,"gold_loss":0},{"cards_removed":["Discovery"],"damage_healed":0,"gold_gain":0,"player_choice":"Take \u0026 Give","damage_taken":0,"max_hp_gain":0,"max_hp_loss":0,"event_name":"betterNote:BetterNote","floor":23,"gold_loss":0,"cards_obtained":["hierophant:ChurchCoffers"]},{"cards_removed":["mysticmod:Strike_Mystic"],"damage_healed":0,"gold_gain":0,"player_choice":"Elegance","damage_taken":0,"max_hp_gain":0,"max_hp_loss":0,"event_name":"betterThird:BetterWriting","floor":24,"gold_loss":0},{"damage_healed":0,"gold_gain":0,"player_choice":"Paid","damage_taken":0,"relics_obtained":["Red Mask"],"max_hp_gain":0,"max_hp_loss":0,"event_name":"Tomb of Lord Red Mask","floor":38,"gold_loss":74}],"is_beta":false,"boss_relics":[{"not_picked":["Snecko Eye","Replay:Wanted Poster"],"picked":"Painkiller Herb"},{"not_picked":["Sozu","SlaversCollar"],"picked":"Runic Pyramid"}],"items_purged_floors":[36],"is_endless":false,"potions_floor_spawned":[1,8,13,14,16,18,19,20,21,22,25,27,29,30,31,33,35,37,40,42,45,47,48],"ascension_level":0}}