{"host":"ds3v42j7tpaaz1mg","time":1608276923,"event":{"mods":["AchievementEnabler","Aspiration","BaseMod","Bestiary","Better Altar","Better Note","Better Sensory Stone","BetterRewards","Block Reminder","Colored Powertips","Conspire","Downfall","Energized Spire","Halation","Hermit","Highlight Path","Hubris","Infinite Spire","Jorbs\u0027s Wanderer Trilogy","Minty Spire (QoL Compilation)","Relic Stats","Replay The Spire","StSLib","The Elementalist","The Servant 0.9.4","vexMod"],"gold_per_floor":[113,133,143,143,143,168,188,38,89,101,146,144,166,193,205,314,326,350,362,384,406,432,444,444],"floor_reached":23,"playtime":915,"items_purged":[],"score":500,"play_id":"dcc4a11a-e255-4f38-b205-1319c1bcbe5f","local_time":"20201218023523","is_ascension_mode":true,"campfire_choices":[{"data":"Defragment","floor":10,"key":"SMITH"},{"floor":15,"key":"REST"}],"circlet_count":0,"master_deck":["Strike_B+1","Strike_B","Strike_B","Defend_B","Defend_B+1","Defend_B","Defend_B","Zap","Dualcast","Doom and Gloom","Cold Snap","Leap","Compile Driver","Defragment+1","Glacier","Buffer","Jack Of All Trades","Capacitor","aspiration:Polymerization","Electrodynamics","Biased Cognition","Loop","Stack+1"],"relics":["Cracked Core","halation:EternalFortune","vexMod:MemoryStick","Oddly Smooth Stone","MawBank","Simple Rune","expansioncontent:StudyCardRelic"],"acts_visited":["Exordium","TheCity"],"potions_floor_usage":[6,14,16,18,20,23],"damage_taken":[{"damage":5,"enemies":"Jaw Worm","floor":1,"turns":4},{"damage":1,"enemies":"2 Louse","floor":2,"turns":2},{"damage":0,"enemies":"Cultist","floor":3,"turns":3},{"damage":13,"enemies":"Gremlin Nob","floor":6,"turns":5},{"damage":16,"enemies":"Lots of Slimes","floor":7,"turns":4},{"damage":6,"enemies":"Lagavulin","floor":11,"turns":7},{"damage":0,"enemies":"Exordium Thugs","floor":12,"turns":4},{"damage":4,"enemies":"2 Fungi Beasts","floor":13,"turns":4},{"damage":7,"enemies":"Looter","floor":14,"turns":3},{"damage":6,"enemies":"Hexaghost","floor":16,"turns":9},{"damage":6,"enemies":"Chosen","floor":18,"turns":3},{"damage":41,"enemies":"3 Byrds","floor":20,"turns":3},{"damage":16,"enemies":"Snake Plant","floor":21,"turns":3},{"damage":9,"enemies":"Centurion and Healer","floor":22,"turns":5},{"damage":8,"enemies":"Book of Stabbing","floor":23,"turns":3}],"seed_played":"-2461088572318465753","potions_obtained":[{"floor":3,"key":"LiquidBronze"},{"floor":11,"key":"Elixir"},{"floor":12,"key":"sneckomod:MuddlingPotion"},{"floor":13,"key":"Toxic Potion"},{"floor":16,"key":"ColorlessPotion"},{"floor":18,"key":"Fruit Juice"},{"floor":22,"key":"SpeedPotion"}],"is_trial":false,"path_per_floor":["M","M","M","?","?","E","M","$","T","R","E","M","M","M","R","B",null,"M","?","M","M","M","E"],"character_chosen":"DEFECT","items_purchased":["Doom and Gloom","Cold Snap","Leap","Oddly Smooth Stone"],"campfire_rested":1,"item_purchase_floors":[0,0,0,8],"current_hp_per_floor":[63,62,62,65,65,52,36,36,36,36,30,33,29,22,46,40,71,65,65,29,13,4,0,0],"gold":444,"neow_bonus":"","is_daily":false,"chose_seed":false,"campfire_upgraded":1,"win_rate":0.0,"timestamp":1608276923,"path_taken":["M","M","M","?","?","E","M","$","T","R","E","M","M","M","R","BOSS","M","?","M","M","M","E"],"items_purchased_type":["Card","Card","Card","Relic"],"build_version":"2020-12-13","purchased_purges":0,"victory":false,"max_hp_per_floor":[75,75,75,78,78,78,78,78,78,78,78,81,81,81,81,81,81,81,81,86,86,86,86,86],"relic_stats":{"counters":[27,125],"MawBank":168,"obtain_stats":[{"ReplayTheSpireMod:Ring of Exchange":2,"vexMod:MemoryStick":6,"Ring of Hypnosis":2,"Happy Flower":9,"Oddly Smooth Stone":8,"expansioncontent:StudyCardRelic":17,"Replay:Mystery Machine":0,"MawBank":9,"vexMod:Dragonfruit":12,"Blood Vial":22,"Centennial Puzzle":7,"halation:EternalFortune":4,"Simple Rune":11,"halation:PinkSoulGem":11,"Ring of the Snake":0,"ReplayTheSpireMod:ShopPack":17},{"ReplayTheSpireMod:Ring of Exchange":1,"vexMod:MemoryStick":16,"Ring of Hypnosis":1,"Happy Flower":4,"Oddly Smooth Stone":17,"expansioncontent:StudyCardRelic":22,"Replay:Mystery Machine":0,"MawBank":17,"vexMod:Dragonfruit":6,"Blood Vial":10,"Centennial Puzzle":4,"halation:EternalFortune":15,"Simple Rune":18,"halation:PinkSoulGem":5,"Ring of the Snake":0,"ReplayTheSpireMod:ShopPack":7},{"ReplayTheSpireMod:Ring of Exchange":4,"vexMod:MemoryStick":77,"Ring of Hypnosis":4,"Happy Flower":19,"Oddly Smooth Stone":81,"expansioncontent:StudyCardRelic":108,"Replay:Mystery Machine":0,"MawBank":81,"vexMod:Dragonfruit":27,"Blood Vial":53,"Centennial Puzzle":19,"halation:EternalFortune":72,"Simple Rune":88,"halation:PinkSoulGem":22,"Ring of the Snake":0,"ReplayTheSpireMod:ShopPack":38}]},"card_choices":[{"not_picked":["ReplaySort","Streamline"],"picked":"Compile Driver","floor":1},{"not_picked":["Compile Driver","Steam Power"],"picked":"Defragment","floor":2},{"not_picked":["Coolheaded","Turbo"],"picked":"Glacier","floor":3},{"not_picked":["Stack","Beam Cell"],"picked":"Capacitor","floor":6},{"not_picked":["Stack","Cold Snap","Redo"],"picked":"SKIP","floor":7},{"not_picked":["Chill","Ball Lightning","FTL"],"picked":"SKIP","floor":11},{"not_picked":["BasicCrystalCard","Skim"],"picked":"aspiration:Polymerization","floor":12},{"not_picked":["ReplaySolidLightProjector","Gash","Redo"],"picked":"SKIP","floor":13},{"not_picked":["Leap","Barrage"],"picked":"Electrodynamics","floor":14},{"not_picked":["Seek","ReplayTheSpireMod:Fabricate Wheel"],"picked":"Biased Cognition","floor":16},{"not_picked":["Compile Driver","Panic Button"],"picked":"Loop","floor":18},{"not_picked":["Sweeping Beam","Barrage","Redo"],"picked":"SKIP","floor":20},{"not_picked":["Tempest","Ball Lightning+1","Gash+1"],"picked":"SKIP","floor":21},{"not_picked":["Ball Lightning","Doom and Gloom"],"picked":"Stack+1","floor":22}],"player_experience":549639,"relics_obtained":[{"floor":6,"key":"vexMod:MemoryStick"},{"floor":9,"key":"MawBank"},{"floor":11,"key":"Simple Rune"},{"floor":12,"key":"halation:EternalFortune"}],"event_choices":[{"damage_healed":0,"gold_gain":0,"player_choice":"2 cards matched","damage_taken":0,"max_hp_gain":0,"max_hp_loss":0,"event_name":"Match and Keep!","floor":5,"gold_loss":0,"cards_obtained":["Buffer","Jack Of All Trades"]},{"cards_removed":["Strike_B"],"damage_healed":0,"gold_gain":0,"player_choice":"Purged","damage_taken":0,"max_hp_gain":0,"max_hp_loss":0,"event_name":"Purifier","floor":19,"gold_loss":0}],"is_beta":false,"boss_relics":[{"not_picked":["aspiration:RunicSpoon","hubris:CrackedHourglass"],"picked":"expansioncontent:StudyCardRelic"}],"items_purged_floors":[],"is_endless":false,"potions_floor_spawned":[3,11,12,13,16,18,22],"killed_by":"Book of Stabbing","ascension_level":8}}