{"host":"rqd50iigewdjy74u","time":1608333672,"event":{"mods":["AchievementEnabler","BaseMod","BetterRewards","Custom Start","Minty Spire (QoL Compilation)","StSLib"],"gold_per_floor":[114,114,114,132,151,186,186,41,67,91,112,156,177,196,196,315,315,335,4,4,27,46,46,46],"floor_reached":23,"playtime":2747,"items_purged":[],"score":255,"play_id":"97b1e7c6-6f6f-4deb-a34a-f386808aa70d","local_time":"20201218172112","is_ascension_mode":false,"campfire_choices":[{"floor":7,"key":"REST"},{"floor":15,"key":"REST"}],"circlet_count":0,"master_deck":["Strike_P","Strike_P","Strike_P","Strike_P","Defend_P","Defend_P","Defend_P","Defend_P","Eruption","Vigilance","Consecrate","FollowUp","Wallop","CrushJoints","WaveOfTheHand","DeusExMachina","EmptyFist","FearNoEvil","Pray","Worship","Indignation","SignatureMove","BattleHymn","WindmillStrike","Brilliance","FollowUp","Perseverance","ConjureBlade","CrushJoints"],"relics":["PureWater","NeowsBlessing","Golden Idol","Nunchaku","Orrery","FossilizedHelix","Coffee Dripper","Orichalcum","Anchor","Nloth\u0027s Gift"],"acts_visited":["Exordium","TheCity"],"potions_floor_usage":[12,12,23,23,23],"damage_taken":[{"damage":0,"enemies":"2 Louse","floor":1,"turns":1},{"damage":0,"enemies":"Jaw Worm","floor":4,"turns":1},{"damage":0,"enemies":"Cultist","floor":5,"turns":1},{"damage":39,"enemies":"Gremlin Nob","floor":6,"turns":6},{"damage":13,"enemies":"Lots of Slimes","floor":10,"turns":3},{"damage":3,"enemies":"Exordium Thugs","floor":11,"turns":4},{"damage":9,"enemies":"3 Sentries","floor":12,"turns":5},{"damage":0,"enemies":"Looter","floor":13,"turns":2},{"damage":0,"enemies":"2 Fungi Beasts","floor":14,"turns":2},{"damage":0,"enemies":"Slime Boss","floor":16,"turns":4},{"damage":0,"enemies":"Chosen","floor":18,"turns":3},{"damage":34,"enemies":"3 Byrds","floor":21,"turns":6},{"damage":12,"enemies":"Shelled Parasite and Fungi","floor":22,"turns":4},{"damage":27,"enemies":"Gremlin Leader","floor":23,"turns":2}],"seed_played":"-7457846927931320800","potions_obtained":[{"floor":4,"key":"Ancient Potion"},{"floor":6,"key":"SpeedPotion"},{"floor":10,"key":"FearPotion"},{"floor":11,"key":"Strength Potion"},{"floor":14,"key":"GamblersBrew"},{"floor":16,"key":"SmokeBomb"},{"floor":18,"key":"Swift Potion"},{"floor":21,"key":"CultistPotion"}],"is_trial":false,"path_per_floor":["M","?","?","M","M","E","R","$","T","M","M","E","M","M","R","B",null,"M","$","?","M","M","E"],"character_chosen":"WATCHER","items_purchased":["Orrery","Orichalcum","Anchor","Perseverance"],"campfire_rested":2,"item_purchase_floors":[8,19,19,19],"current_hp_per_floor":[72,67,67,67,67,28,48,48,48,35,32,23,23,23,43,43,67,67,67,67,33,21,0,0],"gold":46,"neow_bonus":"THREE_ENEMY_KILL","is_daily":false,"chose_seed":false,"campfire_upgraded":0,"win_rate":0.0,"timestamp":1608333672,"path_taken":["M","?","?","M","M","E","R","$","T","M","M","E","M","M","R","BOSS","M","$","?","?","M","E"],"items_purchased_type":["Relic","Relic","Relic","Card"],"build_version":"2020-12-13","purchased_purges":0,"victory":false,"max_hp_per_floor":[72,67,67,67,67,67,67,67,67,67,67,67,67,67,67,67,67,67,67,67,67,67,67,67],"card_choices":[{"not_picked":["BowlingBash","Perseverance"],"picked":"Consecrate","floor":1},{"not_picked":["LikeWater","FlurryOfBlows"],"picked":"FollowUp","floor":4},{"not_picked":["TalkToTheHand","BowlingBash"],"picked":"Wallop","floor":5},{"not_picked":["Fasting2","WreathOfFlame"],"picked":"CrushJoints","floor":6},{"not_picked":["ThirdEye","CutThroughFate"],"picked":"WaveOfTheHand","floor":8},{"not_picked":["Consecrate","Vengeance"],"picked":"DeusExMachina","floor":8},{"not_picked":["ClearTheMind","Evaluate"],"picked":"EmptyFist","floor":8},{"not_picked":["Adaptation","FlurryOfBlows"],"picked":"FearNoEvil","floor":8},{"not_picked":["Meditate","Weave"],"picked":"Pray","floor":8},{"not_picked":["Wallop","EmptyFist"],"picked":"Worship","floor":10},{"not_picked":["CrushJoints","FearNoEvil"],"picked":"Indignation","floor":11},{"not_picked":["DeceiveReality","Tantrum"],"picked":"SignatureMove","floor":12},{"not_picked":["Crescendo","FlurryOfBlows"],"picked":"BattleHymn","floor":13},{"not_picked":["FlyingSleeves","ClearTheMind"],"picked":"WindmillStrike","floor":14},{"not_picked":["Establishment","DevaForm"],"picked":"Brilliance","floor":16},{"not_picked":["EmptyFist","Evaluate"],"picked":"FollowUp","floor":18},{"not_picked":["EmptyFist","FlyingSleeves+1"],"picked":"ConjureBlade","floor":21},{"not_picked":["Crescendo","Perseverance+1"],"picked":"CrushJoints","floor":22}],"player_experience":58004,"relics_obtained":[{"floor":6,"key":"Nunchaku"},{"floor":9,"key":"Juzu Bracelet"},{"floor":12,"key":"FossilizedHelix"}],"event_choices":[{"damage_healed":0,"gold_gain":0,"player_choice":"Lose Max HP","damage_taken":0,"relics_obtained":["Golden Idol"],"max_hp_gain":0,"max_hp_loss":5,"event_name":"Golden Idol","floor":2,"gold_loss":0},{"damage_healed":0,"gold_gain":0,"player_choice":"Ignored","damage_taken":0,"max_hp_gain":0,"max_hp_loss":0,"event_name":"Golden Wing","floor":3,"gold_loss":0},{"damage_healed":0,"gold_gain":0,"player_choice":"Traded Relic","damage_taken":0,"relics_obtained":["Nloth\u0027s Gift"],"max_hp_gain":0,"max_hp_loss":0,"event_name":"N\u0027loth","floor":20,"relics_lost":["Juzu Bracelet"],"gold_loss":0}],"is_beta":false,"boss_relics":[{"not_picked":["SacredBark","Fusion Hammer"],"picked":"Coffee Dripper"}],"items_purged_floors":[],"is_endless":false,"potions_floor_spawned":[4,6,10,11,14,16,18,21],"killed_by":"Gremlin Leader","ascension_level":0}}