{"host":"fjbqinbax2bs4pe1","time":1608318364,"event":{"mods":["BaseMod","Colored Powertips","GifTheSpireLib","Grow up Mod","GungeonMod","Minty Spire (QoL Compilation)","Replay The Spire","Shop Mod","Small Relic Pack","Spicy Shops","StSLib","The Poker Player","The Servant 0.9.4","[IsaacMod]ÒÔÈö¼âËþ","vexMod","¡¾ÒÅÎï¿¨ÅÆ¡¿REMEMod"],"gold_per_floor":[138,195,270,5,47,122,122,212,212,287,287,362,461,467,467,779,779,833,833,890,935,995,1097,1151,1280,1362,1458,1509,1509,1566,1838,1850,2171,2183,2225,1145,1184,1245,1316,1316,1316,1316,1316,109,109,202,244,394,394,471],"floor_reached":51,"playtime":1670,"items_purged":[],"score":1300,"play_id":"98c791af-4099-4cc5-8a8e-125a29833757","local_time":"20201219030604","daily_mods":["Vintage","Heirloom","Time Dilation","DeadlyEvents","Elite Swarm","Lethality","Midas"],"is_ascension_mode":true,"campfire_choices":[{"floor":7,"key":"REST"},{"floor":15,"key":"REST"},{"floor":29,"key":"REST"},{"floor":32,"key":"REST"},{"floor":40,"key":"REST"},{"floor":42,"key":"REST"},{"floor":45,"key":"REST"},{"floor":49,"key":"REST"}],"circlet_count":0,"master_deck":["Strike_S","Strike_S","Strike_S","Strike_S","Defend_S","Defend_S","Defend_S","Defend_S","KidneyShot","Exchange","Immolate","TheWorld","FlawlessForm","Luminosity","TheWorld","PendulumOfEternity","TheWorld","SoulSculpture","TheWorld","Snipe","DemoMod:Invincible","BestPractice","Ricochet","DemoMod:Spice","TheWorld","TheWorld","Snipe+1"],"relics":["Unceasing Top","HushsDoor","REME_ComplimentaryCards","Du-Vu Doll","PokeGo","Pantograph","Vajra","MerchantsRug","Omamori","Replay:Accelerometer","Singing Bowl","Lizard Tail","DemoMod:RingOfEthereal","DemoMod:BigBoy","Dream Catcher","DemoMod:GnawedKey","Painkiller Herb","GuppysTail","Iron Hammer","relicPack:OneForAll","vexMod:ScavengeHelm","Regal Pillow","Replay:Mystery Machine","vexMod:Dragonfruit","REME_ArchaeologicalTools","Quantum Egg","GuppysPaw","MealTicket","BloodBag","Busted Crown","PillsDrop","SalivaCoin","Strange Spoon","HowToJump","Bottled Flame","Art of War","Meat on the Bone","Pet Ghost","The Courier","Gremlin Horn","Lee\u0027s Waffle","Toy Ornithopter","Blood Vial","vexMod:FocusSash","Oddly Smooth Stone","REME_HandOfSuture","Molten Egg 2","DollysMirror","DemoMod:WeirdEgg","Turnip","DemoMod:Antibody"],"acts_visited":["Exordium","TheCity","TheBeyond"],"potions_floor_usage":[23,23],"damage_taken":[{"damage":9,"enemies":"Jaw Worm","floor":1,"turns":4},{"damage":0,"enemies":"2 Louse","floor":2,"turns":1},{"damage":10,"enemies":"Small Slimes","floor":5,"turns":3},{"damage":25,"enemies":"Replay:BlueRogue","floor":6,"turns":4},{"damage":7,"enemies":"Gremlin Nob","floor":8,"turns":3},{"damage":26,"enemies":"Lagavulin","floor":10,"turns":4},{"damage":9,"enemies":"Replay:BlueRogue","floor":12,"turns":3},{"damage":19,"enemies":"3 Sentries","floor":13,"turns":4},{"damage":51,"enemies":"The Guardian","floor":16,"turns":7},{"damage":0,"enemies":"Chosen","floor":18,"turns":3},{"damage":0,"enemies":"Spheric Guardian","floor":20,"turns":3},{"damage":31,"enemies":"Snake Plant","floor":21,"turns":4},{"damage":13,"enemies":"Chosen and Byrds","floor":22,"turns":4},{"damage":17,"enemies":"Slavers","floor":23,"turns":3},{"damage":0,"enemies":"Snecko","floor":24,"turns":2},{"damage":0,"enemies":"Replay:Snechameleon","floor":25,"turns":1},{"damage":28,"enemies":"Slavers","floor":27,"turns":3},{"damage":0,"enemies":"Centurion and Healer","floor":28,"turns":2},{"damage":1,"enemies":"Snake Plant","floor":31,"turns":2},{"damage":11,"enemies":"Pondfish","floor":33,"turns":7},{"damage":0,"enemies":"3 Shapes","floor":35,"turns":1},{"damage":0,"enemies":"Orb Walker","floor":37,"turns":1},{"damage":12,"enemies":"Maw","floor":38,"turns":3},{"damage":20,"enemies":"Writhing Mass","floor":39,"turns":3},{"damage":0,"enemies":"R_Hoarder","floor":46,"turns":1},{"damage":0,"enemies":"Sphere and 2 Shapes","floor":47,"turns":1},{"damage":0,"enemies":"Mind Bloom Boss Battle","floor":48,"turns":1},{"damage":79,"enemies":"Donu and Deca","floor":50,"turns":5}],"seed_played":"5639249926360040507","potions_obtained":[{"floor":1,"key":"LiquidBronze"},{"floor":2,"key":"Weak Potion"},{"floor":8,"key":"Dexterity Potion"},{"floor":13,"key":"SteroidPotion"},{"floor":18,"key":"Venom Potion"},{"floor":31,"key":"SteroidPotion"},{"floor":33,"key":"AttackPotion"},{"floor":39,"key":"Dexterity Potion"},{"floor":47,"key":"Explosive Potion"}],"is_trial":true,"path_per_floor":["M","M","?","$","M","E","R","E","T","E","?","E","E","$","R","B",null,"?","?","?","?","?","E","?","E","T","E","?","T","?","?","T","B",null,"?","T","?","?","?","T","?","T","T","T","T","E","?","?","T","B",null],"character_chosen":"THE_SERVANT","items_purchased":["MerchantsRug","Omamori","DemoMod:GnawedKey","SurpressingFire","PendulumOfEternity","GuppysTail","SalivaCoin","DemoMod:Orange","Strange Spoon","HowToJump","Bottled Flame","Snipe","DemoMod:Invincible","Gremlin Horn","Lee\u0027s Waffle","Toy Ornithopter","Blood Vial","vexMod:FocusSash","Oddly Smooth Stone","REME_HandOfSuture","Ricochet","DemoMod:Spice","Molten Egg 2","DollysMirror"],"campfire_rested":8,"item_purchase_floors":[4,4,14,17,17,17,36,36,36,36,36,36,36,44,44,44,44,44,44,44,44,44,44,44],"current_hp_per_floor":[76,86,85,95,95,82,133,138,155,139,154,157,148,158,237,202,246,256,266,276,255,252,250,260,277,287,271,281,382,384,369,421,420,441,451,473,483,481,471,515,525,535,545,562,574,577,587,592,602,533],"gold":471,"neow_bonus":"","is_daily":false,"chose_seed":false,"campfire_upgraded":0,"win_rate":0.0,"timestamp":1608318364,"path_taken":["M","M","?","$","M","E","R","E","T","E","?","?","E","?","R","BOSS","?","?","?","?","?","E","?","E","T","E","?","T","?","?","T","BOSS","?","T","?","?","?","T","?","T","T","T","T","E","?","?","T","BOSS"],"items_purchased_type":["Relic","Relic","Relic","Card","Card","Relic","Relic","Relic","Relic","Relic","Relic","Card","Card","Relic","Relic","Relic","Relic","Relic","Relic","Relic","Card","Card","Relic","Relic"],"build_version":"2020-12-13","purchased_purges":0,"victory":true,"max_hp_per_floor":[85,95,105,115,125,137,147,159,176,186,201,213,223,233,243,253,246,256,266,276,286,296,311,321,338,348,360,370,382,392,409,421,431,441,451,473,483,493,503,515,525,535,545,562,574,577,587,592,602,608],"card_choices":[{"not_picked":[],"picked":"ChaosCard","floor":0},{"not_picked":["SoulSculpture","FloweringNight","Deny"],"picked":"Singing Bowl","floor":6},{"not_picked":["Deny","Dilation","LightFlow"],"picked":"Singing Bowl","floor":8},{"not_picked":["Initiator","SoulSculpture"],"picked":"TheWorld","floor":10},{"not_picked":["Deny","Solidify","LightFlow"],"picked":"Singing Bowl","floor":12},{"not_picked":["MurderousAura","Duplication"],"picked":"FlawlessForm","floor":13},{"not_picked":["Alleviate","FastForward"],"picked":"Luminosity","floor":15},{"not_picked":["FlawlessForm","Duplication"],"picked":"TheWorld","floor":16},{"not_picked":["LightFlow","SoulSculpture"],"picked":"TheWorld","floor":23},{"not_picked":["PendulumOfEternity","Deny"],"picked":"SoulSculpture","floor":25},{"not_picked":["ForgedInTime","LightFlow","FlawlessForm"],"picked":"Singing Bowl","floor":27},{"not_picked":["InstantArmor","Rewind+1","Read"],"picked":"Singing Bowl","floor":29},{"not_picked":["Read","Starlight","Alleviate+1"],"picked":"Singing Bowl","floor":32},{"not_picked":["Dilation","SoulSculpture"],"picked":"TheWorld","floor":33},{"not_picked":["Barrier"],"picked":"Singing Bowl","floor":40},{"not_picked":[],"picked":"BestPractice","floor":42},{"not_picked":["Starlight+1"],"picked":"Singing Bowl","floor":45},{"not_picked":[],"picked":"TheWorld","floor":46},{"not_picked":["Spin+1"],"picked":"Singing Bowl","floor":48},{"not_picked":[],"picked":"Snipe+1","floor":49}],"player_experience":8979,"relics_obtained":[{"floor":1,"key":"Pantograph"},{"floor":2,"key":"Vajra"},{"floor":5,"key":"Replay:Accelerometer"},{"floor":6,"key":"Singing Bowl"},{"floor":8,"key":"Lizard Tail"},{"floor":9,"key":"DemoMod:PinkGuonStone"},{"floor":10,"key":"DemoMod:RingOfEthereal"},{"floor":12,"key":"DemoMod:BigBoy"},{"floor":13,"key":"Dream Catcher"},{"floor":18,"key":"Iron Hammer"},{"floor":20,"key":"vexMod:ScavengeHelm"},{"floor":21,"key":"Regal Pillow"},{"floor":22,"key":"Replay:Mystery Machine"},{"floor":23,"key":"vexMod:Dragonfruit"},{"floor":24,"key":"REME_ArchaeologicalTools"},{"floor":25,"key":"Strawberry"},{"floor":26,"key":"Quantum Egg"},{"floor":27,"key":"GuppysPaw"},{"floor":28,"key":"MealTicket"},{"floor":31,"key":"MawBank"},{"floor":35,"key":"PillsDrop"},{"floor":37,"key":"Art of War"},{"floor":38,"key":"Meat on the Bone"},{"floor":39,"key":"Pet Ghost"},{"floor":43,"key":"The Courier"},{"floor":46,"key":"DemoMod:WeirdEgg"},{"floor":47,"key":"Turnip"},{"floor":48,"key":"DemoMod:Antibody"}],"event_choices":[{"damage_healed":0,"gold_gain":75,"player_choice":"Gather Gold","damage_taken":11,"max_hp_gain":0,"max_hp_loss":0,"event_name":"World of Goop","floor":3,"gold_loss":0},{"damage_healed":0,"gold_gain":0,"player_choice":"Donut","damage_taken":0,"max_hp_gain":5,"max_hp_loss":0,"event_name":"Big Fish","floor":11,"gold_loss":0},{"cards_removed":["SurpressingFire"],"damage_healed":0,"gold_gain":0,"player_choice":"Removed Power","damage_taken":0,"max_hp_gain":0,"max_hp_loss":0,"event_name":"Falling","floor":41,"gold_loss":0},{"damage_healed":0,"gold_gain":0,"player_choice":"Fight","damage_taken":0,"max_hp_gain":0,"max_hp_loss":0,"event_name":"MindBloom","floor":48,"gold_loss":0}],"is_beta":false,"boss_relics":[{"not_picked":["relicPack:StarArrow","SlaversCollar"],"picked":"Painkiller Herb"},{"not_picked":[]},{"not_picked":["Abe\u0027s Treasure","REME_LowDesire"],"picked":"Busted Crown"},{"not_picked":[]}],"items_purged_floors":[],"is_endless":false,"potions_floor_spawned":[1,2,8,13,18,20,22,31,33,35,39,47],"ascension_level":1}}