{"host":"2sct7qpnpunnnd84","time":1608256475,"event":{"mods":["BaseMod","Minty Spire (QoL Compilation)","Quick Restart","StSLib","The IronCluck"],"gold_per_floor":[116,116,116,126,99,99,109,125,125,141,141,156,156,168,168,264,264,275,304,318,336,346,346,346,375,375,375,375],"floor_reached":27,"playtime":2301,"items_purged":[],"score":252,"play_id":"05f306cc-7c45-46cc-bd2a-b92058d21142","local_time":"20201217175435","is_ascension_mode":false,"campfire_choices":[{"floor":6,"key":"REST"},{"data":"Inflame","floor":11,"key":"SMITH"},{"data":"Flame Barrier","floor":15,"key":"SMITH"},{"floor":23,"key":"REST"}],"circlet_count":0,"master_deck":["Strike_R","Strike_R","Strike_R","Strike_R","Defend_R+1","Defend_R","Defend_R+1","Defend_R","Bash","Cleave","Body Slam","Flex","Inflame+1","Iron Wave","Cleave","Body Slam","Flame Barrier+1","Demon Form","Anger","Inflame+1","Whirlwind","Demon Form","Body Slam","Decay"],"relics":["Burning Blood","The Courier","FaceOfCleric","Mark of Pain","Red Mask","White Beast Statue","Bottled Tornado"],"acts_visited":["Exordium","TheCity"],"potions_floor_usage":[10,19,19,22,25],"damage_taken":[{"damage":15,"enemies":"Jaw Worm","floor":1,"turns":4},{"damage":5,"enemies":"Small Slimes","floor":4,"turns":3},{"damage":0,"enemies":"Cultist","floor":7,"turns":3},{"damage":0,"enemies":"2 Fungi Beasts","floor":8,"turns":3},{"damage":3,"enemies":"Exordium Thugs","floor":10,"turns":4},{"damage":4,"enemies":"Blue Slaver","floor":12,"turns":3},{"damage":5,"enemies":"Exordium Wildlife","floor":14,"turns":3},{"damage":78,"enemies":"Hexaghost","floor":16,"turns":12},{"damage":14,"enemies":"Shell Parasite","floor":18,"turns":6},{"damage":31,"enemies":"Masked Bandits","floor":19,"turns":5},{"damage":8,"enemies":"3 Byrds","floor":20,"turns":5},{"damage":34,"enemies":"Snecko","floor":21,"turns":5},{"damage":25,"enemies":"3 Cultists","floor":22,"turns":5},{"damage":77,"enemies":"Slavers","floor":25,"turns":4},{"damage":17,"enemies":"Cultist and Chosen","floor":27,"turns":4}],"seed_played":"7972687269736968418","potions_obtained":[{"floor":7,"key":"SneckoOil"},{"floor":8,"key":"Regen Potion"},{"floor":12,"key":"FairyPotion"},{"floor":14,"key":"EssenceOfSteel"},{"floor":16,"key":"Explosive Potion"},{"floor":20,"key":"Dexterity Potion"},{"floor":22,"key":"SkillPotion"}],"is_trial":false,"path_per_floor":["M","?","?","M","$","R","M","M","T","M","R","M","?","M","R","B",null,"M","?","M","M","M","R","?","E","T","M"],"character_chosen":"IRONCLAD","items_purchased":["Flex"],"campfire_rested":2,"item_purchase_floors":[5],"current_hp_per_floor":[79,61,61,62,62,88,88,88,88,88,88,88,88,89,89,18,90,83,68,67,40,22,50,50,13,13,0,0],"gold":375,"neow_bonus":"TEN_PERCENT_HP_BONUS","is_daily":false,"chose_seed":false,"campfire_upgraded":2,"win_rate":0.0,"timestamp":1608256475,"path_taken":["M","?","?","M","$","R","M","?","T","M","R","M","?","M","R","BOSS","M","?","M","M","M","R","?","E","T","?"],"items_purchased_type":["Card"],"build_version":"2020-12-13","purchased_purges":0,"victory":false,"max_hp_per_floor":[88,88,88,88,88,88,88,88,88,88,88,88,88,89,89,90,90,91,92,93,94,95,95,95,96,96,96,96],"card_choices":[{"not_picked":["Heavy Blade","Headbutt"],"picked":"Cleave","floor":1},{"not_picked":["Clash","Uppercut"],"picked":"Body Slam","floor":4},{"not_picked":["Second Wind","Carnage"],"picked":"Inflame","floor":7},{"not_picked":["Sword Boomerang","Infernal Blade"],"picked":"Iron Wave","floor":8},{"not_picked":["Perfected Strike","Rupture"],"picked":"Cleave","floor":10},{"not_picked":["Fiend Fire","Dropkick"],"picked":"Body Slam","floor":12},{"not_picked":["Armaments","Dropkick"],"picked":"Flame Barrier","floor":14},{"not_picked":["Reaper","Berserk"],"picked":"Demon Form","floor":16},{"not_picked":["Sword Boomerang","Havoc"],"picked":"Anger","floor":18},{"not_picked":["Reckless Charge","Warcry+1"],"picked":"Inflame+1","floor":19},{"not_picked":["Cleave","Havoc"],"picked":"Whirlwind","floor":20},{"not_picked":["Fire Breathing","Clothesline+1"],"picked":"Demon Form","floor":21},{"not_picked":["Combust","Evolve+1"],"picked":"Body Slam","floor":22},{"not_picked":["Combust","Second Wind","Sentinel"],"picked":"SKIP","floor":25}],"player_experience":3358649,"relics_obtained":[{"floor":9,"key":"The Courier"},{"floor":19,"key":"Red Mask"},{"floor":25,"key":"White Beast Statue"},{"floor":26,"key":"Bottled Tornado"}],"event_choices":[{"damage_healed":0,"gold_gain":0,"player_choice":"Entered Light","damage_taken":18,"max_hp_gain":0,"max_hp_loss":0,"event_name":"Shining Light","floor":2,"gold_loss":0,"cards_upgraded":["Defend_R","Defend_R"]},{"cards_removed":["Strike_R"],"damage_healed":0,"gold_gain":0,"player_choice":"Offered Basic","damage_taken":0,"max_hp_gain":0,"max_hp_loss":0,"event_name":"Bonfire Elementals","floor":3,"gold_loss":0},{"damage_healed":0,"gold_gain":0,"player_choice":"Trade","damage_taken":0,"relics_obtained":["FaceOfCleric"],"max_hp_gain":0,"max_hp_loss":0,"event_name":"FaceTrader","floor":13,"gold_loss":0},{"damage_healed":0,"gold_gain":0,"player_choice":"Fought Bandits","damage_taken":0,"max_hp_gain":0,"max_hp_loss":0,"event_name":"Masked Bandits","floor":19,"gold_loss":0},{"damage_healed":0,"gold_gain":0,"player_choice":"Smashed Altar","damage_taken":0,"max_hp_gain":0,"max_hp_loss":0,"event_name":"Forgotten Altar","floor":24,"gold_loss":0,"cards_obtained":["Decay"]}],"is_beta":false,"boss_relics":[{"not_picked":["Black Blood","Fusion Hammer"],"picked":"Mark of Pain"}],"items_purged_floors":[],"is_endless":false,"potions_floor_spawned":[7,8,12,14,16,18,20,22],"killed_by":"Cultist and Chosen","ascension_level":0}}