{"host":"3lwutyfpza97k53s","time":1608249944,"event":{"mods":["A Magickal Journey","Act Like it!","BaseMod","BetterRewards","CapriCore","Clockwork Mod","Conspire","Dio Mod","Downfall","Hallownest","Hermit","Infinite Spire","Minty Spire (QoL Compilation)","Replay The Spire","Robot Space Explorer","Shade Mod","Shop Mod","StSLib","The Construct","The Immortal","The Judge","The Jungle","The Necromancer","TheVacant","TheWitcher"],"gold_per_floor":[112,112,128,128,145,145,159,191,246,273,273,292,318,318,318,417,517,532,532,546,546,560,593,593,593,593,635,635,670,670,695,695,842,842,912,987,1191,1287,1390,1390,1505,1625,1699,1699,1699],"floor_reached":44,"playtime":2282,"items_purged":["Clockwork:Strike","Clockwork:Strike","Clockwork:Strike","Clockwork:Strike"],"score":1750,"play_id":"5344386c-8f64-45ac-84f6-fe329b5b00d3","local_time":"20201217180544","is_ascension_mode":true,"campfire_choices":[{"data":"Clockwork:ChargingShield","floor":6.0,"key":"SMITH"},{"data":"Clockwork:Efficiency","floor":11.0,"key":"SMITH"},{"data":"Clockwork:RevUp","floor":15.0,"key":"SMITH"},{"data":"Clockwork:RevUp+1","floor":25.0,"key":"SMITH"},{"data":"Clockwork:CogToss","floor":28.0,"key":"SMITH"},{"data":"Clockwork:CogToss+1","floor":32.0,"key":"SMITH"},{"data":"Clockwork:TimeWalk","floor":40,"key":"SMITH"}],"circlet_count":0,"master_deck":["Clockwork:Shield+2","Clockwork:Shield+1","Clockwork:Shield+1","Clockwork:Shield+1","Clockwork:WarmUp","Clockwork:ChargingBlade+1","Clockwork:RevUp+2","Clockwork:TimeWalk","Clockwork:KaliMa","Clockwork:Efficiency+1","Clockwork:ChargingShield+1","Clockwork:LogisticRegression","Clockwork:CogToss+2","Clockwork:CogBarrier+1","Clockwork:TimeWalk+1","Clockwork:CraftSomewhatSmoothStone"],"relics":["Clockwork:MomentumEngine","conspire:InfiniteJournal","Replay:Kaleidoscope","infinitespire:Bottled Soul","Replay:Bottled Eggs","Replay:PocketPolymizer","Blue Doll","Incense Burner","Unceasing Top","conspire:InfiniteJournal","Clockwork:SomewhatSmoothStone","Clockwork:BeatingHeart","infinitespire:ShieldingShard","Vajra","Mummified Hand","Replay:Grab Bag","ChewingGum","Replay:Wanted Poster","construct:ClawGrip","CeramicFish","infinitespire:EmpoweringShard","infinitespire:PuzzleCube","Regal Pillow","Peace Pipe","infinitespire:EvilPickle","Coffee Dripper","Frozen Egg 2","SnafuTest:CatRelic"],"acts_visited":["Exordium","TheCity","TheBeyond"],"potions_floor_usage":[],"damage_taken":[{"damage":9.0,"enemies":"conspire:RoseBush","floor":1.0,"turns":13.0},{"damage":1.0,"enemies":"Jaw Worm","floor":3.0,"turns":9.0},{"damage":0.0,"enemies":"Cultist","floor":5.0,"turns":5.0},{"damage":0.0,"enemies":"Blue Slaver","floor":7.0,"turns":7.0},{"damage":0.0,"enemies":"Lagavulin","floor":8.0,"turns":10.0},{"damage":0.0,"enemies":"Replay:BlueRogue","floor":10.0,"turns":8.0},{"damage":0.0,"enemies":"2 Fungi Beasts","floor":12.0,"turns":3.0},{"damage":0.0,"enemies":"Gremlin Nob","floor":13.0,"turns":5.0},{"damage":11.0,"enemies":"The Guardian","floor":16.0,"turns":12.0},{"damage":0.0,"enemies":"2 Thieves","floor":18.0,"turns":3.0},{"damage":0.0,"enemies":"Chosen","floor":20.0,"turns":3.0},{"damage":0.0,"enemies":"Centurion and Healer","floor":22.0,"turns":5.0},{"damage":1.0,"enemies":"Book of Stabbing","floor":23.0,"turns":5.0},{"damage":1.0,"enemies":"Gremlin Leader","floor":27.0,"turns":9.0},{"damage":0.0,"enemies":"Book of Stabbing","floor":29.0,"turns":3.0},{"damage":0.0,"enemies":"Slavers","floor":31.0,"turns":2.0},{"damage":0.0,"enemies":"Pondfish","floor":33.0,"turns":6.0},{"damage":0,"enemies":"Orb Walker","floor":35,"turns":1},{"damage":0,"enemies":"3 Darklings","floor":36,"turns":1},{"damage":0,"enemies":"4 Shapes","floor":38,"turns":1},{"damage":0,"enemies":"Maw","floor":39,"turns":4},{"damage":0,"enemies":"R_Hoarder","floor":41,"turns":1},{"damage":0,"enemies":"Jaw Worm Horde","floor":42,"turns":2},{"damage":0,"enemies":"infinitespire:Three Voidlings","floor":44,"turns":1},{"damage":64,"enemies":"Nightmare_Alpha","floor":44,"turns":4}],"seed_played":"-7909725781206959354","potions_obtained":[{"floor":12.0,"key":"champ:CounterPotion"},{"floor":13.0,"key":"BlessingOfTheForge"}],"is_trial":false,"path_per_floor":["M","?","M","?","M","R","M","E","T","E","R","M","E","$","R","B",null,"M","?","M","?","M","E","?","R","T","E","R","E","?","E","R","B",null,"M","M","?","M","M","R","E","M","T","?"],"character_chosen":"CLOCKWORK","items_purchased":["Clockwork:CraftSomewhatSmoothStone","infinitespire:Bottled Soul","Clockwork:ChargingBlade","Replay:Bottled Eggs","Blue Doll","Clockwork:CraftSomewhatSmoothStone+1","Clockwork:RevUp","Clockwork:TimeWalk","Clockwork:KaliMa","Clockwork:Efficiency","SteroidPotion"],"campfire_rested":0,"item_purchase_floors":[0,0,0,0,0,0,0,0,0,0,0],"current_hp_per_floor":[24,7,6,6,6,6,6,6,6,6,6,6,6,6,6,8,66,66,66,66,66,66,65,65,65,65,64,64,64,64,64,64,64,80,80,80,59,59,59,59,59,59,59,0,0],"gold":1699,"neow_bonus":"","is_daily":false,"chose_seed":false,"campfire_upgraded":7,"win_rate":0.0,"timestamp":1608249944,"path_taken":["M","?","M","?","?","R","M","E","T","E","R","?","E","$","R","BOSS","M","?","M","?","?","E","?","R","T","E","R","E","?","E","R","BOSS","M","M","?","M","M","R","E","M","T","?"],"items_purchased_type":["Card","Relic","Card","Relic","Relic","Card","Card","Card","Card","Card","Potion"],"build_version":"2020-12-13","purchased_purges":4,"victory":false,"max_hp_per_floor":[85,85,85,85,85,85,85,85,85,85,85,85,85,85,85,85,85,85,85,85,85,85,85,85,85,85,85,85,85,85,85,85,85,85,85,85,85,85,85,85,85,85,85,85,85],"card_choices":[{"not_picked":["Clockwork:SystemScan","Clockwork:Pluck","Clockwork:ForgeStrike"],"picked":"SKIP","floor":1.0},{"not_picked":["Clockwork:MechanicalBulk","Clockwork:Redundancy","Clockwork:CogBarrier"],"picked":"SKIP","floor":3.0},{"not_picked":["Clockwork:TimeOut","Clockwork:AdaptiveCannon"],"picked":"Clockwork:ChargingShield","floor":5.0},{"not_picked":["Clockwork:CogToss","Clockwork:Redundancy"],"picked":"Clockwork:LogisticRegression","floor":7.0},{"not_picked":["Clockwork:ForgeStrike","Clockwork:MechanicalBulk","Clockwork:SystemHardening"],"picked":"SKIP","floor":8.0},{"not_picked":["Clockwork:SpringShield","Clockwork:Efficiency","Clockwork:Strangle"],"picked":"SKIP","floor":10.0},{"not_picked":["Clockwork:ReserveSystems","Clockwork:Efficiency","Clockwork:ChargingBlade"],"picked":"SKIP","floor":12.0},{"not_picked":["Clockwork:Redundancy","Clockwork:Clone","Clockwork:CogBarrier"],"picked":"SKIP","floor":13.0},{"not_picked":["Clockwork:ChargingShield+1","Clockwork:Pluck","Clockwork:LiteraryArmor"],"picked":"SKIP","floor":18.0},{"not_picked":["Clockwork:SystemScan+1","Clockwork:FalseStart","Clockwork:Roundhouse"],"picked":"SKIP","floor":20.0},{"not_picked":["Clockwork:InertialShield","Clockwork:Improve","Clockwork:LogisticRegression"],"picked":"SKIP","floor":22.0},{"not_picked":["Clockwork:TestingEnvironment","Clockwork:Roundhouse","Clockwork:AdaptiveCannon"],"picked":"SKIP","floor":23.0},{"not_picked":["Clockwork:CogShield","Clockwork:FalseStart"],"picked":"Clockwork:CogToss","floor":27.0},{"not_picked":["Clockwork:RitualDaggerMk0","Clockwork:ChargingShield"],"picked":"Clockwork:CogBarrier+1","floor":29.0},{"not_picked":["Clockwork:Minimalism","Clockwork:SiegeStrike","Clockwork:Pluck"],"picked":"SKIP","floor":31.0},{"not_picked":["Clockwork:SnapKeep+1","Clockwork:RampUp+1","Clockwork:CogShield"],"picked":"SKIP","floor":35},{"not_picked":["Clockwork:Enhance+1","Clockwork:Friction+1","Clockwork:EnthusiasticStrike+1"],"picked":"SKIP","floor":36},{"not_picked":["Clockwork:SystemHardening+1","Clockwork:CogBarrier","Clockwork:ChargingBlade"],"picked":"SKIP","floor":38},{"not_picked":["Clockwork:CogToss+1","Clockwork:SystemScan","Clockwork:TimeWalk"],"picked":"SKIP","floor":39},{"not_picked":["Clockwork:CogToss+1","Clockwork:SystemScan"],"picked":"Clockwork:TimeWalk","floor":39},{"not_picked":["Clockwork:Scour+1","Clockwork:SpringShield","Clockwork:CogShield"],"picked":"SKIP","floor":41},{"not_picked":["Clockwork:StasisBreak+1","Clockwork:CraftVarja+1"],"picked":"Clockwork:CraftSomewhatSmoothStone","floor":42}],"player_experience":480144,"relics_obtained":[{"floor":8.0,"key":"infinitespire:ShieldingShard"},{"floor":10.0,"key":"Vajra"},{"floor":13.0,"key":"Mummified Hand"},{"floor":23.0,"key":"CeramicFish"},{"floor":26.0,"key":"infinitespire:EmpoweringShard"},{"floor":27.0,"key":"infinitespire:PuzzleCube"},{"floor":29.0,"key":"Regal Pillow"},{"floor":31.0,"key":"Peace Pipe"},{"floor":41,"key":"Frozen Egg 2"},{"floor":43,"key":"SnafuTest:CatRelic"}],"event_choices":[{"damage_healed":0.0,"max_hp_gain":0.0,"max_hp_loss":0.0,"gold_gain":0.0,"event_name":"Shining Light","player_choice":"Entered Light","floor":2.0,"gold_loss":0.0,"damage_taken":17.0,"cards_upgraded":["Clockwork:Shield","Clockwork:ChargingBlade"]},{"damage_healed":0.0,"max_hp_gain":0.0,"max_hp_loss":0.0,"gold_gain":0.0,"event_name":"conspire:Investor","player_choice":"Leave","floor":4.0,"gold_loss":0.0,"damage_taken":0.0},{"damage_healed":0.0,"max_hp_gain":0.0,"max_hp_loss":0.0,"gold_gain":0.0,"event_name":"Cursed Tome","player_choice":"Ignored","floor":19.0,"gold_loss":0.0,"damage_taken":0.0},{"cards_removed":["Clockwork:Tinker"],"damage_healed":0.0,"max_hp_gain":0.0,"max_hp_loss":0.0,"gold_gain":0.0,"event_name":"Bonfire Elementals","player_choice":"Offered Basic","floor":21.0,"gold_loss":0.0,"damage_taken":0.0},{"damage_healed":0.0,"max_hp_gain":0.0,"max_hp_loss":0.0,"gold_gain":0.0,"event_name":"Beggar","player_choice":"Ignored","floor":24.0,"gold_loss":0.0,"damage_taken":0.0}],"is_beta":false,"boss_relics":[{"not_picked":["Busted Crown","Empty Cage"],"picked":"Replay:Grab Bag"},{"not_picked":["conspire:RoyalGoblet","Ectoplasm"],"picked":"ChewingGum"},{"not_picked":["Velvet Choker","Replay:Wanted Poster"],"picked":"Runic Dome"},{"not_picked":["ReplayTheSpireMod:SealedPack","conspire:SpecialSausage"],"picked":"construct:ClawGrip"},{"not_picked":["Pandora\u0027s Box","SacredBark"],"picked":"Snecko Eye"},{"not_picked":["infinitespire:Cupcake","Replay:Fungal Core"],"picked":"Coffee Dripper"}],"items_purged_floors":[0,0,0,0],"is_endless":false,"potions_floor_spawned":[3,12,13,16,22,27,31,36,42,44],"killed_by":"Nightmare_Alpha","ascension_level":8}}