{"host":"vm8b3ptwl81uq21f","time":1608263096,"event":{"mods":["BaseMod","BetterRewards","Colored Powertips","Downfall","GifTheSpireLib","Googly Eyes","GungeonMod","Halation","Hubris","Minty Spire (QoL Compilation)","Quick Restart","Rare Cards Sparkle","Replay The Spire","Shop Mod","StSLib","Stuff the Spire","The Bug Knight","The IronCluck","[IsaacMod]????"],"gold_per_floor":[117,131,131,131,306,332,348,348,348,361,361,361,377,77,77,77,77,200,200,200,200],"floor_reached":20,"playtime":483,"items_purged":["Doubt"],"score":195,"play_id":"34983f7a-3826-443b-bc00-255def1c278e","local_time":"20201217224456","is_ascension_mode":false,"campfire_choices":[{"floor":12,"key":"DIG"},{"floor":17,"key":"DIG"}],"circlet_count":0,"master_deck":["Strike_R","Strike_R","Strike_R","Strike_R","Strike_R","Defend_R","Defend_R","Defend_R","Bash","ReplayTheSpireMod:Strike From Hell","Sword Boomerang","Warcry","Twin Strike","Eclipse","Burning Pact","Violence","Carnage+1","Immolate"],"relics":["Burning Blood","HushsDoor","BFFS","NeowsBlessing","Shovel","King of Hearts","halation:LettersToHer","Golden Idol","Smiling Mask","MagicMushroom","GuppysHairball"],"acts_visited":["Exordium","TheCity"],"potions_floor_usage":[18],"damage_taken":[{"damage":0,"enemies":"2 Louse","floor":1,"turns":1},{"damage":0,"enemies":"Cultist","floor":2,"turns":1},{"damage":0,"enemies":"Gremlin Nob","floor":6,"turns":1},{"damage":9,"enemies":"Small Slimes","floor":7,"turns":3},{"damage":20,"enemies":"Looter","floor":10,"turns":3},{"damage":10,"enemies":"2 Fungi Beasts","floor":13,"turns":3},{"damage":23,"enemies":"The Guardian","floor":18,"turns":7},{"damage":5,"enemies":"Shell Parasite","floor":20,"turns":2}],"seed_played":"-4555528936158613279","potions_obtained":[{"floor":1,"key":"SkillPotion"},{"floor":2,"key":"Strength Potion"},{"floor":6,"key":"SkillPotion"}],"is_trial":false,"path_per_floor":["M","M","?","?","?","E","M","PTL","PTL","M","T","R","M","$","?","?","R","B",null,"M"],"character_chosen":"IRONCLAD","items_purchased":["Violence","Carnage+1","GuppysHairball"],"campfire_rested":0,"item_purchase_floors":[14,14,19],"current_hp_per_floor":[80,80,80,80,80,80,77,77,77,63,63,63,59,59,59,39,39,22,77,72,72],"gold":200,"neow_bonus":"THREE_ENEMY_KILL","is_daily":false,"chose_seed":false,"campfire_upgraded":0,"win_rate":0.0,"timestamp":1608263096,"path_taken":["M","M","?","?","?","E","M","PTL","PTL","M","T","R","?","$","?","?","R","BOSS","M"],"items_purchased_type":["Card","Card","Relic"],"build_version":"2020-12-13","purchased_purges":1,"victory":false,"max_hp_per_floor":[80,80,80,80,80,80,80,80,80,80,80,80,80,80,80,80,80,80,77,77,77],"card_choices":[{"not_picked":["Armaments","Shrug It Off"],"picked":"ReplayTheSpireMod:Strike From Hell","floor":1},{"not_picked":["hubris:ReadiedAction","Bomb"],"picked":"Sword Boomerang","floor":2},{"not_picked":["Run Through","ReplayTheSpireMod:LeadingStrike"],"picked":"Warcry","floor":6},{"not_picked":["DemoMod:BlackBlade","Combust"],"picked":"Twin Strike","floor":7},{"not_picked":["Run Through","Headbutt"],"picked":"Eclipse","floor":10},{"not_picked":["Cleave","Twin Strike"],"picked":"Burning Pact","floor":13},{"not_picked":["Impervious","Berserk"],"picked":"Immolate","floor":18}],"player_experience":303225,"relics_obtained":[{"floor":6,"key":"Shovel"},{"floor":11,"key":"King of Hearts"},{"floor":12,"key":"halation:LettersToHer"},{"floor":17,"key":"Smiling Mask"}],"event_choices":[{"damage_healed":0,"gold_gain":175,"player_choice":"AGREE","damage_taken":0,"max_hp_gain":0,"max_hp_loss":0,"event_name":"Liars Game","floor":5,"gold_loss":0,"cards_obtained":["Doubt"]},{"damage_healed":0,"gold_gain":0,"player_choice":"Ignored","damage_taken":0,"max_hp_gain":0,"max_hp_loss":0,"event_name":"NoteForYourself","floor":15,"gold_loss":0},{"damage_healed":0,"gold_gain":0,"player_choice":"Take Damage","damage_taken":20,"relics_obtained":["Golden Idol"],"max_hp_gain":0,"max_hp_loss":0,"event_name":"Golden Idol","floor":16,"gold_loss":0}],"is_beta":false,"boss_relics":[{"not_picked":["StuffTheSpire:RunicHypercube","Busted Crown"],"picked":"MagicMushroom"},{"not_picked":[]}],"items_purged_floors":[14],"is_endless":false,"potions_floor_spawned":[1,2,6],"killed_by":"Shell Parasite","ascension_level":0}}