{"host":"v9ordiuf4xzdpttp","time":1608330812,"event":{"mods":["AchievementEnabler","Act Like it!","AlwaysNeverKeys","Aspiration","BaseMod","Better Third Choice","Better Vampires","BetterRewards","Colored Map","Conspire","Dio Mod","Downfall","Energized Spire","Gold Saver","GungeonMod","Hubris","Infinite Spire","Marked Mod","Melee Mod","Minty Spire (QoL Compilation)","Pale of the Ancients","Remove Card Discount Mod","Replay The Spire","SOS???????","Shop Mod","Small Relic Pack","Spicy Shops","StSLib","The Bladedancer","The Bug Knight","The Construct","The Hayseed","The Runesmith","The Servant 0.9.4","The Wild Card","???Mod??????Boss","??????REMEMod"],"gold_per_floor":[128,128,303,315,80,107,123,2,2,37,57,57,67,82,82,179,179,195,13,13,30,5,5,5,30,30,49,13,23,23,56,56,161,161,175,175,1,1,17,52,66,91,91,106,116,116,127,146,196,291,291,303,314,314,359,359,359,359,40,40,143,143,143],"floor_reached":62,"playtime":4164,"items_purged":["REME_SelfUpgrade","Ball Lightning","Heatsinks","Heatsinks","Doubt","Double Energy","Defragment","Replay:Hysterical Blindness","Shame","TheSimpletonMod:Spoilage","Streamline","REME_ForAll"],"score":1673,"play_id":"3746417b-a298-4643-af3f-e5b2f67339bf","local_time":"20201218173332","daily_mods":["Draft"],"is_ascension_mode":true,"campfire_choices":[{"floor":15,"key":"REST"},{"data":"Apotheosis","floor":23,"key":"SMITH"},{"floor":32,"key":"REST"},{"floor":56,"key":"REST"},{"data":"Turbo","floor":58,"key":"SMITH"}],"circlet_count":0,"master_deck":["Gash","Reinforced Body","Sweeping Beam","ReplayGash","Hologram","Go for the Eyes","Go for the Eyes","Aggregate","Sweeping Beam","Apotheosis+1","Scrape","ReplayGash","Scrape","Go for the Eyes","REME_Flogging","FTL","BootSequence","Self Repair","REME_Shoggoth","Double Energy","ReplayGash","Steam","Conserve Battery","Consume+1","REME_Flogging","Machine Learning","Amplify","Biased Cognition","Beam Cell","Gash+1","Turbo+1","Gash","Crystallizer+1","Specialist+1","hubris:Fate"],"relics":["Cracked Core","REME_ComplimentaryCards","MerchantsRug","hubris:CuriousFeather","aspiration:Lifesprig","hubris:BundleOfHerbs","Replay:Ancient Bell","Pen Nib","HollowMod:LifeEnderRelic","TungstenRod","Membership Card","conspire:TopHat","relicPack:DSword","ReplayTheSpireMod:Lightbulb","Sozu","REME_PuzzleBoxRelic","ClockworkSouvenir","Regal Pillow","WarpedTongs","DemoMod:OrangeGuonStone","Centennial Puzzle","InkBottle","Replay:Towering Pillar of Hats","REME_LowDesire","Dream Catcher","aspiration:TomeofQuesting","paleoftheancients:Timepiece","Spirit Poop","paleoftheancients:SoulOfTheShowman","relicPack:OneForAll","Omamori","infinitespire:Broken Mirror","Du-Vu Doll","Bronze Scales","Singing Bowl","aspiration:IroncladSkillbook"],"acts_visited":["Exordium","TheCity","TheBeyond","paleoftheancients:PaleOfTheAncients","Exordium"],"potions_floor_usage":[25,33],"damage_taken":[{"damage":5,"enemies":"2 Louse","floor":1,"turns":3},{"damage":7,"enemies":"Jaw Worm","floor":4,"turns":2},{"damage":10,"enemies":"Replay:BlueRogue","floor":6,"turns":4},{"damage":0,"enemies":"Small Slimes","floor":7,"turns":1},{"damage":6,"enemies":"3 Sentries","floor":10,"turns":2},{"damage":0,"enemies":"Looter","floor":11,"turns":1},{"damage":7,"enemies":"Red Slaver","floor":13,"turns":2},{"damage":0,"enemies":"Exordium Thugs","floor":14,"turns":2},{"damage":0,"enemies":"Hexaghost","floor":16,"turns":4},{"damage":5,"enemies":"Shell Parasite","floor":18,"turns":3},{"damage":0,"enemies":"3 Byrds","floor":21,"turns":2},{"damage":19,"enemies":"Nightmare","floor":25,"turns":6},{"damage":0,"enemies":"Snecko","floor":27,"turns":3},{"damage":0,"enemies":"Chosen and Byrds","floor":29,"turns":2},{"damage":0,"enemies":"conspire:Head Lice","floor":31,"turns":2},{"damage":0,"enemies":"Automaton","floor":33,"turns":3},{"damage":0,"enemies":"Orb Walker","floor":35,"turns":2},{"damage":0,"enemies":"3 Darklings","floor":39,"turns":2},{"damage":0,"enemies":"HollowMod:StalkingDevout","floor":40,"turns":2},{"damage":0,"enemies":"Jaw Worm Horde","floor":41,"turns":1},{"damage":0,"enemies":"R_Hoarder","floor":42,"turns":4},{"damage":24,"enemies":"4 Shapes","floor":44,"turns":2},{"damage":0,"enemies":"Transient","floor":45,"turns":3},{"damage":0,"enemies":"Jaw Worm Horde","floor":47,"turns":2},{"damage":0,"enemies":"Maw","floor":48,"turns":2},{"damage":0,"enemies":"Mind Bloom Boss Battle","floor":49,"turns":2},{"damage":8,"enemies":"Time Eater","floor":50,"turns":5},{"damage":0,"enemies":"Time Eater","floor":52,"turns":4},{"damage":8,"enemies":"Time Eater","floor":53,"turns":1},{"damage":87,"enemies":"Time Eater","floor":57,"turns":3},{"damage":34,"enemies":"paleoftheancients:N","floor":61,"turns":3}],"seed_played":"8974760251969905866","potions_obtained":[{"floor":1,"key":"SteroidPotion"},{"floor":7,"key":"Guardian:BlockOnCardUsePotion"},{"floor":10,"key":"Weak Potion"},{"floor":21,"key":"Weak Potion"},{"floor":27,"key":"DemoMod:LeadSkinPotion"},{"floor":29,"key":"BlessingOfTheForge"},{"floor":33,"key":"Fire Potion"}],"is_trial":true,"path_per_floor":["M","?","?","M","$","E","M","$","T","E","M","?","M","M","R","B",null,"M","$","?","M","$","R","?","NM","T","M","$","M","?","E","R","B",null,"M","?","$","?","M","E","M","E","T","M","M","?","M","M","R_BF","B",null,"M","M","?","T","R","M","R","$","?","B",null],"character_chosen":"DEFECT","items_purchased":["Scrape","MerchantsRug","REME_Flogging","Membership Card","ReplayGash","Conserve Battery","REME_Flogging","REME_PuzzleBoxRelic","ClockworkSouvenir","Regal Pillow","infinitespire:Broken Mirror","Du-Vu Doll","Bronze Scales","Singing Bowl"],"campfire_rested":3,"item_purchase_floors":[5,5,8,19,19,22,28,37,37,37,59,59,59,59],"current_hp_per_floor":[70,70,70,63,63,53,53,53,53,47,47,47,40,40,62,72,75,75,75,75,75,75,75,75,66,66,73,73,73,39,39,61,75,75,75,75,75,75,75,75,75,75,75,61,71,71,75,75,75,67,75,75,71,71,71,75,75,75,75,75,75,75,75],"gold":143,"neow_bonus":"","is_daily":false,"chose_seed":false,"campfire_upgraded":2,"win_rate":0.0,"timestamp":1608330812,"path_taken":["M","?","?","M","$","E","M","?","T","E","M","?","M","M","R","BOSS","M","$","?","M","?","R","?","NM","T","M","?","M","?","E","R","BOSS","M","?","?","?","M","E","M","E","T","?","M","?","?","M","R_BF","BOSS","M","M","?","T","R","M","R","$","?","BOSS"],"items_purchased_type":["Card","Relic","Card","Relic","Card","Card","Card","Relic","Relic","Relic","Relic","Relic","Relic","Relic"],"build_version":"2020-12-13","purchased_purges":12,"victory":false,"max_hp_per_floor":[75,75,75,75,75,75,75,75,75,75,75,75,75,75,75,75,75,75,75,75,75,75,75,75,75,75,75,75,75,75,75,75,75,75,75,75,75,75,75,75,75,75,75,75,75,75,75,75,75,75,75,75,75,75,75,75,75,75,75,75,75,75,75],"card_choices":[{"not_picked":["Compile Driver","Rebound"],"picked":"Gash","floor":0},{"not_picked":["Barrage","Turbo"],"picked":"Ball Lightning","floor":0},{"not_picked":["Turbo","Auto Shields"],"picked":"REME_SelfUpgrade","floor":0},{"not_picked":["Cold Snap","Redo"],"picked":"Reinforced Body","floor":0},{"not_picked":["Ball Lightning","Leap"],"picked":"Sweeping Beam","floor":0},{"not_picked":["Leap","Hologram"],"picked":"ReplayGash","floor":0},{"not_picked":["Steam","Redo"],"picked":"Hologram","floor":0},{"not_picked":["Barrage","Beam Cell"],"picked":"Go for the Eyes","floor":0},{"not_picked":["Melter","Steam"],"picked":"Go for the Eyes","floor":0},{"not_picked":["Hologram","BootSequence"],"picked":"Aggregate","floor":0},{"not_picked":["ReplaySolidLightProjector","Beam Cell"],"picked":"Double Energy","floor":0},{"not_picked":["Turbo","Heatsinks"],"picked":"Defragment","floor":0},{"not_picked":["Coolheaded","Leap"],"picked":"Heatsinks","floor":0},{"not_picked":["Rebound","BasicCrystalCard"],"picked":"Heatsinks","floor":0},{"not_picked":["Turbo","Barrage"],"picked":"Sweeping Beam","floor":0},{"not_picked":["hubris:PowerSurge","aspiration:Polymerization","Cold Snap"],"picked":"Scrape","floor":1},{"not_picked":["Rip and Tear","Cold Snap"],"picked":"ReplayGash","floor":4},{"not_picked":["ReplaySolidLightProjector","Barrage"],"picked":"Go for the Eyes","floor":6},{"not_picked":["aspiration:Polymerization","Doom and Gloom","Force Field"],"picked":"SKIP","floor":7},{"not_picked":["Cold Snap","Electrodynamics"],"picked":"FTL","floor":10},{"not_picked":["Cold Snap","Redo","hubris:Ukulele"],"picked":"SKIP","floor":11},{"not_picked":["Seek","hubris:Ukulele"],"picked":"BootSequence","floor":13},{"not_picked":["Panic Button","ReplayTheSpireMod:Dual Polarity"],"picked":"Self Repair","floor":14},{"not_picked":["Electrodynamics","Reboot"],"picked":"REME_Shoggoth","floor":16},{"not_picked":["ReplayTheSpireMod:Splinters","ReplayTheSpireMod:Doomed"],"picked":"Replay:Hysterical Blindness","floor":17},{"not_picked":["Overencumbered","Amnesia"],"picked":"Shame","floor":17},{"not_picked":["Delirium","Shame"],"picked":"TheSimpletonMod:Spoilage","floor":17},{"not_picked":["BasicCrystalCard+1","REME_DataAnalysis"],"picked":"Double Energy","floor":18},{"not_picked":["Capacitor","Sunder"],"picked":"Steam","floor":21},{"not_picked":["Compile Driver","FIFO Queue"],"picked":"Streamline","floor":25},{"not_picked":["Barrage","Leap+1"],"picked":"Consume+1","floor":27},{"not_picked":["Stack","Sweeping Beam"],"picked":"Machine Learning","floor":29},{"not_picked":["Reinforced Body+1","ReplaySolidLightProjector+1"],"picked":"Go for the Eyes","floor":31},{"not_picked":["Mirror Shield","Biased Cognition"],"picked":"Amplify","floor":33},{"not_picked":["Rebound","Hello World+1","Streamline"],"picked":"SKIP","floor":35},{"not_picked":["Go for the Eyes","Cold Snap"],"picked":"Beam Cell","floor":39},{"not_picked":["Streamline+1","Sweeping Beam","Glacier+1"],"picked":"SKIP","floor":40},{"not_picked":["Hologram","Compile Driver+1","ReplayTheSpireMod:Dual Polarity+1"],"picked":"SKIP","floor":41},{"not_picked":["Panic Button+1","REME_ForAll"],"picked":"Gash+1","floor":42},{"not_picked":["Cold Snap+1","Rebound","Undo"],"picked":"SKIP","floor":44},{"not_picked":["Coolheaded","Rebound+1","Reinforced Body"],"picked":"SKIP","floor":45},{"not_picked":["Compile Driver","Coolheaded+1"],"picked":"Turbo","floor":47},{"not_picked":["Ball Lightning+1","Compile Driver+1","Barrage"],"picked":"SKIP","floor":48},{"not_picked":["Hyperbeam","Core Surge"],"picked":"REME_ForAll","floor":50},{"not_picked":["REME_SelfUpgrade","Ball Lightning+1","Steam+1","REME_TheoryOfElimination"],"picked":"SKIP","floor":52},{"not_picked":["Recycle","BasicCrystalCard+1","REME_BuildACard"],"picked":"Gash","floor":53},{"not_picked":["Barrage+1","Streamline","DemoMod:Deposit"],"picked":"Crystallizer+1","floor":56},{"not_picked":["Multi-Cast","Reboot","Hyperbeam"],"picked":"Specialist+1","floor":61},{"not_picked":["infinitespire:DeathsTouch","hubris:Rewind"],"picked":"hubris:Fate","floor":61}],"player_experience":190246,"relics_obtained":[{"floor":6,"key":"hubris:CuriousFeather"},{"floor":9,"key":"aspiration:Lifesprig"},{"floor":10,"key":"hubris:BundleOfHerbs"},{"floor":25,"key":"conspire:TopHat"},{"floor":26,"key":"aspiration:FetidBarrel"},{"floor":31,"key":"ReplayTheSpireMod:Lightbulb"},{"floor":40,"key":"DemoMod:OrangeGuonStone"},{"floor":42,"key":"Centennial Puzzle"},{"floor":43,"key":"InkBottle"},{"floor":49,"key":"Replay:Towering Pillar of Hats"},{"floor":51,"key":"Dream Catcher"},{"floor":51,"key":"aspiration:TomeofQuesting"},{"floor":52,"key":"paleoftheancients:SoulOfTheShowman"},{"floor":55,"key":"Omamori"}],"event_choices":[{"damage_healed":0,"gold_gain":0,"player_choice":"Leave","damage_taken":0,"max_hp_gain":0,"max_hp_loss":0,"event_name":"conspire:Investor","floor":2,"gold_loss":0},{"damage_healed":0,"gold_gain":175,"player_choice":"AGREE","damage_taken":128,"max_hp_gain":0,"max_hp_loss":0,"event_name":"betterThird:BetterSerpent","floor":3,"gold_loss":0},{"damage_healed":0,"gold_gain":0,"player_choice":"0 cards matched","damage_taken":0,"max_hp_gain":0,"max_hp_loss":0,"event_name":"Match and Keep!","floor":12,"gold_loss":0,"cards_obtained":[]},{"damage_healed":0,"gold_gain":0,"player_choice":"Ignored","damage_taken":0,"max_hp_gain":0,"max_hp_loss":0,"event_name":"Transmorgrifier","floor":20,"gold_loss":0},{"damage_healed":0,"gold_gain":0,"cards_transformed":["Go for the Eyes"],"player_choice":"Transformed","damage_taken":0,"max_hp_gain":0,"max_hp_loss":0,"event_name":"Transmorgrifier","floor":36,"gold_loss":0,"cards_obtained":["Biased Cognition"]},{"damage_healed":0,"gold_gain":0,"player_choice":"Rummage","damage_taken":0,"relics_obtained":["WarpedTongs"],"max_hp_gain":0,"max_hp_loss":0,"event_name":"Accursed Blacksmith","floor":38,"gold_loss":0,"cards_obtained":["Pain"]},{"cards_removed":["Pain"],"damage_healed":0,"gold_gain":0,"player_choice":"Removed Curses","damage_taken":0,"max_hp_gain":0,"max_hp_loss":0,"event_name":"Fountain of Cleansing","floor":46,"gold_loss":0},{"damage_healed":0,"gold_gain":0,"player_choice":"Fight","damage_taken":0,"max_hp_gain":0,"max_hp_loss":0,"event_name":"MindBloom","floor":49,"gold_loss":0}],"is_beta":false,"boss_relics":[{"not_picked":["aspiration:ServantSkillbook","Philosopher\u0027s Stone"],"picked":"Replay:Ancient Bell"},{"not_picked":["Blood Vial","Smiling Mask"],"picked":"Pen Nib"},{"not_picked":["Sundial","hubris:DisguiseKit"],"picked":"HollowMod:LifeEnderRelic"},{"not_picked":["StoneCalendar","Counterbalance"],"picked":"TungstenRod"},{"not_picked":["REME_DemonsWealth","ChewingGum"],"picked":"Sozu"},{"not_picked":["infinitespire:Cupcake","Tiny House"],"picked":"REME_LowDesire"},{"not_picked":["FrozenCore","energizedSpire:OgreHead"],"picked":"aspiration:IroncladSkillbook"}],"items_purged_floors":[5,5,5,5,5,5,5,19,19,19,28,59],"is_endless":true,"potions_floor_spawned":[1,7,10,21,27,29,33,35,41,44,47,49,52,61],"ascension_level":1}}