{"host":"gbop6m4qugddaz18","time":1608322528,"event":{"mods":["2.2 Compatiblity","BaseMod","Better Third Choice","Block Reminder","Downfall","GifTheSpireLib","Highlight Path","Minty Spire (QoL Compilation)","Replay The Spire","StSLib"],"gold_per_floor":[112,112,130,148,163,163,180,206,233,213,229,264,264,278,278,383,383,401,418,432,452,10,10,40,56,56,56,70,89,123,123,123,220,220,233,244,244,263,263,291,341,341,368,378,1,34,53,72,72,72,72,72,21,49,49,49],"floor_reached":55,"playtime":2690,"items_purged":["Defend_B"],"score":847,"play_id":"bdcacd53-f1ee-43cf-8afd-0f1e3e6444be","local_time":"20201218151528","is_ascension_mode":true,"campfire_choices":[{"data":"Zap","floor":6,"key":"SMITH"},{"data":"White Noise","floor":13,"key":"SMITH"},{"floor":15,"key":"REST"},{"floor":23,"key":"REST"},{"data":"Dualcast","floor":27,"key":"SMITH"},{"floor":32,"key":"REST"},{"floor":42,"key":"RECALL"},{"floor":49,"key":"REST"},{"data":"Leap","floor":52,"key":"SMITH"}],"circlet_count":0,"master_deck":["Strike_B","Defend_B","Defend_B","Zap+1","Dualcast+1","Self Repair","Sweeping Beam","White Noise+1","Hello World","Self Repair","Conserve Battery","Melter","Go for the Eyes","Coolheaded","Machine Learning+1","Machine Learning+1","Compile Driver+1","Redo+1","Ball Lightning","Skim","Beam Cell","Chill","Defragment","Defragment","Ball Lightning","Cold Snap","Go for the Eyes+1","Leap+1","Streamline","Electrodynamics","Glacier+1","Cold Snap+1","Beam Cell+1","Stack","Chaos+1","Coolheaded+1","WaveOfTheHand+1","Turbo","Leap","hexamod:Incineration+1"],"relics":["Cracked Core","NeowsBlessing","Guardian:PocketSentry","Regal Pillow","Unceasing Top","Astrolabe","Sling","Toy Ornithopter","Counterbalance","Bronze Scales","Replay:Ringing Soul","Inserter","Centennial Puzzle","Frozen Egg 2","Gremlin Food","PrismaticShard","Bag of Marbles","Letter Opener"],"acts_visited":["Exordium","TheCity","TheBeyond","TheEnding"],"potions_floor_usage":[7,16,21,24,24,24,28,30,33,40,44,46,50,50],"damage_taken":[{"damage":0,"enemies":"2 Louse","floor":1,"turns":1},{"damage":0,"enemies":"Cultist","floor":3,"turns":1},{"damage":0,"enemies":"Jaw Worm","floor":4,"turns":1},{"damage":13,"enemies":"Lots of Slimes","floor":5,"turns":2},{"damage":18,"enemies":"Blue Slaver","floor":7,"turns":3},{"damage":35,"enemies":"Gremlin Nob","floor":8,"turns":4},{"damage":14,"enemies":"Large Slime","floor":11,"turns":5},{"damage":15,"enemies":"3 Sentries","floor":12,"turns":7},{"damage":2,"enemies":"Looter","floor":14,"turns":3},{"damage":11,"enemies":"Slime Boss","floor":16,"turns":8},{"damage":1,"enemies":"Chosen","floor":18,"turns":4},{"damage":18,"enemies":"3 Byrds","floor":19,"turns":4},{"damage":40,"enemies":"Shelled Parasite and Fungi","floor":20,"turns":5},{"damage":34,"enemies":"Snake Plant","floor":21,"turns":4},{"damage":33,"enemies":"Slavers","floor":24,"turns":6},{"damage":17,"enemies":"Sentry and Sphere","floor":25,"turns":5},{"damage":23,"enemies":"Centurion and Healer","floor":28,"turns":4},{"damage":7,"enemies":"Cultist and Chosen","floor":29,"turns":6},{"damage":17,"enemies":"Gremlin Leader","floor":30,"turns":6},{"damage":29,"enemies":"Champ","floor":33,"turns":10},{"damage":29,"enemies":"3 Shapes","floor":35,"turns":5},{"damage":2,"enemies":"Orb Walker","floor":36,"turns":3},{"damage":16,"enemies":"3 Darklings","floor":38,"turns":5},{"damage":5,"enemies":"Nemesis","floor":40,"turns":7},{"damage":17,"enemies":"4 Shapes","floor":44,"turns":5},{"damage":23,"enemies":"Reptomancer","floor":46,"turns":7},{"damage":26,"enemies":"Maw","floor":47,"turns":8},{"damage":8,"enemies":"Transient","floor":48,"turns":5},{"damage":78,"enemies":"Time Eater","floor":50,"turns":11},{"damage":82,"enemies":"Shield and Spear","floor":54,"turns":8},{"damage":71,"enemies":"The Heart","floor":55,"turns":3}],"seed_played":"-6292821892592948074","potions_obtained":[{"floor":1,"key":"Weak Potion"},{"floor":4,"key":"sneckomod:MuddlingPotion"},{"floor":8,"key":"SmokeBomb"},{"floor":10,"key":"Venom Potion"},{"floor":12,"key":"LifebloodPotion"},{"floor":16,"key":"BlessingOfTheForge"},{"floor":21,"key":"EssenceOfSteel"},{"floor":25,"key":"SkillPotion"},{"floor":28,"key":"Fire Potion"},{"floor":30,"key":"CultistPotion"},{"floor":35,"key":"ColorlessPotion"},{"floor":41,"key":"Energy Potion"},{"floor":44,"key":"sneckomod:MuddlingPotion"},{"floor":46,"key":"Explosive Potion"},{"floor":48,"key":"Fire Potion"}],"is_trial":false,"path_per_floor":["M","?","M","M","M","R","M","E","T","?","M","E","R","M","R","B",null,"M","M","M","M","$","R","E","M","T","R","M","M","E","?","R","B",null,"M","M","?","M","?","E","?","R","T","M","$","E","M","M","R","B",null,"R","$","E","B"],"character_chosen":"DEFECT","items_purchased":["Sling","Defragment","Scrape","Toy Ornithopter","Gremlin Food","PrismaticShard","Leap"],"campfire_rested":4,"item_purchase_floors":[22,22,22,22,45,45,53],"current_hp_per_floor":[75,75,75,75,69,69,58,37,37,37,37,36,36,48,75,75,75,75,71,45,25,25,62,56,53,53,53,49,56,61,46,83,71,86,74,75,75,69,69,86,50,50,50,48,48,47,38,44,92,38,110,110,113,48,0,0],"gold":49,"neow_bonus":"THREE_ENEMY_KILL","is_daily":false,"chose_seed":false,"campfire_upgraded":4,"win_rate":0.0,"timestamp":1608322528,"path_taken":["M","?","M","M","?","R","M","E","T","?","M","E","R","M","R","BOSS","M","M","?","M","$","R","E","M","T","R","M","M","E","?","R","BOSS","M","M","?","M","?","E","?","R","T","M","$","E","M","?","R","BOSS","R","$","E","BOSS"],"items_purchased_type":["Relic","Card","Card","Relic","Relic","Relic","Card"],"build_version":"2020-12-13","purchased_purges":1,"victory":false,"max_hp_per_floor":[75,75,75,75,75,75,75,75,75,75,75,75,75,75,75,75,75,75,75,75,75,75,75,75,75,75,75,75,75,78,83,83,86,86,89,92,92,95,95,98,101,101,101,104,104,107,110,110,110,110,110,110,113,116,116,116],"card_choices":[{"not_picked":["Leap","Panic Button"],"picked":"Self Repair","floor":1},{"not_picked":["Hologram","Undo"],"picked":"Sweeping Beam","floor":3},{"not_picked":["Steam Power","Fusion"],"picked":"White Noise","floor":4},{"not_picked":["Leap","Streamline"],"picked":"Hello World","floor":5},{"not_picked":["Hologram","Crystallizer"],"picked":"Self Repair","floor":7},{"not_picked":["Panic Button","Heatsinks"],"picked":"Conserve Battery","floor":8},{"not_picked":["Capacitor","Crystallizer"],"picked":"Melter","floor":11},{"not_picked":["Hologram","Double Energy"],"picked":"Go for the Eyes","floor":12},{"not_picked":["Consume","Hologram"],"picked":"Coolheaded","floor":14},{"not_picked":["Reboot","ReplayTheSpireMod:Omega Cannon"],"picked":"Machine Learning","floor":16},{"not_picked":["BasicCrystalCard","Beam Cell+1"],"picked":"Ball Lightning","floor":18},{"not_picked":["Compile Driver","Blizzard"],"picked":"Skim","floor":19},{"not_picked":["Stack","Compile Driver"],"picked":"Beam Cell","floor":20},{"not_picked":["Fission","Streamline"],"picked":"Chill","floor":21},{"not_picked":["Go for the Eyes","Chill"],"picked":"Ball Lightning","floor":24},{"not_picked":["Beam Cell","Rebound"],"picked":"Cold Snap","floor":25},{"not_picked":["Self Repair","Turbo"],"picked":"Go for the Eyes+1","floor":28},{"not_picked":["Core Surge","Rebound"],"picked":"Leap","floor":29},{"not_picked":["Rebound","BasicCrystalCard"],"picked":"Streamline","floor":30},{"not_picked":["Hyperbeam","Reboot"],"picked":"Electrodynamics","floor":33},{"not_picked":["Double Energy","Redo+1"],"picked":"Glacier+1","floor":35},{"not_picked":["Go for the Eyes","Compile Driver"],"picked":"Cold Snap+1","floor":36},{"not_picked":["FIFO Queue","Go for the Eyes+1"],"picked":"Beam Cell+1","floor":38},{"not_picked":["Streamline","Barrage"],"picked":"Stack","floor":40},{"not_picked":["Lockon","Genetic Algorithm"],"picked":"Chaos+1","floor":41},{"not_picked":["Biased Cognition+1","Fusion"],"picked":"Coolheaded+1","floor":44},{"not_picked":["champ:PreciseThrust+1","Guardian:ChargeCore+1"],"picked":"WaveOfTheHand+1","floor":46},{"not_picked":["Outmaneuver","Slimebound:RollThrough"],"picked":"Turbo","floor":47},{"not_picked":["PathToVictory+1","Body Slam","champ:GladiatorsShout+1"],"picked":"SKIP","floor":48},{"not_picked":["sneckomod:SoulDraw+1","champ:AdrenalArmor"],"picked":"hexamod:Incineration+1","floor":54}],"player_experience":460390,"relics_obtained":[{"floor":8,"key":"Guardian:PocketSentry"},{"floor":9,"key":"Regal Pillow"},{"floor":12,"key":"Unceasing Top"},{"floor":24,"key":"Counterbalance"},{"floor":26,"key":"Bronze Scales"},{"floor":30,"key":"Replay:Ringing Soul"},{"floor":40,"key":"Centennial Puzzle"},{"floor":41,"key":"Frozen Egg 2"},{"floor":46,"key":"Bag of Marbles"},{"floor":54,"key":"Letter Opener"}],"event_choices":[{"cards_removed":["Defend_B"],"damage_healed":0,"gold_gain":0,"player_choice":"Offered Basic","damage_taken":0,"max_hp_gain":0,"max_hp_loss":0,"event_name":"Bonfire Elementals","floor":2,"gold_loss":0},{"damage_healed":0,"gold_gain":0,"player_choice":"Bought 1 Potion","damage_taken":0,"max_hp_gain":0,"max_hp_loss":0,"event_name":"The Woman in Blue","floor":10,"gold_loss":0},{"damage_healed":0,"gold_gain":0,"player_choice":"Shed Blood","damage_taken":20,"max_hp_gain":5,"max_hp_loss":0,"event_name":"Forgotten Altar","floor":31,"gold_loss":0},{"damage_healed":0,"gold_gain":0,"player_choice":"Ignored","damage_taken":0,"max_hp_gain":0,"max_hp_loss":0,"event_name":"Tomb of Lord Red Mask","floor":37,"gold_loss":0},{"cards_removed":["Scrape"],"damage_healed":0,"gold_gain":0,"player_choice":"Removed Attack","damage_taken":0,"max_hp_gain":0,"max_hp_loss":0,"event_name":"Falling","floor":39,"gold_loss":0}],"is_beta":false,"boss_relics":[{"not_picked":["Snecko Eye","Fusion Hammer"],"picked":"Astrolabe"},{"not_picked":["Cursed Key","Replay:Grab Bag"],"picked":"Inserter"}],"items_purged_floors":[45],"is_endless":false,"potions_floor_spawned":[1,4,8,12,16,18,21,25,28,30,35,44,46,48],"killed_by":"The Heart","ascension_level":1}}