{"host":"a7kkotolxcg5vljr","time":1608323469,"event":{"mods":["2.2 Compatiblity","AchievementEnabler","Act Like it!","BaseMod","Better Altar","Better Skull","Better Third Choice","Colored Map","Colored Powertips","Downfall","Hermit","Highlight Path","Marisa????????","Minty Spire (QoL Compilation)","Quick Restart","Rare Cards Sparkle","Replay The Spire","Spicy Shops","StSLib","The Cursed","The Disciple","The Servant 0.9.4"],"gold_per_floor":[114,128,128,100,115,140,157,157,183,183,217,228,228,248,248,348,348,358,358,358,377,337,337,366,366,366,366,385,397,32,32,32,129,129,149,164,164,164,164],"floor_reached":38,"playtime":1823,"items_purged":[],"score":552,"play_id":"22f1e46a-2165-4236-9c95-5a216cfe96be","local_time":"20201218153109","is_ascension_mode":false,"campfire_choices":[{"floor":8,"key":"REST"},{"floor":13,"key":"RECALL"},{"floor":15,"key":"REST"},{"data":"Pot Of Greed","floor":23,"key":"SMITH"},{"floor":25,"key":"REST"},{"data":"Pot Of Greed","floor":27,"key":"SMITH"},{"data":"Discovery","floor":32,"key":"SMITH"}],"circlet_count":0,"master_deck":["Strike_P","Strike_P","Strike_P","Defend_P","Defend_P","Defend_P","Eruption","Vigilance","FlurryOfBlows","DeceiveReality","ForeignInfluence","Steam","EmptyBody","Brilliance","SandsOfTime","Pot Of Greed+1","Pot Of Greed+1","Halt","Judgement","Replay:ManipulateFuture","Brilliance","ReachHeaven","EmptyBody","FollowUp+1","BattleHymn","Replay:ManipulateFuture","Pot Of Greed","Discovery+1","DevaForm","EmptyBody","JustLucky"],"relics":["Runic Pyramid","betterThird:SlimedRelic","Orichalcum","Grinning Jar","The Courier","Pen Nib","Odd Mushroom","Snecko Heart","Simple Rune","Lantern","Replay:Rubber Ducky","Cauldron","Sozu","Gremlin Food","Centennial Puzzle","Happy Flower","Replay:Wax Seal"],"acts_visited":["Exordium","TheCity","TheBeyond"],"potions_floor_usage":[6,11,12,18,18,21,24,24,28,29,33,33,33,35],"damage_taken":[{"damage":0,"enemies":"Cultist","floor":1,"turns":3},{"damage":15,"enemies":"Jaw Worm","floor":2,"turns":3},{"damage":2,"enemies":"Small Slimes","floor":5,"turns":2},{"damage":16,"enemies":"Gremlin Nob","floor":6,"turns":5},{"damage":6,"enemies":"Blue Slaver","floor":7,"turns":3},{"damage":9,"enemies":"3 Sentries","floor":11,"turns":5},{"damage":3,"enemies":"Large Slime","floor":12,"turns":5},{"damage":0,"enemies":"The Mushroom Lair","floor":14,"turns":3},{"damage":20,"enemies":"Fading Forest","floor":16,"turns":11},{"damage":8,"enemies":"2 Thieves","floor":18,"turns":3},{"damage":0,"enemies":"3 Byrds","floor":21,"turns":4},{"damage":28,"enemies":"Book of Stabbing","floor":24,"turns":5},{"damage":4,"enemies":"Centurion and Healer","floor":28,"turns":4},{"damage":5,"enemies":"3 Cultists","floor":29,"turns":3},{"damage":22,"enemies":"Pondfish","floor":33,"turns":14},{"damage":3,"enemies":"3 Darklings","floor":35,"turns":3},{"damage":1,"enemies":"Orb Walker","floor":36,"turns":4}],"seed_played":"9047403847855788029","potions_obtained":[{"floor":1,"key":"SpeedPotion"},{"floor":6,"key":"champ:CounterPotion"},{"floor":11,"key":"SteroidPotion"},{"floor":12,"key":"Flashbang"},{"floor":16,"key":"sneckomod:MuddlingPotion"},{"floor":18,"key":"Venom Potion"},{"floor":22,"key":"Adrenaline Potion"},{"floor":22,"key":"Dexterity Potion"},{"floor":22,"key":"Explosive Potion"},{"floor":24,"key":"Venom Potion"},{"floor":29,"key":"Fruit Juice"},{"floor":30,"key":"DistilledChaos"},{"floor":30,"key":"sneckomod:MuddlingPotion"},{"floor":33,"key":"BlessingOfTheForge"}],"is_trial":false,"path_per_floor":["M","M","?","?","M","E","M","R","T","T","E","M","R","?","R","B",null,"M","?","?","M","?","R","E","R","T","R","M","M","$","?","R","B",null,"M","M","?","?"],"character_chosen":"WATCHER","items_purchased":["Lantern","Replay:Rubber Ducky","Discovery","Cauldron"],"campfire_rested":3,"item_purchase_floors":[30,30,30,30],"current_hp_per_floor":[72,57,57,46,44,28,22,43,43,43,34,31,31,31,52,52,72,64,64,64,64,64,64,36,57,57,57,53,53,53,53,53,31,77,74,73,73,0,0],"gold":164,"neow_bonus":"BOSS_RELIC","is_daily":false,"chose_seed":false,"campfire_upgraded":3,"win_rate":0.0,"timestamp":1608323469,"path_taken":["M","?","?","?","M","E","M","R","T","?","E","M","R","?","R","BOSS","M","?","?","M","?","R","E","R","T","R","?","M","?","?","R","BOSS","M","?","?","?"],"items_purchased_type":["Relic","Relic","Card","Relic"],"build_version":"2020-12-13","purchased_purges":0,"victory":false,"max_hp_per_floor":[72,72,72,72,72,72,72,72,72,72,72,72,72,72,72,72,72,72,72,72,72,72,72,72,72,72,72,72,77,77,77,77,77,77,77,77,77,77,77],"card_choices":[{"not_picked":["Collect","Nirvana"],"picked":"FlurryOfBlows","floor":1},{"not_picked":["FollowUp","BowlingBash"],"picked":"DeceiveReality","floor":2},{"not_picked":["PathToVictory","Meditate"],"picked":"EmptyBody","floor":5},{"not_picked":["WheelKick","FlyingSleeves"],"picked":"Brilliance","floor":6},{"not_picked":["BattleHymn","Replay:ManipulateFuture"],"picked":"SandsOfTime","floor":7},{"not_picked":["Replay:BluntJabs","Meditate"],"picked":"Halt","floor":11},{"not_picked":["Evaluate","DeceiveReality"],"picked":"Judgement","floor":12},{"not_picked":["Crescendo","JustLucky"],"picked":"Replay:ManipulateFuture","floor":14},{"not_picked":["Blasphemy","Ragnarok"],"picked":"Brilliance","floor":16},{"not_picked":["Evaluate","Consecrate"],"picked":"ReachHeaven","floor":18},{"not_picked":["FlyingSleeves+1","ThirdEye"],"picked":"EmptyBody","floor":21},{"not_picked":["ForeignInfluence","Replay:BluntJabs+1"],"picked":"FollowUp+1","floor":24},{"not_picked":["JustLucky","CutThroughFate"],"picked":"BattleHymn","floor":28},{"not_picked":["JustLucky","Replay:Cycle"],"picked":"Replay:ManipulateFuture","floor":29},{"not_picked":["Replay:LoomingThreat","Brilliance"],"picked":"DevaForm","floor":33},{"not_picked":["BowlingBash","Wallop"],"picked":"EmptyBody","floor":35},{"not_picked":["ThirdEye+1","BattleHymn"],"picked":"JustLucky","floor":36}],"player_experience":373059,"relics_obtained":[{"floor":6,"key":"Orichalcum"},{"floor":9,"key":"Grinning Jar"},{"floor":10,"key":"The Courier"},{"floor":11,"key":"Pen Nib"},{"floor":14,"key":"Odd Mushroom"},{"floor":24,"key":"Simple Rune"}],"event_choices":[{"damage_healed":0,"gold_gain":0,"player_choice":"Slimed","damage_taken":11,"max_hp_gain":0,"max_hp_loss":0,"event_name":"betterThird:BetterGoop","floor":4,"gold_loss":28},{"damage_healed":0,"gold_gain":0,"player_choice":"Fought Mushrooms","damage_taken":0,"max_hp_gain":0,"max_hp_loss":0,"event_name":"Mushrooms","floor":14,"gold_loss":0},{"damage_healed":0,"gold_gain":0,"player_choice":"Ignored","damage_taken":0,"max_hp_gain":0,"max_hp_loss":0,"event_name":"Ghosts","floor":19,"gold_loss":0},{"damage_healed":0,"gold_gain":0,"player_choice":"Bought 3 Potions","damage_taken":0,"max_hp_gain":0,"max_hp_loss":0,"event_name":"The Woman in Blue","floor":22,"gold_loss":0},{"damage_healed":0,"gold_gain":0,"player_choice":"Got Potions","damage_taken":0,"max_hp_gain":0,"max_hp_loss":0,"event_name":"Lab","floor":31,"gold_loss":0},{"damage_healed":0,"gold_gain":0,"player_choice":"Random: Green","damage_taken":0,"max_hp_gain":0,"max_hp_loss":0,"event_name":"betterThird:BetterPortal","floor":38,"gold_loss":0}],"is_beta":false,"boss_relics":[{"not_picked":["Tiny House","Runic Dome"],"picked":"Snecko Heart"},{"not_picked":["Philosopher\u0027s Stone","ChewingGum"],"picked":"Sozu"}],"items_purged_floors":[],"is_endless":false,"potions_floor_spawned":[1,6,11,12,16,18,24,29,33,36],"ascension_level":0}}