{"host":"baymyijz6sxaqj5s","time":1608295435,"event":{"mods":["AchievementEnabler","BaseMod","KOR Keyword Fix","Keyboard Shortcuts","Minty Spire (QoL Compilation)","StSLib"],"gold_per_floor":[111,111,131,131,149,176,195,195,218,218,234,86,106,106,106,207,207,227,243,143,143,143],"floor_reached":21,"playtime":776,"items_purged":["Strike_R","Strike_R"],"score":179,"play_id":"14fa87f3-be55-45ac-961c-317b0a50d2b5","local_time":"20201218214355","is_ascension_mode":false,"campfire_choices":[{"floor":8,"key":"REST"},{"floor":10,"key":"REST"},{"data":"Flame Barrier","floor":15,"key":"SMITH"}],"circlet_count":0,"master_deck":["Strike_R","Strike_R","Strike_R","Defend_R","Defend_R","Defend_R","Defend_R","Bash","Body Slam","Flex","Cleave","Thunderclap","Anger","Iron Wave","Flame Barrier+1","Twin Strike","Barricade","Armaments"],"relics":["Burning Blood","Toy Ornithopter","PreservedInsect","Odd Mushroom","Runic Cube"],"acts_visited":["Exordium","TheCity"],"potions_floor_usage":[6,6,13,16,16,18],"damage_taken":[{"damage":5,"enemies":"Cultist","floor":1,"turns":4},{"damage":5,"enemies":"Small Slimes","floor":3,"turns":4},{"damage":10,"enemies":"Jaw Worm","floor":5,"turns":4},{"damage":53,"enemies":"Lagavulin","floor":6,"turns":9},{"damage":17,"enemies":"Looter","floor":7,"turns":4},{"damage":12,"enemies":"2 Fungi Beasts","floor":11,"turns":4},{"damage":0,"enemies":"The Mushroom Lair","floor":13,"turns":2},{"damage":91,"enemies":"Slime Boss","floor":16,"turns":15},{"damage":34,"enemies":"Spheric Guardian","floor":18,"turns":6},{"damage":59,"enemies":"Shell Parasite","floor":19,"turns":8},{"damage":16,"enemies":"Snecko","floor":21,"turns":4}],"seed_played":"909766256473193659","potions_obtained":[{"floor":4,"key":"Strength Potion"},{"floor":4,"key":"DuplicationPotion"},{"floor":4,"key":"Swift Potion"},{"floor":6,"key":"Explosive Potion"},{"floor":7,"key":"ElixirPotion"},{"floor":16,"key":"SteroidPotion"},{"floor":18,"key":"Swift Potion"}],"is_trial":false,"path_per_floor":["M","?","M","?","M","E","M","R","T","R","M","$","?","?","R","B",null,"M","M","$","M"],"character_chosen":"IRONCLAD","items_purchased":["Flame Barrier"],"campfire_rested":2,"item_purchase_floors":[12],"current_hp_per_floor":[88,88,88,88,84,37,26,52,52,78,72,72,83,83,83,8,88,65,12,12,0,0],"gold":143,"neow_bonus":"TEN_PERCENT_HP_BONUS","is_daily":false,"chose_seed":false,"campfire_upgraded":1,"win_rate":0.0,"timestamp":1608295435,"path_taken":["M","?","M","?","?","E","M","R","T","R","M","$","?","?","R","BOSS","M","M","$","M"],"items_purchased_type":["Card"],"build_version":"2020-12-13","purchased_purges":2,"victory":false,"max_hp_per_floor":[88,88,88,88,88,88,88,88,88,88,88,88,88,88,88,88,88,88,88,88,88,88],"card_choices":[{"not_picked":["Warcry","Flex"],"picked":"Body Slam","floor":1},{"not_picked":["Pommel Strike","Armaments"],"picked":"Flex","floor":3},{"not_picked":["Sword Boomerang","Fiend Fire"],"picked":"Cleave","floor":5},{"not_picked":["Anger","Carnage"],"picked":"Thunderclap","floor":6},{"not_picked":["Searing Blow","Wild Strike"],"picked":"Anger","floor":7},{"not_picked":["Body Slam","Warcry"],"picked":"Iron Wave","floor":11},{"not_picked":["Warcry","Anger"],"picked":"Twin Strike","floor":13},{"not_picked":["Juggernaut","Immolate"],"picked":"Barricade","floor":16},{"not_picked":["Second Wind","Iron Wave","Hemokinesis"],"picked":"SKIP","floor":18},{"not_picked":["Pommel Strike","Clothesline"],"picked":"Armaments","floor":19}],"player_experience":136468,"relics_obtained":[{"floor":6,"key":"Toy Ornithopter"},{"floor":9,"key":"PreservedInsect"},{"floor":13,"key":"Odd Mushroom"}],"event_choices":[{"damage_healed":0,"gold_gain":0,"player_choice":"Ignored","damage_taken":0,"max_hp_gain":0,"max_hp_loss":0,"event_name":"Liars Game","floor":2,"gold_loss":0},{"damage_healed":0,"gold_gain":0,"player_choice":"Got Potions","damage_taken":0,"max_hp_gain":0,"max_hp_loss":0,"event_name":"Lab","floor":4,"gold_loss":0},{"damage_healed":0,"gold_gain":0,"player_choice":"Fought Mushrooms","damage_taken":0,"max_hp_gain":0,"max_hp_loss":0,"event_name":"Mushrooms","floor":13,"gold_loss":0},{"damage_healed":0,"gold_gain":0,"player_choice":"Ignored","damage_taken":0,"max_hp_gain":0,"max_hp_loss":0,"event_name":"Golden Idol","floor":14,"gold_loss":0}],"is_beta":false,"boss_relics":[{"not_picked":["Black Star","Mark of Pain"],"picked":"Runic Cube"}],"items_purged_floors":[12,20],"is_endless":false,"potions_floor_spawned":[5,6,7,16,18],"killed_by":"Snecko","ascension_level":0}}