{"host":"njruw0b0uprlitpx","time":1608274470,"event":{"mods":["2.2 Compatiblity","BaseMod","Better Altar","Better Note","Better Sensory Stone","Better Skull","Better Third Choice","BetterRewards","Block Reminder","Colored Map","Colored Powertips","Jedi Mod","Keyboard Shortcuts","Magitek Elite","Minty Spire (QoL Compilation)","Quick Restart","Relic Stats","Replay The Spire","SacredBarkPlus","Spicy Shops","StSLib","SuperFastMode","Wandering Minibosses"],"gold_per_floor":[154,195,0,0,0,0,0,0,0,0,0,0,0,0,0,0,0,27,113,113,191,191,191,257,345,370,370,420,420,420,503,503,624,624,671,733,798,48,48,149,287,287,287,29,67,125,125,205,205,260],"floor_reached":51,"playtime":4057,"items_purged":["Strike_L","Defend_L"],"score":1288,"play_id":"198b2538-6a28-4bc1-960a-fab8a3c368bf","local_time":"20201218005430","is_ascension_mode":true,"campfire_choices":[{"data":"Bravery","floor":6.0,"key":"SMITH"},{"data":"Enlightenment","floor":8.0,"key":"SMITH"},{"data":"Shell","floor":10.0,"key":"SMITH"},{"data":"Fake_Moustache","floor":15.0,"key":"SMITH"},{"data":"Might","floor":23,"key":"SMITH"},{"data":"Faith","floor":27,"key":"SMITH"},{"floor":29,"key":"REST"},{"data":"Thunder_P","floor":32,"key":"SMITH"},{"data":"Blizzard_P","floor":42,"key":"SMITH"},{"floor":47,"key":"REST"},{"data":"Aero","floor":49,"key":"SMITH"}],"circlet_count":0,"master_deck":["Strike_L","Strike_L","Strike_L","Defend_L","Defend_L","Defend_L","Fire2","Cure","Icebrand","Bravery+1","Blizzard_P","Water","Icebrand","Shell+1","Crystal_Sword","Enlightenment+1","Dispel","Aero","Minerva_Bustier","Fake_Moustache+1","Thousand_Needles","Cursed_Shield+1","Thunder_P+2","Might+1","Poisona+1","Faith+1","Rasp","Drain","Enhancer+1","ReplayTheSpireMod:Splinters","Wall+1","Force_Armor","Flametongue","Slow","Transfusion","Thousand_Needles","Water"],"relics":["Pendant","CaptainsWheel","ReplayTheSpireMod:Ninjato","Oddly Smooth Stone","Replay:Bandana","Chemical X","jedi:ominousloannote","jedi:Pinwheel","Mirror","Art of War","Ginger","Replay:Bottled Flurry","ReplayTheSpireMod:DimensionalGlitch","Gem_Box","jedi:shrinkray","PreservedInsect","FaceOfCleric","Philosopher\u0027s Stone","jedi:fakemustache","Snack Pack","Eternal Feather","Garlic","Calipers","Replay:Baseball","Mythril_Glove"],"acts_visited":["Exordium","TheCity","TheBeyond"],"potions_floor_usage":[25,33,41,41,41,41,46,50],"damage_taken":[{"damage":0.0,"enemies":"Jaw Worm","floor":1.0,"turns":3.0},{"damage":6.0,"enemies":"Small Slimes","floor":2.0,"turns":5.0},{"damage":0.0,"enemies":"Replay:BlueRogue","floor":7.0,"turns":4.0},{"damage":11.0,"enemies":"Lagavulin Event","floor":11.0,"turns":5.0},{"damage":0.0,"enemies":"Lagavulin","floor":12.0,"turns":6.0},{"damage":0.0,"enemies":"Cultist","floor":13.0,"turns":3.0},{"damage":0.0,"enemies":"Blue Slaver","floor":14.0,"turns":4.0},{"damage":11.0,"enemies":"The Guardian","floor":16.0,"turns":9.0},{"damage":1.0,"enemies":"Spheric Guardian","floor":18.0,"turns":5.0},{"damage":0.0,"enemies":"Chosen","floor":19.0,"turns":5.0},{"damage":17,"enemies":"Centurion and Healer","floor":21,"turns":6},{"damage":7,"enemies":"Chosen and Byrds","floor":24,"turns":5},{"damage":15,"enemies":"Slavers","floor":25,"turns":2},{"damage":12,"enemies":"Snake Plant","floor":28,"turns":3},{"damage":3,"enemies":"Centurion and Healer","floor":31,"turns":5},{"damage":28,"enemies":"Automaton","floor":33,"turns":8},{"damage":36,"enemies":"3 Shapes","floor":35,"turns":6},{"damage":0,"enemies":"Orb Walker","floor":37,"turns":3},{"damage":0,"enemies":"Reptomancer","floor":40,"turns":5},{"damage":7,"enemies":"2 Orb Walkers","floor":41,"turns":3},{"damage":15,"enemies":"Spire Growth","floor":45,"turns":4},{"damage":50,"enemies":"4 Shapes","floor":46,"turns":5},{"damage":0,"enemies":"Sphere and 2 Shapes","floor":48,"turns":4},{"damage":17,"enemies":"Awakened One","floor":50,"turns":8}],"seed_played":"1045723669708015998","potions_obtained":[{"floor":7.0,"key":"SkillPotion"},{"floor":13.0,"key":"Flashbang"},{"floor":18.0,"key":"Dexterity Potion"},{"floor":24,"key":"PowerPotion"},{"floor":25,"key":"Toxic Potion"},{"floor":33,"key":"Block Potion"},{"floor":36,"key":"EntropicBrew"},{"floor":45,"key":"Block Potion"},{"floor":48,"key":"FearPotion"}],"is_trial":false,"path_per_floor":["M","M","$","?","?","R","E","R","T","R","?","E","M","M","R","B",null,"M","M","?","M","?","R","M","E","T","R","M","R","?","M","R","B",null,"M","?","M","$","?","E","?","R","T","$","M","M","R","M","R","B",null],"character_chosen":"MAGITEKELITE","items_purchased":["Icebrand","ReplayTheSpireMod:Ninjato","Oddly Smooth Stone","Bravery","Blizzard_P","Replay:Bandana","Chemical X","jedi:ominousloannote","jedi:Pinwheel","Shell","Crystal_Sword","jedi:fakemustache","Snack Pack","Eternal Feather","Slow","Transfusion","Mythril_Glove"],"campfire_rested":2,"item_purchase_floors":[0,0,0,0,0,0,0,3,3,3,3,38,38,38,44,44,44],"current_hp_per_floor":[63,63,63,52,58,58,64,64,64,64,59,65,65,69,69,64,68,68,69,52,41,41,41,40,31,31,31,25,40,40,44,44,17,45,19,19,20,45,45,49,46,58,58,58,59,11,50,52,61,60],"gold":260,"neow_bonus":"","is_daily":false,"chose_seed":false,"campfire_upgraded":9,"win_rate":0.0,"timestamp":1608274470,"path_taken":["M","M","$","?","?","R","E","R","T","R","?","E","?","M","R","BOSS","M","?","?","?","?","R","?","E","T","R","M","R","?","?","R","BOSS","M","?","M","$","?","E","?","R","T","$","?","M","R","?","R","BOSS"],"items_purchased_type":["Card","Relic","Relic","Card","Card","Relic","Relic","Relic","Relic","Card","Card","Relic","Relic","Relic","Card","Card","Relic"],"build_version":"2020-12-13","purchased_purges":2,"victory":true,"max_hp_per_floor":[63,63,63,63,69,69,69,69,69,69,69,69,69,69,69,69,69,69,69,52,52,52,52,52,52,52,52,52,52,52,53,53,54,54,55,55,56,56,56,57,58,58,58,58,59,60,60,61,61,62],"relic_stats":{"FaceOfCleric":27,"counters":[89,422],"Eternal Feather":42,"PreservedInsect":59,"Art of War":[11],"Chemical X":[58],"Ginger":[5],"obtain_stats":[{"Calipers":41,"Gremlin Horn":11,"sagemod:Falmels_Amulet":17,"CeramicFish":25,"Vajra":0,"Ginger":11,"jedi:shrinkray":0,"Sozu":17,"FaceOfCleric":30,"Sundial":26,"DollysMirror":42,"Strawberry":39,"Philosopher\u0027s Stone":17,"MealTicket":24,"Replay:Bottled Flurry":43,"aspiration:Nostalgia":27,"Replay:Grab Bag":17,"Blue Candle":40,"Oddly Smooth Stone":0,"Eternal Feather":8,"Pen Nib":14,"Letter Opener":9,"sagemod:Flying_Carpet":27,"Akabeko":29,"Bottled Flame":48,"Replay:Baseball":43,"ReplayTheSpireMod:Shallot":29,"energizedSpire:NeverEndingSparkler":34,"Snecko Eye":17,"Mirror":7,"ReplayTheSpireMod:DimensionalGlitch":17,"Regal Pillow":9,"Replay:PocketPolymizer":11,"StoneCalendar":27,"Incense Burner":0,"Bag of Preparation":0,"jedi:command_boss":20,"Mythril_Glove":44,"Replay:Mystery Machine":9,"jedi:Pinwheel":3,"Smiling Mask":24,"Dream Catcher":43,"Replay:Bandana":0,"aspiration:AnachronicSnailShell":0,"Chemical X":0,"Runic Pyramid":17,"BargainBundle":0,"ReplayTheSpireMod:Ninjato":0,"Replay:Towering Pillar of Hats":0,"Guide Book":30,"energizedSpire:EnergizedDie":17,"jedi:purplefairy":0,"PreservedInsect":26,"Frozen Egg 2":7,"White Beast Statue":6,"Peace Pipe":3,"jedi:fakemustache":38,"CaptainsWheel":36,"Anchor":30,"Pendant":0,"jedi:ominousloannote":0,"ChewingGum":34,"Garlic":26,"Art of War":9,"Snack Pack":38,"Gem_Box":34,"ReplayTheSpireMod:Lightbulb":46,"jedi:arcanewood":0,"FossilizedHelix":0,"Toy Ornithopter":11},{"Calipers":85,"Gremlin Horn":46,"sagemod:Falmels_Amulet":7,"CeramicFish":12,"Vajra":23,"Ginger":68,"jedi:shrinkray":23,"Sozu":30,"FaceOfCleric":79,"Sundial":52,"DollysMirror":61,"Strawberry":59,"Philosopher\u0027s Stone":49,"MealTicket":52,"Replay:Bottled Flurry":20,"aspiration:Nostalgia":35,"Replay:Grab Bag":30,"Blue Candle":60,"Oddly Smooth Stone":65,"Eternal Feather":27,"Pen Nib":29,"Letter Opener":27,"sagemod:Flying_Carpet":35,"Akabeko":14,"Bottled Flame":64,"Replay:Baseball":85,"ReplayTheSpireMod:Shallot":54,"energizedSpire:NeverEndingSparkler":38,"Snecko Eye":30,"Mirror":68,"ReplayTheSpireMod:DimensionalGlitch":73,"Regal Pillow":2,"Replay:PocketPolymizer":4,"StoneCalendar":53,"Incense Burner":0,"Bag of Preparation":23,"jedi:command_boss":75,"Mythril_Glove":85,"Replay:Mystery Machine":45,"jedi:Pinwheel":67,"Smiling Mask":34,"Dream Catcher":61,"Replay:Bandana":65,"aspiration:AnachronicSnailShell":41,"Chemical X":65,"Runic Pyramid":30,"BargainBundle":41,"ReplayTheSpireMod:Ninjato":65,"Replay:Towering Pillar of Hats":23,"Guide Book":14,"energizedSpire:EnergizedDie":30,"jedi:purplefairy":41,"PreservedInsect":34,"Frozen Egg 2":26,"White Beast Statue":2,"Peace Pipe":1,"jedi:fakemustache":83,"CaptainsWheel":18,"Anchor":37,"Pendant":0,"jedi:ominousloannote":23,"ChewingGum":56,"Garlic":12,"Art of War":68,"Snack Pack":83,"Gem_Box":16,"ReplayTheSpireMod:Lightbulb":21,"jedi:arcanewood":41,"FossilizedHelix":23,"Toy Ornithopter":28},{"Calipers":401,"Gremlin Horn":208,"sagemod:Falmels_Amulet":26,"CeramicFish":48,"Vajra":110,"Ginger":318,"jedi:shrinkray":110,"Sozu":149,"FaceOfCleric":371,"Sundial":235,"DollysMirror":283,"Strawberry":271,"Philosopher\u0027s Stone":225,"MealTicket":235,"Replay:Bottled Flurry":93,"aspiration:Nostalgia":163,"Replay:Grab Bag":149,"Blue Candle":278,"Oddly Smooth Stone":306,"Eternal Feather":129,"Pen Nib":141,"Letter Opener":129,"sagemod:Flying_Carpet":163,"Akabeko":57,"Bottled Flame":299,"Replay:Baseball":401,"ReplayTheSpireMod:Shallot":245,"energizedSpire:NeverEndingSparkler":176,"Snecko Eye":149,"Mirror":318,"ReplayTheSpireMod:DimensionalGlitch":345,"Regal Pillow":9,"Replay:PocketPolymizer":17,"StoneCalendar":240,"Incense Burner":0,"Bag of Preparation":110,"jedi:command_boss":355,"Mythril_Glove":401,"Replay:Mystery Machine":198,"jedi:Pinwheel":314,"Smiling Mask":161,"Dream Catcher":283,"Replay:Bandana":306,"aspiration:AnachronicSnailShell":185,"Chemical X":306,"Runic Pyramid":149,"BargainBundle":185,"ReplayTheSpireMod:Ninjato":306,"Replay:Towering Pillar of Hats":110,"Guide Book":57,"energizedSpire:EnergizedDie":149,"jedi:purplefairy":185,"PreservedInsect":161,"Frozen Egg 2":122,"White Beast Statue":9,"Peace Pipe":2,"jedi:fakemustache":393,"CaptainsWheel":79,"Anchor":169,"Pendant":0,"jedi:ominousloannote":110,"ChewingGum":259,"Garlic":48,"Art of War":318,"Snack Pack":393,"Gem_Box":69,"ReplayTheSpireMod:Lightbulb":98,"jedi:arcanewood":185,"FossilizedHelix":110,"Toy Ornithopter":133}]},"card_choices":[{"not_picked":["Barrier","Gladius"],"picked":"Water","floor":1.0},{"not_picked":["Holy","Dark"],"picked":"Icebrand","floor":2.0},{"not_picked":["Circlet","Bravery"],"picked":"Dispel","floor":7.0},{"not_picked":["Holy","Bravery"],"picked":"Aero","floor":11.0},{"not_picked":["Blizzard_P","Water"],"picked":"Minerva_Bustier","floor":12.0},{"not_picked":["Crystal_Sword","Transpose2","Bravery"],"picked":"SKIP","floor":13.0},{"not_picked":["Protect_M","Gaia_Gear"],"picked":"Fake_Moustache","floor":14.0},{"not_picked":["Gravity","Remember"],"picked":"Thousand_Needles","floor":16.0},{"not_picked":["Magnus_Hat","Quake"],"picked":"Cursed_Shield+1","floor":18.0},{"not_picked":["Mythril_Knife","Flametongue"],"picked":"Thunder_P","floor":19.0},{"not_picked":["Break","Mythril_Knife"],"picked":"Might","floor":21},{"not_picked":["Break","Shell"],"picked":"Poisona+1","floor":24},{"not_picked":["Falchion","Reflect"],"picked":"Faith","floor":25},{"not_picked":["Bravery+1","Astra+1","Dispel+1"],"picked":"SKIP","floor":28},{"not_picked":["Transpose_P+1","Circlet"],"picked":"Rasp","floor":31},{"not_picked":["Quick","Lightbringer"],"picked":"Drain","floor":33},{"not_picked":["Rasp+1","Holy"],"picked":"Enhancer+1","floor":35},{"not_picked":["Quake+1","Shell+1"],"picked":"Wall+1","floor":36},{"not_picked":["Aero","Man_Eater+1","Gladius+1"],"picked":"SKIP","floor":37},{"not_picked":["Crystal_Sword","Water"],"picked":"Force_Armor","floor":40},{"not_picked":["Man_Eater","Minerva_Bustier"],"picked":"Flametongue","floor":41},{"not_picked":["Vox","Heavy_Shield+1","Force_Armor"],"picked":"SKIP","floor":45},{"not_picked":["Poisona","Quake"],"picked":"Thousand_Needles","floor":46},{"not_picked":["Holy","Vox+1"],"picked":"Water","floor":48}],"player_experience":1017625,"relics_obtained":[{"floor":7.0,"key":"Mirror"},{"floor":9.0,"key":"Art of War"},{"floor":12.0,"key":"Replay:Bottled Flurry"},{"floor":25,"key":"jedi:shrinkray"},{"floor":26,"key":"PreservedInsect"},{"floor":40,"key":"Garlic"},{"floor":41,"key":"Calipers"},{"floor":43,"key":"Replay:Baseball"}],"event_choices":[{"damage_healed":0.0,"max_hp_gain":0.0,"max_hp_loss":0.0,"gold_gain":75.0,"event_name":"betterThird:BetterGoop","player_choice":"Gold","floor":4.0,"gold_loss":0.0,"damage_taken":11.0},{"damage_healed":0.0,"max_hp_gain":0.0,"max_hp_loss":0.0,"gold_gain":0.0,"event_name":"betterThird:BetterSerpent","player_choice":"RENOUNCE","floor":5.0,"gold_loss":0.0,"damage_taken":0.0,"cards_obtained":["Enlightenment"]},{"damage_healed":0.0,"max_hp_gain":0.0,"max_hp_loss":0.0,"gold_gain":0.0,"event_name":"Dead Adventurer","player_choice":"Searched \u00272\u0027 times","floor":11.0,"gold_loss":0.0,"damage_taken":0.0,"relics_obtained":["Ginger"]},{"cards_removed":["Bravery"],"damage_healed":0,"gold_gain":0,"player_choice":"Give","damage_taken":0,"max_hp_gain":0,"max_hp_loss":0,"event_name":"betterNote:BetterNote","floor":22,"gold_loss":0,"cards_obtained":["None"]},{"damage_healed":0,"gold_gain":0,"player_choice":"Trade","damage_taken":0,"relics_obtained":["FaceOfCleric"],"max_hp_gain":0,"max_hp_loss":0,"event_name":"FaceTrader","floor":30,"gold_loss":0},{"cards_removed":["Defend_L"],"damage_healed":0,"gold_gain":0,"player_choice":"Removed Skill","damage_taken":0,"max_hp_gain":0,"max_hp_loss":0,"event_name":"Falling","floor":39,"gold_loss":0},{"damage_healed":0,"gold_gain":0,"player_choice":"Fight","damage_taken":0,"max_hp_gain":0,"max_hp_loss":0,"event_name":"Mysterious Sphere","floor":41,"gold_loss":0}],"is_beta":false,"boss_relics":[{"not_picked":["SacredBark","Astrolabe"],"picked":"ReplayTheSpireMod:DimensionalGlitch"},{"not_picked":["Snecko Eye","Snecko Heart"],"picked":"Philosopher\u0027s Stone"}],"items_purged_floors":[3,38],"is_endless":false,"potions_floor_spawned":[7,13,18,24,25,33,37,40,45,48],"ascension_level":5}}