{"host":"3a1ypf1irl30q4k8","time":1608317723,"event":{"mods":["AchievementEnabler","BaseMod","Bestiary","Colored Map","Minty Spire (QoL Compilation)","Relic Stats"],"gold_per_floor":[109,125,145,157,29,29,29,64,132,157,169,192,204,216,228,336,348,379,91,91,91,104,139,139,65,89,89,99,99,99,118,118,118,118],"floor_reached":33,"playtime":1461,"items_purged":["Strike_P","Parasite"],"score":339,"play_id":"9356ef53-4938-4c41-a9cb-b890873e7595","local_time":"20201218185523","is_ascension_mode":true,"campfire_choices":[{"floor":6,"key":"REST"},{"floor":11,"key":"REST"},{"data":"PathToVictory","floor":15,"key":"SMITH"},{"floor":24,"key":"REST"},{"floor":29,"key":"REST"},{"floor":32,"key":"REST"}],"circlet_count":0,"master_deck":["Defend_P","Defend_P","Defend_P","Defend_P","Eruption+1","Vigilance","PathToVictory","SignatureMove","Halt","PathToVictory","EmptyBody","PathToVictory+1","InnerPeace","PathToVictory","DevaForm","SpiritShield+1","EmptyFist+1","CrushJoints+1","WaveOfTheHand","ClearTheMind","PathToVictory+1","ThirdEye+1","Scrawl","Prostrate+1","Evaluate","FollowUp","Protect","Indignation+1"],"relics":["VioletLotus","MawBank","Astrolabe","Orrery","Nloth\u0027s Gift","Gambling Chip","Bag of Marbles","Ornamental Fan"],"acts_visited":["Exordium","TheCity"],"potions_floor_usage":[8,12,16,23,28,33],"damage_taken":[{"damage":5,"enemies":"Jaw Worm","floor":1,"turns":4},{"damage":10,"enemies":"Small Slimes","floor":2,"turns":4},{"damage":0,"enemies":"Cultist","floor":3,"turns":2},{"damage":25,"enemies":"Exordium Wildlife","floor":4,"turns":6},{"damage":33,"enemies":"Lagavulin","floor":8,"turns":5},{"damage":33,"enemies":"3 Sentries","floor":10,"turns":8},{"damage":6,"enemies":"Looter","floor":12,"turns":3},{"damage":11,"enemies":"Hexaghost","floor":16,"turns":5},{"damage":13,"enemies":"2 Thieves","floor":18,"turns":5},{"damage":14,"enemies":"Chosen","floor":22,"turns":5},{"damage":37,"enemies":"Slavers","floor":23,"turns":7},{"damage":11,"enemies":"Centurion and Healer","floor":28,"turns":5},{"damage":24,"enemies":"Snake Plant","floor":31,"turns":6},{"damage":51,"enemies":"Collector","floor":33,"turns":8}],"seed_played":"1510184192372535900","potions_obtained":[{"floor":1,"key":"LiquidBronze"},{"floor":10,"key":"ColorlessPotion"},{"floor":12,"key":"Weak Potion"},{"floor":22,"key":"EssenceOfSteel"},{"floor":23,"key":"Dexterity Potion"},{"floor":31,"key":"BlessingOfTheForge"}],"is_trial":false,"path_per_floor":["M","M","M","M","$","R","?","E","T","E","R","M","?","?","R","B",null,"M","$","?","$","M","E","R","$","T","T","M","R","?","M","R","B"],"character_chosen":"WATCHER","items_purchased":["EmptyBody","ClearTheMind","Orrery","Prostrate","FollowUp"],"campfire_rested":5,"item_purchase_floors":[5,19,19,25,25],"current_hp_per_floor":[67,57,57,32,32,53,71,38,38,5,26,20,20,44,44,33,72,59,59,59,59,45,8,28,28,28,28,17,37,37,13,33,0,0],"gold":118,"neow_bonus":"BOSS_RELIC","is_daily":false,"chose_seed":false,"campfire_upgraded":1,"win_rate":0.0,"timestamp":1608317723,"path_taken":["M","M","M","M","$","R","?","E","T","E","R","M","?","?","R","BOSS","M","$","?","?","M","E","R","$","T","?","M","R","?","?","R","BOSS"],"items_purchased_type":["Card","Card","Relic","Card","Card"],"build_version":"2020-12-13","purchased_purges":2,"victory":false,"max_hp_per_floor":[72,72,72,72,72,72,72,72,72,72,72,72,72,72,72,72,72,72,69,69,69,69,69,69,69,69,69,69,69,69,69,69,69,69],"relic_stats":{"counters":[14,73],"Ornamental Fan":[0],"Astrolabe":["SpiritShield","EmptyFist","CrushJoints"],"Gambling Chip":[10],"VioletLotus":[7],"Nloth\u0027s Gift":0,"MawBank":108,"obtain_stats":[{"Ornamental Fan":27,"Astrolabe":17,"Gambling Chip":23,"Orrery":19,"VioletLotus":0,"WingedGreaves":8,"Nloth\u0027s Gift":20,"Bag of Marbles":26,"PureWater":0,"MawBank":10},{"Ornamental Fan":11,"Astrolabe":8,"Gambling Chip":11,"Orrery":9,"VioletLotus":0,"WingedGreaves":5,"Nloth\u0027s Gift":9,"Bag of Marbles":11,"PureWater":0,"MawBank":6},{"Ornamental Fan":54,"Astrolabe":37,"Gambling Chip":54,"Orrery":42,"VioletLotus":0,"WingedGreaves":21,"Nloth\u0027s Gift":42,"Bag of Marbles":54,"PureWater":0,"MawBank":29}]},"card_choices":[{"not_picked":["Fasting2","JustLucky"],"picked":"PathToVictory","floor":1},{"not_picked":["Indignation","SashWhip"],"picked":"SignatureMove","floor":2},{"not_picked":["BowlingBash","FlyingSleeves"],"picked":"Halt","floor":3},{"not_picked":["FlyingSleeves","SandsOfTime"],"picked":"PathToVictory","floor":4},{"not_picked":["Adaptation","SandsOfTime"],"picked":"PathToVictory","floor":8},{"not_picked":["EmptyBody","Vengeance"],"picked":"InnerPeace","floor":10},{"not_picked":["SandsOfTime","EmptyBody"],"picked":"PathToVictory","floor":12},{"not_picked":["Alpha","Devotion"],"picked":"DevaForm","floor":16},{"not_picked":["FlurryOfBlows","JustLucky"],"picked":"WaveOfTheHand","floor":18},{"not_picked":["Nirvana","FlurryOfBlows"],"picked":"PathToVictory+1","floor":19},{"not_picked":["EmptyFist","Vengeance"],"picked":"ThirdEye+1","floor":19},{"not_picked":["Protect","Collect+1"],"picked":"Scrawl","floor":19},{"not_picked":["Crescendo","Collect"],"picked":"Prostrate+1","floor":19},{"not_picked":["ThirdEye","Consecrate"],"picked":"Evaluate","floor":22},{"not_picked":["ThirdEye","WaveOfTheHand","Ragnarok"],"picked":"SKIP","floor":23},{"not_picked":["Conclude","Pray+1"],"picked":"Protect","floor":28},{"not_picked":["Consecrate+1","FlurryOfBlows"],"picked":"Indignation+1","floor":31}],"player_experience":855696,"relics_obtained":[{"floor":8,"key":"WingedGreaves"},{"floor":10,"key":"MawBank"},{"floor":23,"key":"Gambling Chip"},{"floor":26,"key":"Bag of Marbles"},{"floor":27,"key":"Ornamental Fan"}],"event_choices":[{"damage_healed":18,"gold_gain":0,"player_choice":"Healed and dodged fight","damage_taken":0,"max_hp_gain":0,"max_hp_loss":0,"event_name":"Mushrooms","floor":7,"gold_loss":0,"cards_obtained":["Parasite"]},{"damage_healed":0,"gold_gain":0,"player_choice":"Grow","damage_taken":0,"max_hp_gain":0,"max_hp_loss":0,"event_name":"Living Wall","floor":13,"gold_loss":0,"cards_upgraded":["Eruption"]},{"damage_healed":24,"gold_gain":0,"player_choice":"Banana","damage_taken":0,"max_hp_gain":0,"max_hp_loss":0,"event_name":"Big Fish","floor":14,"gold_loss":0},{"damage_healed":0,"gold_gain":0,"player_choice":"Traded Relic","damage_taken":0,"relics_obtained":["Nloth\u0027s Gift"],"max_hp_gain":0,"max_hp_loss":0,"event_name":"N\u0027loth","floor":20,"relics_lost":["WingedGreaves"],"gold_loss":0},{"cards_removed":["Prostrate"],"damage_healed":0,"gold_gain":0,"player_choice":"Purged","damage_taken":0,"max_hp_gain":0,"max_hp_loss":0,"event_name":"Purifier","floor":30,"gold_loss":0}],"is_beta":false,"boss_relics":[{"not_picked":["SacredBark","Busted Crown"],"picked":"Astrolabe"}],"items_purged_floors":[5,19],"is_endless":false,"potions_floor_spawned":[1,10,12,22,23,31],"killed_by":"Collector","ascension_level":3}}