{"host":"cxlfijb3ipw68228","time":1608260804,"event":{"mods":["2.2 Compatiblity","AchievementEnabler","Aspiration","BaseMod","Better Altar","Better Match","Better Note","Better Sensory Stone","Better Skull","Better Third Choice","BetterRewards","CCEM","Colored Map","Conspire","Downfall","Halation","Highlight Path","Hubris","Minty Spire (QoL Compilation)","Permanent Neow","Shop Mod","Spicy Shops","StSLib","The Servant 0.9.4"],"gold_per_floor":[99,199,4059,4075,2812,2737,2737,2752,2677,2706,1440,1440,1453,1467,1479,1582,1582,1582,1592,1592,1592,1607,3954,4033,4064,4084,4009,4028,4028,4028,3437,3452,3551,3551,3551,3501,1761,1761,1796,1816,1889,1889,1916,1916,2016,2032,2032,2044,2061,2061,2061,2095,373,373,373],"floor_reached":56,"playtime":4482,"items_purged":["hexamod:Strike","hexamod:Strike","hexamod:Defend","hexamod:Defend","hexamod:Defend","hexamod:Strike","hexamod:Defend","conspire:SpireCoStock","hexamod:Strike"],"score":1160,"play_id":"4c21083f-6b16-4c6f-ae5c-4f847dd1876e","local_time":"20201217220644","is_ascension_mode":true,"campfire_choices":[{"floor":1.0,"key":"RECALL"},{"floor":6.0,"key":"REST"},{"data":"Apotheosis","floor":9.0,"key":"SMITH"},{"data":"hexamod:TimeOfNeed","floor":18.0,"key":"SMITH"},{"data":"hexamod:RetreatToShadows","floor":20,"key":"SMITH"},{"data":"RitualDagger","floor":35,"key":"SMITH"},{"data":"hexamod:EtherealExpedition","floor":38,"key":"SMITH"},{"data":"hexamod:SearingWound","floor":44,"key":"SMITH"},{"data":"hexamod:UnleashSpirits","floor":44,"key":"SMITH"},{"floor":54,"key":"REST"}],"circlet_count":0,"master_deck":["hexamod:Sear","hexamod:Float","hexamod:FastForward","hexamod:GhostShield","hexamod:Incineration","hexamod:SearingWound+1","hexamod:SpectersWail+1","hexamod:BurningTouch","expansioncontent:Flail+1","Apotheosis+1","hexamod:SoulSteal","hexamod:HauntingEcho","hexamod:TimeOfNeed+1","hexamod:AdvancingGuard","Metamorphosis+1","expansioncontent:DecasProtection+1","hexamod:NightmareGuise","expansioncontent:Corrupt+1","hexamod:InspiringFlames","hexamod:UnleashSpirits+1","hexamod:RetreatToShadows+1","hexamod:GhostOfSpirePast+1","hexamod:FirstSeal","Magnetism+1","hexamod:GhostOfSpireFuture+1","hexamod:EtherealExpedition+1","hexamod:EmpoweredFlame+1","hexamod:EmpoweringStance+1","RitualDagger+1","hexamod:PowerFromBeyond+1","hexamod:ParanormalForm+1","hexamod:AdvancingGuard","hexamod:StepThrough+1","hexamod:FirstSeal","hexamod:SpectersWail+1","hexamod:GhostLash+1","hexamod:RainOfEmbers+1","hexamod:PhantomFireball+1","Good Instincts","hexamod:Toasty"],"relics":["conspire:TreasureMap","Omamori","hubris:SlimyHat","Unceasing Top","CCEMRelics:DerglesHeadphones","Mercury Hourglass","PreservedInsect","halation:Thesaurus","halation:Diary","downfall:HeartBlessingRed","downfall:HeartBlessingBlue","CCEMRelics:FestiveHat","Strawberry","Bag of Marbles","aspiration:ChemicalBlood","Frozen Egg 2","Toolbox","hubris:Icosahedron","Bloody Idol","hubris:EmptyBottle","CCEMRelics:TechnogenicHelmet","Kunai","CCEMRelics:TinyMinotavrHorn","CCEMRelics:Francisca","CCEMRelics:WhiteRose","Bronze Scales","downfall:HeartBlessingGreen","halation:StarCompass","conspire:TopHat","Oddly Smooth Stone","Blood Vial","Boot","Lee\u0027s Waffle","hexamod:IceCube","halation:SelfBoilingWater","Blue Candle","halation:PenCase","halation:PrussianBluePaint","halation:Jellyphish","Sling","MerchantsRug","hexamod:SoulConsumer","hubris:MysteriousPyramids","Happy Flower","downfall:GremlinWheel","Ice Cream","Lantern","halation:WeightlessCrab","Medical Kit","hubris:64BitClover","hubris:AstralHammer"],"acts_visited":["Exordium","TheCity","TheBeyond","TheEnding"],"potions_floor_usage":[22,22,23,26,28,33,33,33,43,50,50,50,50,52,52,55,55,55,55,55,55,55,55],"damage_taken":[{"damage":8.0,"enemies":"downfall:FleeingMerchant","floor":3.0,"turns":4.0},{"damage":13.0,"enemies":"2 Louse","floor":4.0,"turns":3.0},{"damage":23.0,"enemies":"downfall:FleeingMerchant","floor":5.0,"turns":4.0},{"damage":6.0,"enemies":"conspire:RoseBush","floor":8.0,"turns":3.0},{"damage":22.0,"enemies":"3 Sentries","floor":10.0,"turns":5.0},{"damage":23.0,"enemies":"downfall:FleeingMerchant","floor":11.0,"turns":4.0},{"damage":11.0,"enemies":"Small Slimes","floor":13.0,"turns":3.0},{"damage":10.0,"enemies":"Blue Slaver","floor":14.0,"turns":2.0},{"damage":2.0,"enemies":"Gremlin Gang","floor":15.0,"turns":1.0},{"damage":2.0,"enemies":"Slime Boss","floor":16.0,"turns":1.0},{"damage":38,"enemies":"conspire:FuzzyDice","floor":19,"turns":4},{"damage":17,"enemies":"3 Byrds","floor":22,"turns":2},{"damage":26,"enemies":"downfall:FleeingMerchant","floor":23,"turns":4},{"damage":41,"enemies":"conspire:SneckoGhost","floor":25,"turns":4},{"damage":30,"enemies":"conspire:HollyBat","floor":26,"turns":7},{"damage":15,"enemies":"Snecko","floor":28,"turns":4},{"damage":25,"enemies":"downfall:FleeingMerchant","floor":31,"turns":4},{"damage":25,"enemies":"Chosen and Byrds","floor":32,"turns":6},{"damage":21,"enemies":"downfall:Defect","floor":33,"turns":6},{"damage":2,"enemies":"Nemesis","floor":39,"turns":3},{"damage":0,"enemies":"Orb Walker","floor":40,"turns":3},{"damage":62,"enemies":"Reptomancer","floor":43,"turns":5},{"damage":0,"enemies":"Reptomancer","floor":45,"turns":2},{"damage":0,"enemies":"3 Shapes","floor":46,"turns":3},{"damage":3,"enemies":"Transient","floor":48,"turns":5},{"damage":37,"enemies":"Writhing Mass","floor":49,"turns":4},{"damage":2,"enemies":"downfall:Ironclad","floor":50,"turns":4},{"damage":72,"enemies":"downfall:CharBossMerchant","floor":52,"turns":5},{"damage":33,"enemies":"downfall:NeowBoss","floor":55,"turns":20}],"seed_played":"2825584097816412519","potions_obtained":[{"floor":4.0,"key":"Swift Potion"},{"floor":13.0,"key":"Energy Potion"},{"floor":15.0,"key":"ColorlessPotion"},{"floor":16.0,"key":"Guardian:BlockOnCardUsePotion"},{"floor":22,"key":"champ:CounterPotion"},{"floor":22,"key":"Swift Potion"},{"floor":26,"key":"Slimebound:ThreeZeroPotion"},{"floor":39,"key":"FearPotion"},{"floor":43,"key":"Fire Potion"},{"floor":48,"key":"EssenceOfSteel"},{"floor":52,"key":"SkillPotion"}],"is_trial":false,"path_per_floor":["R","?","$","M","$","R","T","M","R","E","$","?","M","M","M","B",null,"R","M","R","?","M","$","T","E","M","R","M","?","?","$","M","B",null,"R","?","$","R","E","M","T","R","E","R","?","M","?","M","M","B",null,"E","$","R","B",null],"character_chosen":"THE_SPIRIT","items_purchased":["hexamod:GhostShield","conspire:TreasureMap","Omamori","hubris:SlimyHat","Unceasing Top","CCEMRelics:DerglesHeadphones","hexamod:Incineration","hexamod:SearingWound","Swift Potion","Mercury Hourglass","PreservedInsect","PrismaticShard","halation:Thesaurus","expansioncontent:Flail","Apotheosis","Strawberry","hexamod:TimeOfNeed","Bag of Marbles","aspiration:ChemicalBlood","Frozen Egg 2","Toolbox","hexamod:AdvancingGuard","hubris:EmptyBottle","CCEMRelics:TechnogenicHelmet","Magnetism+1","hexamod:GhostOfSpireFuture+1","hexamod:EtherealExpedition","Kunai","CCEMRelics:TinyMinotavrHorn","CCEMRelics:Francisca","conspire:TopHat","Oddly Smooth Stone","Blood Vial","Boot","Lee\u0027s Waffle","halation:SelfBoilingWater","Blue Candle","halation:PenCase","halation:PrussianBluePaint","halation:Jellyphish","Sling","Strength Potion","hexamod:AdvancingGuard","MerchantsRug","Lantern","halation:WeightlessCrab","Medical Kit","hubris:64BitClover","hubris:AstralHammer","Good Instincts","hexamod:Toasty","PowerPotion"],"campfire_rested":2,"item_purchase_floors":[3,3,3,3,3,3,3,3,3,5,5,5,5,5,5,11,11,11,11,11,11,11,23,23,23,23,23,23,23,23,31,31,31,31,31,37,37,37,37,37,37,37,37,37,53,53,53,53,53,53,53,53],"current_hp_per_floor":[70,70,62,49,26,47,47,41,63,41,25,25,14,4,2,87,87,87,49,61,17,87,61,66,30,87,87,87,87,81,94,90,94,94,94,94,94,94,94,94,94,94,51,75,89,94,94,94,69,76,94,34,39,67,50],"gold":373,"neow_bonus":"BOSS_RELIC","is_daily":false,"chose_seed":false,"campfire_upgraded":7,"win_rate":0.0,"timestamp":1608260804,"path_taken":["R","?","$","M","$","R","T","M","R","E","$","?","M","M","M","BOSS","R","M","R","?","M","$","T","E","M","R","M","?","?","$","M","BOSS","R","?","$","R","E","M","T","R","E","R","?","?","?","?","M","BOSS","E","$","R","BOSS"],"items_purchased_type":["Card","Relic","Relic","Relic","Relic","Relic","Card","Card","Potion","Relic","Relic","Relic","Relic","Card","Card","Relic","Card","Relic","Relic","Relic","Relic","Card","Relic","Relic","Card","Card","Card","Relic","Relic","Relic","Relic","Relic","Relic","Relic","Relic","Relic","Relic","Relic","Relic","Relic","Relic","Potion","Card","Relic","Relic","Relic","Relic","Relic","Relic","Card","Card","Potion"],"build_version":"2020-12-13","purchased_purges":9,"victory":true,"max_hp_per_floor":[70,70,70,70,70,70,70,70,80,80,87,87,87,87,87,87,87,87,87,87,87,87,87,87,87,87,87,87,87,87,94,94,94,94,94,94,94,94,94,94,94,94,94,94,94,94,94,94,94,94,94,94,94,94,94],"card_choices":[{"not_picked":["hexamod:ShieldOfDarkness","hexamod:AdvancingGuard"],"picked":"hexamod:FastForward","floor":3.0},{"not_picked":["hexamod:SpectralSpark","hexamod:NightmareGuise"],"picked":"hexamod:SpectersWail","floor":4.0},{"not_picked":["hexamod:GhostShield","hexamod:RainOfEmbers"],"picked":"hexamod:BurningTouch","floor":5.0},{"not_picked":["hexamod:AdvancingGuard","hexamod:PowerFromBeyond"],"picked":"hexamod:SoulSteal","floor":8.0},{"not_picked":["hexamod:GhostShield","hexamod:PhantomCloak","hexamod:SpectralSpark"],"picked":"SKIP","floor":10.0},{"not_picked":["hexamod:RainOfEmbers","hexamod:GhostOfSpirePresent"],"picked":"hexamod:HauntingEcho","floor":11.0},{"not_picked":["Transmutation+1","expansioncontent:FaceSlap+1"],"picked":"Metamorphosis+1","floor":13.0},{"not_picked":["hexamod:CatchUp","hexamod:ShieldOfDarkness","hexamod:NecessarySacrifice"],"picked":"SKIP","floor":13.0},{"not_picked":["expansioncontent:BronzeBeam+1","Purity+1"],"picked":"expansioncontent:DecasProtection+1","floor":14.0},{"not_picked":["hexamod:GhostShield","hexamod:Firestarter"],"picked":"hexamod:NightmareGuise","floor":14.0},{"not_picked":["expansioncontent:DefensiveMode+1","hubris:Ssssneak+1"],"picked":"expansioncontent:Corrupt+1","floor":15.0},{"not_picked":["hexamod:HauntingEcho","hexamod:GhostShield"],"picked":"hexamod:InspiringFlames","floor":15.0},{"not_picked":["hexamod:SearingWound","hexamod:TurnItUp"],"picked":"hexamod:UnleashSpirits","floor":16.0},{"not_picked":["hexamod:BurningTouch","hexamod:RainOfEmbers"],"picked":"hexamod:RetreatToShadows","floor":19},{"not_picked":["hexamod:BurningTouch","hexamod:UnleashSpirits"],"picked":"hexamod:GhostOfSpirePast+1","floor":22},{"not_picked":["hexamod:SwordOfDarkness","hexamod:HeatShield"],"picked":"hexamod:FirstSeal","floor":23},{"not_picked":["hexamod:SwordOfDarkness","hexamod:SearingWound"],"picked":"hexamod:EmpoweredFlame+1","floor":25},{"not_picked":["hexamod:SuperheatedStrike","hexamod:SoulSteal","hexamod:Firestarter"],"picked":"SKIP","floor":26},{"not_picked":["hexamod:SpectersWail+1","hexamod:BacktrackSmack+1"],"picked":"hexamod:EmpoweringStance+1","floor":28},{"not_picked":["hexamod:BacktrackSmack","hexamod:SwordOfDarkness","hexamod:FourthSeal"],"picked":"SKIP","floor":31},{"not_picked":["hexamod:EmpoweredFlame+1","hexamod:Firestarter"],"picked":"hexamod:PowerFromBeyond+1","floor":32},{"not_picked":["hexamod:UnleashSpirits","hexamod:TurnItUp"],"picked":"hexamod:ParanormalForm+1","floor":33},{"not_picked":["hexamod:GhostOfSpireFuture+1","hexamod:HauntingEcho"],"picked":"hexamod:StepThrough+1","floor":39},{"not_picked":["hexamod:GhostShield","hexamod:SpectersWail"],"picked":"hexamod:FirstSeal","floor":40},{"not_picked":["hexamod:SecondSeal","hexamod:ThirdSeal","hexamod:Incineration"],"picked":"SKIP","floor":43},{"not_picked":["hexamod:EmpoweredFlame+1","hexamod:ThermalTransfer+1"],"picked":"hexamod:SpectersWail+1","floor":46},{"not_picked":["hexamod:NightmareStrike","hexamod:Hexaguard"],"picked":"hexamod:GhostLash+1","floor":48},{"not_picked":["hexamod:NightmareStrike+1","hexamod:AdvancingGuard"],"picked":"hexamod:RainOfEmbers+1","floor":49},{"not_picked":["hexamod:AdvancingGuard+1","hexamod:NightmareStrike+1"],"picked":"hexamod:PhantomFireball+1","floor":52}],"player_experience":531101,"relics_obtained":[{"floor":10.0,"key":"CCEMRelics:FestiveHat"},{"floor":24,"key":"CCEMRelics:WhiteRose"},{"floor":25,"key":"Bronze Scales"},{"floor":39,"key":"hexamod:SoulConsumer"},{"floor":41,"key":"hubris:MysteriousPyramids"},{"floor":43,"key":"Happy Flower"},{"floor":45,"key":"downfall:GremlinWheel"},{"floor":52,"key":"Ice Cream"}],"event_choices":[{"damage_healed":0,"gold_gain":0,"player_choice":" Idol ","damage_taken":44,"relics_obtained":["Bloody Idol"],"max_hp_gain":61,"max_hp_loss":17,"event_name":"betterAltar:BetterAltar","floor":21,"potions_obtained":[],"relics_lost":[],"gold_loss":0},{"damage_healed":0,"gold_gain":0,"player_choice":"Invest 1","damage_taken":0,"max_hp_gain":0,"max_hp_loss":0,"event_name":"conspire:Investor","floor":36,"gold_loss":0}],"is_beta":false,"boss_relics":[{"not_picked":["Cursed Key","hubris:CrackedHourglass"],"picked":"aspiration:RitualDagger"},{"not_picked":["aspiration:SecretTechniqueScroll","halation:LoveArrow"],"picked":"hexamod:IceCube"}],"items_purged_floors":[3,5,11,23,23,31,37,37,53],"is_endless":false,"potions_floor_spawned":[4,13,15,16,22,25,26,39,45,48,49],"ascension_level":1}}