{"host":"m6scwsps09xedts2","time":1608278895,"event":{"mods":["Act Like it!","BaseMod","Better Vampires","Colored Map","Colored Powertips","Curses Come First","Custom Start","Friendly Minions","Hallownest","Minty Spire (QoL Compilation)","Quick Restart","Relic Stats","StSLib","The Dragon Tamer"],"gold_per_floor":[116,135,151,151,164,164,192,192,238,28,28,43,43,43,43,139,139,158,172,172,190,205,31,41,51,76,76,76,89,4,18,18,119,119,139,139,189,189,203,203,203,203],"floor_reached":40,"playtime":3864,"items_purged":[],"score":455,"play_id":"e307c9e8-41e8-4ea1-94a0-44f10168d481","local_time":"20201218090815","is_ascension_mode":false,"metric_token":915,"campfire_choices":[{"data":"DTMod:SealedStrike","floor":6.0,"key":"SMITH"},{"data":"DTMod:SealedStrike+1","floor":8.0,"key":"SMITH"},{"data":"DTMod:SealedStrike+2","floor":11.0,"key":"SMITH"},{"data":"DTMod:SealedStrike+3","floor":13.0,"key":"SMITH"},{"data":"DTMod:SealedStrike+4","floor":15.0,"key":"SMITH"},{"data":"Chrysalis","floor":27.0,"key":"SMITH"},{"data":"DTMod:FlameSlash","floor":32,"key":"SMITH"}],"dtmod_dragon_data":[50,50,1,2,12,4],"circlet_count":0,"master_deck":["DTMod:Strike+1","DTMod:Strike+1","DTMod:Strike+1","DTMod:DoubleHit+1","DTMod:TargetDefense+1","DTMod:TargetDefense+1","DTMod:TargetDefense+1","DTMod:TargetDefense+1","DTMod:SwitchingTactic+1","DTMod:Astonish+1","DTMod:ComboAttack+1","DTMod:SealedStrike+5","DTMod:Overwhelm+1","Metamorphosis+1","DTMod:Training+1","DTMod:TriAttack+1","Chrysalis+1","Ghostly","Ghostly","Ghostly","Ghostly","Ghostly","DTMod:LightShield","DTMod:MagiciansMark+1"],"relics":["DTMod:MagicStone","Odd Mushroom","Omamori","Art of War","Dream Catcher","Fusion Hammer","Thread and Needle"],"acts_visited":["Exordium","TheCity","TheBeyond"],"potions_floor_usage":[29,31,33,40,40],"damage_taken":[{"damage":0.0,"enemies":"Cultist","floor":1.0,"turns":4.0},{"damage":0.0,"enemies":"2 Louse","floor":2.0,"turns":2.0},{"damage":0.0,"enemies":"Jaw Worm","floor":3.0,"turns":3.0},{"damage":0.0,"enemies":"Exordium Thugs","floor":5.0,"turns":4.0},{"damage":0.0,"enemies":"The Mushroom Lair","floor":7.0,"turns":2.0},{"damage":0.0,"enemies":"3 Louse","floor":12.0,"turns":2.0},{"damage":0.0,"enemies":"Slime Boss","floor":16.0,"turns":5.0},{"damage":13.0,"enemies":"Spheric Guardian","floor":18.0,"turns":4.0},{"damage":10.0,"enemies":"Shell Parasite","floor":19.0,"turns":5.0},{"damage":4.0,"enemies":"Shelled Parasite and Fungi","floor":21.0,"turns":6.0},{"damage":15.0,"enemies":"Snake Plant","floor":22.0,"turns":3.0},{"damage":6.0,"enemies":"Cultist and Chosen","floor":24.0,"turns":4.0},{"damage":9.0,"enemies":"Snecko","floor":25.0,"turns":5.0},{"damage":0,"enemies":"Shelled Parasite and Fungi","floor":29,"turns":6},{"damage":0,"enemies":"Chosen and Byrds","floor":31,"turns":5},{"damage":14,"enemies":"Collector","floor":33,"turns":7},{"damage":2,"enemies":"3 Darklings","floor":35,"turns":8},{"damage":0,"enemies":"Mind Bloom Boss Battle","floor":37,"turns":4},{"damage":0,"enemies":"3 Shapes","floor":39,"turns":4},{"damage":29,"enemies":"Nemesis","floor":40,"turns":6}],"seed_played":"6586821486379903218","potions_obtained":[{"floor":1.0,"key":"Ancient Potion"},{"floor":2.0,"key":"DuplicationPotion"},{"floor":3.0,"key":"AttackPotion"},{"floor":18.0,"key":"AttackPotion"},{"floor":21.0,"key":"ColorlessPotion"},{"floor":31,"key":"PowerPotion"},{"floor":37,"key":"AttackPotion"},{"floor":39,"key":"ColorlessPotion"}],"is_trial":false,"path_per_floor":["M","M","M","?","M","R","?","R","T","$","R","M","R","?","R","B",null,"M","M","?","M","M","$","M","M","T","R","?","M","?","M","R","B",null,"M","?","?","?","M","E"],"character_chosen":"THE_DT","items_purchased":["Metamorphosis","DTMod:Training","Chrysalis"],"campfire_rested":0,"item_purchase_floors":[10,10,23],"current_hp_per_floor":[49,49,49,42,42,42,42,42,42,42,42,42,42,42,42,42,49,36,33,33,36,28,28,29,27,27,27,24,24,24,24,24,10,24,22,22,24,24,24,0,0,0],"gold":203,"neow_bonus":"TEN_PERCENT_HP_BONUS","is_daily":false,"chose_seed":false,"campfire_upgraded":7,"win_rate":0.0,"timestamp":1608278895,"path_taken":["M","M","M","?","M","R","?","R","T","?","R","?","R","?","R","BOSS","M","M","?","?","M","$","?","M","T","R","?","M","?","M","R","BOSS","M","?","?","?","M","E"],"items_purchased_type":["Card","Card","Card"],"build_version":"2020-12-13","purchased_purges":0,"victory":false,"max_hp_per_floor":[49,49,49,49,49,49,49,49,49,49,49,49,49,49,49,49,49,49,49,49,49,49,49,49,49,49,49,24,24,24,24,24,24,24,24,24,24,24,24,24,24,24],"relic_stats":{"Dream Catcher":0,"counters":[20,89],"Art of War":[4],"obtain_stats":[{"Dream Catcher":30,"DTMod:PactStone":0,"Thread and Needle":37,"Fusion Hammer":34,"Omamori":9,"Art of War":26,"Odd Mushroom":7,"DTMod:MagicStone":17},{"Dream Catcher":14,"DTMod:PactStone":0,"Thread and Needle":18,"Fusion Hammer":16,"Omamori":5,"Art of War":13,"Odd Mushroom":5,"DTMod:MagicStone":7},{"Dream Catcher":55,"DTMod:PactStone":0,"Thread and Needle":79,"Fusion Hammer":67,"Omamori":15,"Art of War":49,"Odd Mushroom":15,"DTMod:MagicStone":22}]},"card_choices":[{"not_picked":["DTMod:BurningEnergy","DTMod:BlazingStrike"],"picked":"DTMod:Astonish","floor":1.0},{"not_picked":["DTMod:HeatWave","DTMod:Punisher","DTMod:Feint"],"picked":"SKIP","floor":2.0},{"not_picked":["DTMod:BuildUp","DTMod:CleansingStrike"],"picked":"DTMod:ComboAttack","floor":3.0},{"not_picked":["DTMod:WarmUp","DTMod:Hide"],"picked":"DTMod:SealedStrike","floor":5.0},{"not_picked":["DTMod:MagicField","DTMod:Astonish"],"picked":"DTMod:Overwhelm","floor":7.0},{"not_picked":["DTMod:Adaptation","DTMod:BurningEnergy","DTMod:Threaten"],"picked":"SKIP","floor":12.0},{"not_picked":["DTMod:Inferno","DTMod:FierySynthesis"],"picked":"DTMod:TriAttack","floor":16.0},{"not_picked":["DTMod:MagicField","DTMod:BreakAttack","DTMod:Feint"],"picked":"SKIP","floor":18.0},{"not_picked":["DTMod:Astonish+1","DTMod:QuickFly","DTMod:CleansingStrike"],"picked":"SKIP","floor":19.0},{"not_picked":["DTMod:StarRain+1","DTMod:LightShield"],"picked":"DTMod:FlameSlash","floor":21.0},{"not_picked":["DTMod:BizarreTactic","DTMod:CleansingStrike","DTMod:Hide"],"picked":"SKIP","floor":22.0},{"not_picked":["DTMod:MasterPlan","DTMod:SneakAttack+1","DTMod:StarRain+1"],"picked":"SKIP","floor":24.0},{"not_picked":["DTMod:BlazingStrike","DTMod:Threaten","DTMod:QuickFly"],"picked":"SKIP","floor":25.0},{"not_picked":["DTMod:GearUp","DTMod:MagicField","DTMod:BreakAttack"],"picked":"SKIP","floor":29},{"not_picked":["DTMod:LowKick","DTMod:SneakAttack","DTMod:Overwhelm"],"picked":"SKIP","floor":31},{"not_picked":["DTMod:Multitask","DTMod:Prediction"],"picked":"DTMod:LightShield","floor":33},{"not_picked":["DTMod:Feint","DTMod:FlameSlash+1","DTMod:LastStand"],"picked":"SKIP","floor":35},{"not_picked":["DTMod:CleansingStrike","DTMod:BlueScale+1"],"picked":"DTMod:MagiciansMark+1","floor":37},{"not_picked":["DTMod:DarkBreath","DTMod:Punisher","DTMod:Cover"],"picked":"SKIP","floor":39}],"player_experience":301779,"relics_obtained":[{"floor":7.0,"key":"Odd Mushroom"},{"floor":9.0,"key":"Omamori"},{"floor":26.0,"key":"Art of War"},{"floor":37,"key":"Thread and Needle"}],"event_choices":[{"cards_removed":["DTMod:Strike"],"damage_healed":0.0,"max_hp_gain":0.0,"max_hp_loss":0.0,"gold_gain":0.0,"event_name":"Golden Wing","player_choice":"Card Removal","floor":4.0,"gold_loss":0.0,"damage_taken":7.0},{"damage_healed":0.0,"max_hp_gain":0.0,"max_hp_loss":0.0,"gold_gain":0.0,"event_name":"Mushrooms","player_choice":"Fought Mushrooms","floor":7.0,"gold_loss":0.0,"damage_taken":0.0},{"damage_healed":0.0,"max_hp_gain":0.0,"max_hp_loss":0.0,"gold_gain":0.0,"event_name":"Shining Light","player_choice":"Ignored","floor":14.0,"gold_loss":0.0,"damage_taken":0.0},{"damage_healed":0.0,"max_hp_gain":0.0,"max_hp_loss":0.0,"gold_gain":0.0,"event_name":"Accursed Blacksmith","player_choice":"Forge","floor":20.0,"gold_loss":0.0,"damage_taken":0.0,"cards_upgraded":["DTMod:TriAttack"]},{"damage_healed":0,"gold_gain":0,"player_choice":"Became a Ghost","damage_taken":0,"max_hp_gain":0,"max_hp_loss":25,"event_name":"Ghosts","floor":28,"gold_loss":0,"cards_obtained":["Ghostly","Ghostly","Ghostly","Ghostly","Ghostly"]},{"damage_healed":0,"gold_gain":0,"player_choice":"Obtained Relic","damage_taken":0,"relics_obtained":["Dream Catcher"],"max_hp_gain":0,"max_hp_loss":0,"event_name":"Addict","floor":30,"gold_loss":85},{"damage_healed":0,"gold_gain":0,"player_choice":"Memory 1","damage_taken":0,"max_hp_gain":0,"max_hp_loss":0,"event_name":"SensoryStone","floor":36,"gold_loss":0},{"damage_healed":0,"gold_gain":0,"player_choice":"Fight","damage_taken":0,"max_hp_gain":0,"max_hp_loss":0,"event_name":"MindBloom","floor":37,"gold_loss":0},{"cards_removed":["DTMod:FlameSlash"],"damage_healed":0,"gold_gain":0,"player_choice":"Removed Attack","damage_taken":0,"max_hp_gain":0,"max_hp_loss":0,"event_name":"Falling","floor":38,"gold_loss":0}],"is_beta":false,"boss_relics":[{"not_picked":["Pandora\u0027s Box","Cursed Key"],"picked":"DTMod:MagicStone"},{"not_picked":["Tiny House","SacredBark"],"picked":"Fusion Hammer"}],"items_purged_floors":[],"is_endless":false,"potions_floor_spawned":[1,2,3,18,21,22,31,37,39],"killed_by":"Nemesis","ascension_level":0}}