{"host":"wwqaob8nn4pt4am5","time":1608287318,"event":{"mods":["BaseMod","Better Vampires","Colored Map","Colored Powertips","KinomotoSakuraMod(ƒæ÷Æ±æ”£)","Marisa£®ÏF”Í°°ƒß¿Ì…≥£©","Minty Spire (QoL Compilation)","MostiFishMod","Quick Restart","Remilia£®¿Ÿ√◊¿Ú—«£©","Replay The Spire","StSLib","The Cursed","The Servant 0.9.4","WarShipGirlsR/’ΩΩ¢…Ÿ≈ÆR mod","Youmu£®ªÍ∆«—˝√Œ£©","vexMod","°æ“≈ŒÔø®≈∆°øREMEMod"],"gold_per_floor":[110,126,126,126,141,168,168],"floor_reached":6,"playtime":122,"items_purged":[],"score":75,"play_id":"59cc9389-779f-4f46-8a74-1b6f2256a1d6","local_time":"20201218182838","is_ascension_mode":true,"campfire_choices":[],"circlet_count":0,"master_deck":["Strike_G+1","Strike_G","Strike_G+1","Strike_G","Defend_G+1","Defend_G+1","Defend_G","Defend_G+1","Defend_G","Survivor+1","Neutralize","MostiFishMod:404NotFound","Poisoned Stab","Replay:Undeath\u0027s Touch","Endless Agony+1","Seeing Red"],"relics":["Ring of the Snake","REME_ComplimentaryCards","DaveBox","DSteel32","NeowsBlessing","Question Card","PrismaticShard","Divine Protection"],"acts_visited":["Exordium"],"potions_floor_usage":[],"damage_taken":[{"damage":0.0,"enemies":"Small Slimes","floor":1.0,"turns":1.0},{"damage":0,"enemies":"Jaw Worm","floor":2,"turns":1},{"damage":0,"enemies":"2 Louse","floor":5,"turns":1},{"damage":0,"enemies":"Gremlin Nob","floor":6,"turns":1}],"seed_played":"5806773788869155597","potions_obtained":[{"floor":2,"key":"CultistPotion"},{"floor":6,"key":"Dexterity Potion"}],"is_trial":false,"path_per_floor":["M","M","?","?","M","E"],"character_chosen":"THE_SILENT","items_purchased":[],"campfire_rested":0,"item_purchase_floors":[],"current_hp_per_floor":[70,70,70,56,56,56,56],"gold":168,"neow_bonus":"THREE_ENEMY_KILL","is_daily":false,"chose_seed":false,"campfire_upgraded":0,"win_rate":0.0,"timestamp":1608287318,"path_taken":["M","M","?","?","M","E"],"items_purchased_type":[],"build_version":"2020-12-13","purchased_purges":0,"victory":false,"max_hp_per_floor":[70,70,70,70,70,70,70],"card_choices":[{"not_picked":["MostiFishMod:ThornCasing","Underhanded Strike"],"picked":"Poisoned Stab","floor":1},{"not_picked":["ClowCardTheLittle","ConstancyOfTheConventionalTruth","Hightail"],"picked":"Replay:Undeath\u0027s Touch","floor":2},{"not_picked":["ReplayTheSpireMod:Strike From Hell","Run Through","Pray"],"picked":"Seeing Red","floor":5}],"player_experience":54314,"relics_obtained":[{"floor":1,"key":"Question Card"},{"floor":1,"key":"PrismaticShard"},{"floor":6,"key":"Divine Protection"}],"event_choices":[{"damage_healed":0,"gold_gain":0,"player_choice":"Entered Light","damage_taken":14,"max_hp_gain":0,"max_hp_loss":0,"event_name":"Shining Light","floor":4,"gold_loss":0,"cards_upgraded":["Strike_G","Defend_G"]}],"is_beta":false,"boss_relics":[],"items_purged_floors":[],"is_endless":false,"potions_floor_spawned":[2,6],"killed_by":"Gremlin Nob","ascension_level":1}}