{"host":"ocy7z4248lncoz2b","time":1608280087,"event":{"mods":["BaseMod","Beaked The Cultist","Better Match","Better Sensory Stone","Better Third Choice","BetterRewards","Clockwork Mod","Colored Powertips","Conspire","Downfall","Friendly Minions","Highlight Path","Hubris","Infinite Spire","Marisa????????","Mimic Mod","Minty Spire (QoL Compilation)","READ ME - Guardian Mod","Replay The Spire","Shop Mod","Spicy Shops","Spikes Relics","StSLib","SuperFastMode","The Blue Laboratory","The Construct","The Jungle"],"gold_per_floor":[99,199,199,232,232,263,334,349,361,286,302,313,33,48,67,67,67],"floor_reached":16,"playtime":572,"items_purged":[],"score":137,"play_id":"f9652513-fff5-4d42-9e87-a9847de872a7","local_time":"20201218172807","is_ascension_mode":false,"campfire_choices":[{"data":"UpSweep","floor":1,"key":"SMITH"},{"data":"EnergyFlow","floor":10,"key":"SMITH"}],"circlet_count":0,"master_deck":["Strike_MRS","Strike_MRS","Strike_MRS","Strike_MRS","Defend_MRS","Defend_MRS","Defend_MRS","Defend_MRS","MasterSpark","UpSweep+1","MilkyWay","RefractionSpark","ChargingUp","EnergyFlow+1","DeepEcoloBomb","EscapeVelocity","SuperPerseids","ChargingUp","Acceleration","OortCloud","DragonMeteor","BlazingStar"],"relics":["MiniHakkero","downfall:HeartsMalice","White Beast Statue","Bag of Preparation","downfall:HeartBlessingGreen","MerchantsRug"],"acts_visited":["Exordium"],"potions_floor_usage":[11,13,16,16],"damage_taken":[{"damage":0,"enemies":"Jaw Worm","floor":3,"turns":1},{"damage":0,"enemies":"Gremlin Nob","floor":4,"turns":1},{"damage":0,"enemies":"Cultist","floor":5,"turns":1},{"damage":25,"enemies":"3 Sentries","floor":6,"turns":11},{"damage":2,"enemies":"Small Slimes","floor":8,"turns":4},{"damage":19,"enemies":"Gremlin Gang","floor":9,"turns":6},{"damage":10,"enemies":"Exordium Thugs","floor":11,"turns":4},{"damage":3,"enemies":"Red Slaver","floor":12,"turns":3},{"damage":0,"enemies":"downfall:FleeingMerchant","floor":13,"turns":4},{"damage":3,"enemies":"2 Fungi Beasts","floor":14,"turns":4},{"damage":6,"enemies":"Blue Slaver","floor":15,"turns":6},{"damage":22,"enemies":"downfall:Silent","floor":16,"turns":4}],"seed_played":"-2506941563434139247","potions_obtained":[{"floor":5,"key":"Fire Potion"},{"floor":6,"key":"Swift Potion"},{"floor":8,"key":"Milkshake"},{"floor":11,"key":"Strength Potion"},{"floor":12,"key":"LifebloodPotion"},{"floor":13,"key":"blueLaboratory:CorrosionFlask"},{"floor":15,"key":"blueLaboratory:EmptyBottle"}],"is_trial":false,"path_per_floor":["R","?","M","E","M","E","T","M","M","R","M","M","$","M","M","B"],"character_chosen":"MARISA","items_purchased":["OortCloud","DragonMeteor","MerchantsRug"],"campfire_rested":0,"item_purchase_floors":[13,13,13],"current_hp_per_floor":[75,75,75,75,75,50,60,58,39,39,29,26,26,23,17,0,0],"gold":67,"neow_bonus":"THREE_ENEMY_KILL","is_daily":false,"chose_seed":false,"campfire_upgraded":2,"win_rate":0.0,"timestamp":1608280087,"path_taken":["R","?","M","E","M","E","T","?","M","R","M","M","$","M","M","BOSS"],"items_purchased_type":["Card","Card","Relic"],"build_version":"2020-12-13","purchased_purges":0,"victory":false,"max_hp_per_floor":[75,75,75,75,75,75,85,85,85,85,85,85,85,85,85,85,85],"card_choices":[{"not_picked":["LuminesStrike","NonDirectionalLaser"],"picked":"MilkyWay","floor":3},{"not_picked":["AlicesGift","ShootTheMoon"],"picked":"RefractionSpark","floor":4},{"not_picked":["ShootTheMoon","DC"],"picked":"ChargingUp","floor":5},{"not_picked":["Singularity","PropBag"],"picked":"EnergyFlow","floor":6},{"not_picked":["MysteriousBeam","SporeBomb"],"picked":"DeepEcoloBomb","floor":8},{"not_picked":["IllusionStar","GrandCross"],"picked":"EscapeVelocity","floor":9},{"not_picked":["UnstableBomb","AlicesGift"],"picked":"SuperPerseids","floor":11},{"not_picked":["6A","ShootingEcho"],"picked":"ChargingUp","floor":12},{"not_picked":["6A","GrandCross"],"picked":"Acceleration","floor":13},{"not_picked":["RefractionSpark","ShootingEcho","UnstableBomb"],"picked":"SKIP","floor":14},{"not_picked":["DarkSpark","DeepEcoloBomb"],"picked":"BlazingStar","floor":15}],"player_experience":262260,"relics_obtained":[{"floor":4,"key":"White Beast Statue"},{"floor":6,"key":"Bag of Preparation"},{"floor":7,"key":"Pear"}],"event_choices":[],"is_beta":false,"boss_relics":[],"items_purged_floors":[],"is_endless":false,"potions_floor_spawned":[5,6,8,9,11,12,13,14,15],"killed_by":"downfall:Silent","ascension_level":0}}