{"host":"heub7c0qcswxubs2","time":1608277067,"event":{"mods":["2.2 Compatiblity","AchievementEnabler","BaseMod","BetterRewards","Colored Map","Colored Powertips","Downfall","Gremlin Mod","Hermit","Highlight Path","Hubris","Infinite Spire","Jorbs\u0027s Wanderer Trilogy","Marisa????????","Minty Spire (QoL Compilation)","Permanent Neow","Random Character Button","Rare Cards Sparkle","Replay The Spire","Shade Mod","Somnambulant","StSLib","The Cursed","The Disciple","The Gatherer","The Hierophant"],"gold_per_floor":[117,117,130,130,130,465,478,478,548,548,513,513,529,86,86,131,131,249,0,0,0,16,16,34,48,72,72,72,88,88,108,108,108,108,108],"floor_reached":33,"playtime":1622,"items_purged":[],"score":245,"play_id":"4618b7cf-b550-4f82-920d-bb3c7c912836","local_time":"20201218023747","is_ascension_mode":false,"metric_token":1681,"campfire_choices":[{"floor":8,"key":"REST"},{"data":"Gatherer:BalancedGrowth","floor":10,"key":"SMITH"},{"data":"Gatherer:FlowerShield+1","floor":12,"key":"SMITH"},{"data":"Gatherer:Snatch","floor":15,"key":"SMITH"},{"data":"Gatherer:RecoveryHerb","floor":15,"key":"SMITH"},{"floor":27,"key":"REST"},{"floor":30,"key":"REST"},{"floor":32,"key":"REST"}],"circlet_count":0,"master_deck":["Gatherer:Strike_Gatherer","Gatherer:Strike_Gatherer","Gatherer:Strike_Gatherer","Gatherer:Strike_Gatherer","Gatherer:Strike_Gatherer","Gatherer:Defend_Gatherer","Gatherer:Defend_Gatherer","Gatherer:Defend_Gatherer","Gatherer:Defend_Gatherer","Gatherer:Defend_Gatherer","Gatherer:Centralize","Gatherer:FlowerWhip+1","Gatherer:BalancedGrowth+1","Gatherer:FlowerShield+2","Gatherer:RecoveryHerb+1","Gatherer:BambuSword","Gatherer:Snatch+1","Gatherer:Examine","Gatherer:MiningStrike","Pot Of Greed","Pot Of Greed","infinitespire:Fortify","Gatherer:FragileHammer+1"],"relics":["Gatherer:AlchemyBag","Bronze Scales","hubris:Icosahedron","Old Coin","Gatherer:FloralEgg","Strange Spoon","Replay:Arrowhead","Ring of Chaos","Grinning Jar"],"acts_visited":["Exordium","TheCity"],"potions_floor_usage":[25,31,31,33,33],"damage_taken":[{"damage":2,"enemies":"2 Louse","floor":1,"turns":3},{"damage":15,"enemies":"Jaw Worm","floor":3,"turns":5},{"damage":39,"enemies":"Gremlin Nob","floor":6,"turns":6},{"damage":2,"enemies":"Small Slimes","floor":7,"turns":4},{"damage":0,"enemies":"Red Slaver","floor":13,"turns":5},{"damage":36,"enemies":"Fading Forest","floor":16,"turns":11},{"damage":32,"enemies":"Spheric Guardian","floor":18,"turns":5},{"damage":25,"enemies":"3 Byrds","floor":22,"turns":4},{"damage":28,"enemies":"Sentry and Sphere","floor":24,"turns":8},{"damage":20,"enemies":"Snake Plant","floor":25,"turns":5},{"damage":25,"enemies":"Centurion and Healer","floor":29,"turns":8},{"damage":39,"enemies":"Cultist and Chosen","floor":31,"turns":10},{"damage":58,"enemies":"Automaton","floor":33,"turns":12}],"seed_played":"-115805263572382446","potions_obtained":[{"floor":6,"key":"BloodPotion"},{"floor":7,"key":"SpeedPotion"},{"floor":13,"key":"Languid Potion"},{"floor":18,"key":"EntropicBrew"},{"floor":24,"key":"Guardian:BlockOnCardUsePotion"}],"is_trial":false,"path_per_floor":["M","?","M","?","$","E","M","R","T","R","?","R","M","$","R","B",null,"M","?","?","$","M","$","M","M","T","R","AVR","M","R","M","R","B"],"character_chosen":"THE_GATHERER","items_purchased":["Strange Spoon","Replay:Arrowhead"],"campfire_rested":4,"item_purchase_floors":[14,14],"current_hp_per_floor":[70,73,58,58,58,19,23,45,45,45,63,63,63,63,63,36,75,46,46,46,46,27,27,4,7,7,29,29,16,38,3,25,0,0,0],"gold":108,"neow_bonus":"RANDOM_COMMON_RELIC","is_daily":false,"chose_seed":false,"campfire_upgraded":4,"win_rate":0.0,"timestamp":1608277067,"path_taken":["M","?","M","?","$","E","M","R","T","R","?","R","M","$","R","BOSS","M","?","?","$","?","?","M","M","T","R","AVR","M","R","M","R","BOSS"],"items_purchased_type":["Relic","Relic"],"build_version":"2020-12-13","purchased_purges":0,"victory":false,"max_hp_per_floor":[72,75,75,75,75,75,75,75,75,75,75,75,75,75,75,75,75,75,75,75,75,75,75,75,75,75,75,75,75,75,75,75,75,75,75],"card_choices":[{"not_picked":["Gatherer:RecoveryHerb","Gatherer:SmartManeuver"],"picked":"Gatherer:BalancedGrowth","floor":1},{"not_picked":["Gatherer:SaveValuables","Gatherer:DrugPower"],"picked":"Gatherer:FlowerShield","floor":3},{"not_picked":["Gatherer:EnergyBasket","Gatherer:RottenStipe"],"picked":"Gatherer:RecoveryHerb","floor":6},{"not_picked":["Gatherer:FragileHammer","Gatherer:CarefulStrike"],"picked":"Gatherer:BambuSword","floor":7},{"not_picked":["Gatherer:Duality","Gatherer:WoolGloves"],"picked":"Gatherer:Snatch","floor":13},{"not_picked":["Gatherer:CursedBlade","Gatherer:FinishingStrike"],"picked":"Gatherer:Examine","floor":16},{"not_picked":["Gatherer:ScherryThrow","Gatherer:Duplicator","Gatherer:MiningStrike"],"picked":"SKIP","floor":18},{"not_picked":["Gatherer:ScrollOfWall+1","Gatherer:ScherryThrow","Gatherer:DrugPower"],"picked":"SKIP","floor":22},{"not_picked":["Gatherer:FragileHammer","Gatherer:BalancedGrowth","Gatherer:BigPouch+1"],"picked":"SKIP","floor":24},{"not_picked":["Gatherer:Frenzy","Gatherer:VenomBarrier"],"picked":"Gatherer:MiningStrike","floor":25},{"not_picked":["Gatherer:AcidicSpray","Gatherer:CarefulStrike","Gatherer:FragileHammer"],"picked":"SKIP","floor":29},{"not_picked":["Gatherer:GatherMaterial","Gatherer:DrugPower+1"],"picked":"Gatherer:FragileHammer+1","floor":31}],"player_experience":461067,"relics_obtained":[{"floor":6,"key":"Old Coin"},{"floor":9,"key":"Gatherer:FloralEgg"},{"floor":26,"key":"Grinning Jar"}],"event_choices":[{"damage_healed":18,"gold_gain":0,"player_choice":"Healed","damage_taken":0,"max_hp_gain":0,"max_hp_loss":0,"event_name":"The Cleric","floor":11,"gold_loss":35},{"damage_healed":0,"gold_gain":0,"player_choice":"Paid Fearfully","damage_taken":0,"max_hp_gain":0,"max_hp_loss":0,"event_name":"Masked Bandits","floor":19,"gold_loss":249},{"damage_healed":0,"gold_gain":0,"player_choice":"0 cards matched","damage_taken":0,"max_hp_gain":0,"max_hp_loss":0,"event_name":"Match and Keep!","floor":20,"gold_loss":0,"cards_obtained":[]}],"is_beta":false,"boss_relics":[{"not_picked":["hubris:CrackedHourglass","hubris:RunicObelisk"],"picked":"Ring of Chaos"}],"items_purged_floors":[],"is_endless":false,"potions_floor_spawned":[6,7,13,16,18,22,24,31],"killed_by":"Automaton","ascension_level":0}}