{"host":"bjyhe453g0o3w47y","time":1608290162,"event":{"mods":["AchievementEnabler","BaseMod","Colored Map","Colored Powertips","Highlight Path","Keyboard Shortcuts","Minty Spire (QoL Compilation)","Permanent Neow","Quick Restart","Rare Cards Sparkle","StSLib","SuperFastMode"],"gold_per_floor":[112,112,34,45,55,55,74,74,74,102,121,121,121,176,176,176,176],"floor_reached":16,"playtime":242,"items_purged":[],"score":175,"play_id":"14d68dbb-386e-4c82-9b84-c27245883b91","local_time":"20201218201602","is_ascension_mode":true,"campfire_choices":[{"data":"Whirlwind","floor":6,"key":"SMITH"},{"data":"Bash","floor":8,"key":"SMITH"},{"data":"Power Through","floor":12,"key":"SMITH"},{"floor":15,"key":"REST"}],"circlet_count":0,"master_deck":["AscendersBane","Strike_R","Strike_R","Strike_R","Strike_R","Defend_R","Defend_R","Defend_R","Defend_R","Bash+1","Clash","Whirlwind+1","Bloodletting","Blood for Blood","Evolve","Twin Strike","Spot Weakness","Power Through+1"],"relics":["Burning Blood","PreservedInsect","Blue Candle"],"acts_visited":["Exordium"],"potions_floor_usage":[10,16],"damage_taken":[{"damage":20,"enemies":"Jaw Worm","floor":1,"turns":6},{"damage":3,"enemies":"Cultist","floor":4,"turns":2},{"damage":13,"enemies":"2 Louse","floor":5,"turns":3},{"damage":23,"enemies":"Large Slime","floor":7,"turns":7},{"damage":10,"enemies":"3 Sentries","floor":10,"turns":3},{"damage":11,"enemies":"Blue Slaver","floor":11,"turns":4},{"damage":39,"enemies":"Slime Boss","floor":16,"turns":4}],"seed_played":"7602259170280610621","potions_obtained":[{"floor":7,"key":"Energy Potion"},{"floor":10,"key":"FearPotion"},{"floor":11,"key":"HeartOfIron"}],"is_trial":false,"path_per_floor":["M","?","$","M","M","R","M","R","T","E","M","R","?","?","R","B"],"character_chosen":"IRONCLAD","items_purchased":["Bloodletting"],"campfire_rested":1,"item_purchase_floors":[3],"current_hp_per_floor":[54,54,54,57,50,50,33,33,33,29,24,24,6,6,28,0,0],"gold":176,"neow_bonus":"THREE_CARDS","is_daily":false,"chose_seed":false,"campfire_upgraded":3,"win_rate":0.0,"timestamp":1608290162,"path_taken":["M","?","$","?","M","R","M","R","T","E","M","R","?","?","R","BOSS"],"items_purchased_type":["Card"],"build_version":"2020-12-13","purchased_purges":0,"victory":false,"max_hp_per_floor":[75,75,75,75,75,75,75,75,75,75,75,75,75,75,75,75,75],"card_choices":[{"not_picked":["Thunderclap","Metallicize"],"picked":"Clash","floor":0},{"not_picked":["True Grit","Havoc"],"picked":"Whirlwind","floor":1},{"not_picked":["Evolve","Warcry"],"picked":"Blood for Blood","floor":4},{"not_picked":["Iron Wave","Bloodletting"],"picked":"Evolve","floor":5},{"not_picked":["Evolve","Cleave"],"picked":"Twin Strike","floor":7},{"not_picked":["Hemokinesis","Flex"],"picked":"Spot Weakness","floor":10},{"not_picked":["Clothesline","Combust"],"picked":"Power Through","floor":11}],"player_experience":114899,"relics_obtained":[{"floor":9,"key":"PreservedInsect"},{"floor":10,"key":"Blue Candle"}],"event_choices":[{"cards_removed":["Strike_R"],"damage_healed":0,"gold_gain":0,"player_choice":"Purged","damage_taken":0,"max_hp_gain":0,"max_hp_loss":0,"event_name":"Purifier","floor":2,"gold_loss":0},{"damage_healed":0,"gold_gain":0,"player_choice":"Fled","damage_taken":18,"max_hp_gain":0,"max_hp_loss":0,"event_name":"Scrap Ooze","floor":13,"gold_loss":0},{"damage_healed":0,"gold_gain":55,"player_choice":"Gained Gold","damage_taken":0,"max_hp_gain":0,"max_hp_loss":0,"event_name":"Golden Wing","floor":14,"gold_loss":0}],"is_beta":false,"boss_relics":[],"items_purged_floors":[],"is_endless":false,"potions_floor_spawned":[7,10,11],"killed_by":"Slime Boss","ascension_level":15}}