{"host":"15ff3ltgpietarej","time":1608266931,"event":{"mods":["BaseMod","Downfall","Highlight Path","Minty Spire (QoL Compilation)","StSLib"],"gold_per_floor":[99,117,117,142,156,431,478,478,100,100,114,124,134,144,158,254,254,254,271,296,314,239,42,112,131,131,131],"floor_reached":26,"playtime":1193,"items_purged":["Regret"],"score":278,"play_id":"0b47a232-ac5b-4546-9d91-66473d5c8eb0","local_time":"20201218054851","is_ascension_mode":true,"campfire_choices":[{"data":"Slimebound:Split","floor":1,"key":"SMITH"},{"data":"Slimebound:Schlurp","floor":8,"key":"SMITH"},{"floor":10,"key":"REST"},{"floor":18,"key":"RECALL"},{"data":"Slimebound:MassFeed","floor":22,"key":"SMITH"}],"circlet_count":0,"master_deck":["Slimebound:Strike_Slimebound","Slimebound:Strike_Slimebound","Slimebound:Strike_Slimebound","Slimebound:Tackle","Slimebound:Defend_Slimebound","Slimebound:Defend_Slimebound","Slimebound:Defend_Slimebound","Slimebound:Defend_Slimebound","Slimebound:Split+1","Slimebound:CorrosiveSpit+1","Slimebound:SlimeTap","Slimebound:Schlurp+1","Slimebound:ViciousTackle","Slimebound:Schlurp","Slimebound:ItLooksTasty","Slimebound:HauntingLick","Slimebound:SlimeSpikes","Slimebound:GrowthPunch","Slimebound:LivingWall","Slimebound:FirmFortitude","Slimebound:ViciousTackle","Slimebound:MassFeed+1","Slimebound:ComboTackle","Slimebound:LeechEnergy","Slimebound:RejuvenatingLick","Slimebound:SlimeSlap"],"relics":["Slimebound:AbsorbEndCombatUpgraded","Boot","Akabeko","Omamori","Orichalcum","Pear","downfall:HeartBlessingRed","PreservedInsect"],"acts_visited":["Exordium","TheCity"],"potions_floor_usage":[16,20,23,25,25,25,26],"damage_taken":[{"damage":10,"enemies":"Cultist","floor":2,"turns":3},{"damage":41,"enemies":"Gremlin Nob","floor":4,"turns":4},{"damage":10,"enemies":"2 Louse","floor":5,"turns":2},{"damage":15,"enemies":"downfall:FleeingMerchant","floor":9,"turns":4},{"damage":11,"enemies":"Small Slimes","floor":11,"turns":2},{"damage":19,"enemies":"Blue Slaver","floor":12,"turns":2},{"damage":5,"enemies":"Red Slaver","floor":13,"turns":2},{"damage":8,"enemies":"Large Slime","floor":14,"turns":4},{"damage":0,"enemies":"Exordium Wildlife","floor":15,"turns":2},{"damage":28,"enemies":"downfall:Watcher","floor":16,"turns":5},{"damage":14,"enemies":"Shell Parasite","floor":19,"turns":2},{"damage":39,"enemies":"Book of Stabbing","floor":20,"turns":5},{"damage":0,"enemies":"3 Byrds","floor":21,"turns":2},{"damage":20,"enemies":"downfall:FleeingMerchant","floor":23,"turns":4},{"damage":46,"enemies":"3 Cultists","floor":25,"turns":4},{"damage":100,"enemies":"Gremlin Leader","floor":26,"turns":5}],"seed_played":"2669080322171755970","potions_obtained":[{"floor":2,"key":"SteroidPotion"},{"floor":4,"key":"Block Potion"},{"floor":13,"key":"Regen Potion"},{"floor":16,"key":"Slimebound:SlimedPotion"},{"floor":19,"key":"EntropicBrew"},{"floor":25,"key":"PowerPotion"}],"is_trial":false,"path_per_floor":["R","M","?","E","M","?","T","R","$","R","M","M","M","M","M","B",null,"R","M","E","M","R","$","T","M","E"],"character_chosen":"SLIMEBOUND","items_purchased":["Slimebound:ItLooksTasty","Slimebound:HauntingLick","Orichalcum","Slimebound:RejuvenatingLick","PreservedInsect"],"campfire_rested":1,"item_purchase_floors":[9,9,9,23,23],"current_hp_per_floor":[60,60,60,31,33,33,33,33,32,50,51,44,43,55,59,47,60,60,58,56,77,77,81,81,84,0,0],"gold":131,"neow_bonus":"UPGRADE_CARD","is_daily":false,"chose_seed":false,"campfire_upgraded":3,"win_rate":0.0,"timestamp":1608266931,"path_taken":["R","M","?","E","M","?","T","R","$","R","M","M","M","M","M","BOSS","R","M","E","M","R","$","T","M","E"],"items_purchased_type":["Card","Card","Relic","Card","Relic"],"build_version":"2020-12-13","purchased_purges":1,"victory":false,"max_hp_per_floor":[60,60,60,60,60,60,60,60,60,60,60,60,60,60,60,60,60,60,60,73,82,82,82,82,86,86,86],"card_choices":[{"not_picked":["Slimebound:SpikyOuterGoop","Slimebound:Schlurp"],"picked":"Slimebound:SlimeTap","floor":2},{"not_picked":["Slimebound:Nibble","Slimebound:PressTheAttack"],"picked":"Slimebound:Schlurp","floor":4},{"not_picked":["Slimebound:Replication","Slimebound:GrowthPunch"],"picked":"Slimebound:ViciousTackle","floor":5},{"not_picked":["Slimebound:SlimeBrawl","Slimebound:ComboTackle"],"picked":"Slimebound:Schlurp","floor":9},{"not_picked":["Slimebound:SplitAcid","Slimebound:SamplingLick"],"picked":"Slimebound:SlimeSpikes","floor":11},{"not_picked":["Slimebound:HungryTackle","Slimebound:ComboTackle"],"picked":"Slimebound:GrowthPunch","floor":12},{"not_picked":["Slimebound:DisruptingSlam","Slimebound:SplitAcid"],"picked":"Slimebound:LivingWall","floor":13},{"not_picked":["Slimebound:SlimeBrawl","Slimebound:BestDefense"],"picked":"Slimebound:FirmFortitude","floor":14},{"not_picked":["Slimebound:PressTheAttack","Slimebound:Recollect"],"picked":"Slimebound:ViciousTackle","floor":15},{"not_picked":["Slimebound:DuplicatedForm","Slimebound:DouseInSlime"],"picked":"Slimebound:MassFeed","floor":16},{"not_picked":["Slimebound:SlimeTap","Slimebound:PressTheAttack"],"picked":"Slimebound:ComboTackle","floor":19},{"not_picked":["Slimebound:ItLooksTasty+1","Slimebound:SlimeBarrage","Slimebound:Repurpose"],"picked":"SKIP","floor":20},{"not_picked":["Slimebound:SplitAcid","Slimebound:RollThrough"],"picked":"Slimebound:LeechEnergy","floor":21},{"not_picked":["Slimebound:DisruptingSlam+1","Slimebound:RollThrough","Slimebound:HungryTackle"],"picked":"SKIP","floor":23},{"not_picked":["Slimebound:ViciousTackle","Slimebound:FlameTackle+1"],"picked":"Slimebound:SlimeSlap","floor":25}],"player_experience":393151,"relics_obtained":[{"floor":4,"key":"Akabeko"},{"floor":7,"key":"Omamori"},{"floor":20,"key":"Pear"}],"event_choices":[],"is_beta":false,"boss_relics":[{"not_picked":["SlaversCollar","Calling Bell"],"picked":"Slimebound:AbsorbEndCombatUpgraded"}],"items_purged_floors":[9],"is_endless":false,"potions_floor_spawned":[2,4,13,16,19,25],"killed_by":"Gremlin Leader","ascension_level":2}}