{"host":"1p8eqzpvl5sxeu5t","time":1608283855,"event":{"mods":["BaseMod","Bestiary","Block Reminder","Colored Map","Colored Powertips","Downfall","Highlight Path","Minty Spire (QoL Compilation)","Relic Stats","StSLib","The IronCluck","Waifu the Spire","everything is the same but u backflip on backflip","slay the spire mod where everything is the same but ironclad has a cowboy hat"],"gold_per_floor":[99,127,127,52,52,152,152,184,242,276,289,289,35,45,62,162,162,162,196,211,226,226,244,244,169,200,125,40,56,76,91,105,209,209,209,226,54,69,169,201,201,372,382,382,399,410,424,474,494,494,494,528,51,51,51],"floor_reached":56,"playtime":5112,"items_purged":["champ:Strike"],"score":1608,"play_id":"163440fe-3fbb-4321-bdc3-ab97ff365a1f","local_time":"20201218173055","is_ascension_mode":true,"campfire_choices":[{"floor":1,"key":"RECALL"},{"data":"champ:Taunt","floor":4,"key":"SMITH"},{"data":"champ:AdrenalArmor","floor":18,"key":"SMITH"},{"floor":25,"key":"REST"},{"data":"champ:SwordThrow","floor":27,"key":"SMITH"},{"data":"champ:BerserkerStyle","floor":35,"key":"SMITH"},{"data":"champ:IgnorePain","floor":44,"key":"SMITH"},{"data":"Master of Strategy","floor":54,"key":"SMITH"}],"circlet_count":0,"master_deck":["champ:Execute","champ:Taunt+1","champ:BerserkersShout","champ:GladiatorsShout","champ:Control","champ:EnragedBash","champ:BerserkerStyle+1","champ:BringItOn","champ:Control","champ:EnchantShield","champ:AdrenalArmor+1","champ:LastStand","champ:VampiricStrike","champ:SwordThrow+1","champ:DeathBlow","champ:ShieldWall","champ:GladiatorsShout+1","champ:CheapShot","champ:BerserkersShout","champ:Aggression","champ:IgnorePain+1","champ:SwordSigil","champ:Control","champ:EnchantShield","champ:ArenaPreparation","champ:RecklessLeap+1","champ:LastStand","Secret Technique","champ:EndlessRage","champ:AdrenalArmor+1","champ:FanOfKnives+1","champ:EndlessRage","Master of Strategy+1","expansioncontent:BronzeBeam"],"relics":["champ:ChampionCrown","downfall:HeartsMalice","Toy Ornithopter","downfall:HeartBlessingRed","HornCleat","Pen Nib","Omamori","Ornamental Fan","Velvet Choker","Ancient Tea Set","downfall:HeartBlessingBlue","champ:FightingForDummies","downfall:HeartBlessingGreen","Pandora\u0027s Box","PreservedInsect","White Beast Statue","Bottled Flame","TungstenRod","Ginger","Bag of Preparation","Vajra"],"acts_visited":["Exordium","TheCity","TheBeyond","TheEnding"],"potions_floor_usage":[16,16,19,26,26,39,39,40,40,40,43,49],"damage_taken":[{"damage":0,"enemies":"Lagavulin","floor":2,"turns":1},{"damage":0,"enemies":"Small Slimes","floor":3,"turns":1},{"damage":0,"enemies":"2 Louse","floor":5,"turns":1},{"damage":46,"enemies":"3 Sentries","floor":8,"turns":11},{"damage":49,"enemies":"3 Sentries","floor":9,"turns":8},{"damage":56,"enemies":"Gremlin Nob","floor":10,"turns":4},{"damage":19,"enemies":"Jaw Worm","floor":11,"turns":3},{"damage":19,"enemies":"downfall:FleeingMerchant","floor":13,"turns":4},{"damage":20,"enemies":"Lots of Slimes","floor":14,"turns":5},{"damage":15,"enemies":"3 Louse","floor":15,"turns":3},{"damage":58,"enemies":"downfall:Defect","floor":16,"turns":9},{"damage":100,"enemies":"Gremlin Leader","floor":19,"turns":5},{"damage":51,"enemies":"3 Byrds","floor":20,"turns":6},{"damage":29,"enemies":"Spheric Guardian","floor":21,"turns":7},{"damage":33,"enemies":"3 Cultists","floor":23,"turns":5},{"damage":76,"enemies":"Slavers","floor":26,"turns":7},{"damage":15,"enemies":"downfall:FleeingMerchant","floor":28,"turns":4},{"damage":25,"enemies":"Snecko","floor":29,"turns":5},{"damage":65,"enemies":"Cultist and Chosen","floor":30,"turns":5},{"damage":41,"enemies":"Centurion and Healer","floor":31,"turns":4},{"damage":34,"enemies":"Chosen and Byrds","floor":32,"turns":4},{"damage":101,"enemies":"downfall:Ironclad","floor":33,"turns":9},{"damage":73,"enemies":"3 Darklings","floor":36,"turns":5},{"damage":68,"enemies":"downfall:FleeingMerchant","floor":37,"turns":5},{"damage":49,"enemies":"3 Shapes","floor":38,"turns":3},{"damage":27,"enemies":"downfall:LadyInBlue","floor":39,"turns":2},{"damage":175,"enemies":"Nemesis","floor":40,"turns":7},{"damage":38,"enemies":"downfall:FleeingMerchant","floor":42,"turns":5},{"damage":61,"enemies":"Jaw Worm Horde","floor":43,"turns":5},{"damage":59,"enemies":"Maw","floor":45,"turns":6},{"damage":73,"enemies":"Sphere and 2 Shapes","floor":46,"turns":5},{"damage":92,"enemies":"Jaw Worm Horde","floor":47,"turns":5},{"damage":136,"enemies":"Mind Bloom Boss Battle","floor":48,"turns":8},{"damage":70,"enemies":"Maw","floor":49,"turns":7},{"damage":63,"enemies":"downfall:Watcher","floor":50,"turns":6},{"damage":122,"enemies":"downfall:CharBossMerchant","floor":52,"turns":7},{"damage":156,"enemies":"downfall:NeowBoss","floor":55,"turns":17}],"seed_played":"6916189276348163603","potions_obtained":[{"floor":2,"key":"FairyPotion"},{"floor":14,"key":"Regen Potion"},{"floor":15,"key":"FearPotion"},{"floor":16,"key":"BlessingOfTheForge"},{"floor":20,"key":"FearPotion"},{"floor":23,"key":"LiquidBronze"},{"floor":26,"key":"DuplicationPotion"},{"floor":29,"key":"PowerPotion"},{"floor":30,"key":"SteroidPotion"},{"floor":39,"key":"CultistPotion"},{"floor":39,"key":"EntropicBrew"},{"floor":39,"key":"CultistPotion"},{"floor":40,"key":"Ancient Potion"},{"floor":43,"key":"hexamod:EctoCoolerPotion"},{"floor":48,"key":"Fruit Juice"},{"floor":49,"key":"Swift Potion"}],"is_trial":false,"path_per_floor":["R","E","M","R","M","?","T","E","?","E","M","?","$","M","M","B",null,"R","E","M","M","?","M","T","R","E","R","$","M","M","M","M","B",null,"R","M","$","M","?","E","T","$","M","R","M","M","M","?","M","B",null,"E","$","R","B",null],"character_chosen":"THE_CHAMP","items_purchased":["champ:EnchantShield","champ:ShieldWall","PreservedInsect","Secret Technique","Vajra","champ:EndlessRage","Master of Strategy","expansioncontent:BronzeBeam"],"campfire_rested":1,"item_purchase_floors":[13,28,37,42,53,53,53,53],"current_hp_per_floor":[90,90,90,90,90,90,90,68,60,30,24,34,34,17,9,39,100,100,48,36,40,40,24,24,67,63,63,63,63,52,88,110,79,110,110,110,110,110,110,37,37,50,70,70,110,110,110,110,115,115,115,115,115,115,115],"gold":51,"neow_bonus":"THREE_ENEMY_KILL","is_daily":false,"chose_seed":false,"campfire_upgraded":6,"win_rate":0.0,"timestamp":1608283855,"path_taken":["R","E","M","R","M","?","T","E","?","E","M","?","$","M","M","BOSS","R","E","M","M","?","M","T","R","E","R","$","M","M","M","M","BOSS","R","M","$","M","?","E","T","$","M","R","M","M","?","?","M","BOSS","E","$","R","BOSS"],"items_purchased_type":["Card","Card","Relic","Card","Relic","Card","Card","Card"],"build_version":"2020-12-13","purchased_purges":1,"victory":true,"max_hp_per_floor":[90,90,90,90,90,90,90,90,90,90,90,100,100,100,100,100,100,100,100,100,100,100,100,100,110,110,110,110,110,110,110,110,110,110,110,110,110,110,110,110,110,110,110,110,110,110,110,110,115,115,115,115,115,115,115],"relic_stats":{"counters":[37,201],"Ornamental Fan":[92],"Pandora\u0027s Box":["champ:BerserkersShout","champ:Aggression","champ:IgnorePain","champ:SwordSigil","champ:Control","champ:EnchantShield","champ:ArenaPreparation"],"Pen Nib":[24],"PreservedInsect":191,"Bag of Preparation":[2],"Ginger":[8],"obtain_stats":[{"downfall:HeartBlessingRed":4,"Velvet Choker":17,"Vajra":53,"champ:ChampionCrown":0,"downfall:HeartsMalice":0,"downfall:HeartBlessingGreen":27,"Pen Nib":8,"PreservedInsect":37,"Omamori":9,"Bag of Preparation":52,"Ginger":48,"Ancient Tea Set":19,"White Beast Statue":39,"Bottled Flame":40,"HornCleat":7,"Ornamental Fan":10,"downfall:HeartBlessingBlue":25,"Pandora\u0027s Box":34,"champ:FightingForDummies":26,"Toy Ornithopter":2,"TungstenRod":41},{"downfall:HeartBlessingRed":2,"Velvet Choker":11,"Vajra":36,"champ:ChampionCrown":0,"downfall:HeartsMalice":0,"downfall:HeartBlessingGreen":16,"Pen Nib":4,"PreservedInsect":24,"Omamori":5,"Bag of Preparation":36,"Ginger":33,"Ancient Tea Set":12,"White Beast Statue":26,"Bottled Flame":27,"HornCleat":3,"Ornamental Fan":6,"downfall:HeartBlessingBlue":15,"Pandora\u0027s Box":22,"champ:FightingForDummies":16,"Toy Ornithopter":1,"TungstenRod":27},{"downfall:HeartBlessingRed":0,"Velvet Choker":47,"Vajra":184,"champ:ChampionCrown":0,"downfall:HeartsMalice":0,"downfall:HeartBlessingGreen":77,"Pen Nib":11,"PreservedInsect":118,"Omamori":19,"Bag of Preparation":184,"Ginger":164,"Ancient Tea Set":52,"White Beast Statue":123,"Bottled Flame":130,"HornCleat":0,"Ornamental Fan":23,"downfall:HeartBlessingBlue":70,"Pandora\u0027s Box":108,"champ:FightingForDummies":77,"Toy Ornithopter":0,"TungstenRod":130}],"Toy Ornithopter":53,"TungstenRod":240},"card_choices":[{"not_picked":["champ:Balance","champ:GladiatorsShout"],"picked":"champ:BerserkersShout","floor":2},{"not_picked":["champ:FanOfKnives","champ:ShieldSigil"],"picked":"champ:GladiatorsShout","floor":3},{"not_picked":["champ:Riposte","champ:ShieldSigil"],"picked":"champ:Control","floor":5},{"not_picked":["champ:TornadoPunch","champ:CrookedStrike"],"picked":"champ:EnragedBash","floor":8},{"not_picked":["champ:FaceSlap","champ:Encircle"],"picked":"champ:BerserkerStyle","floor":9},{"not_picked":["champ:EnGarde","champ:RapidStrikes"],"picked":"champ:BringItOn","floor":10},{"not_picked":["champ:CrookedStrike","champ:SkillfulDodge"],"picked":"champ:Control","floor":11},{"not_picked":["champ:GutPunch","champ:DeathBlow","champ:FocusedGladiator"],"picked":"SKIP","floor":13},{"not_picked":["champ:GladiatorStyle","champ:ShieldWall","champ:FlashCut"],"picked":"SKIP","floor":14},{"not_picked":["champ:DefensiveShout","champ:Encircle"],"picked":"champ:AdrenalArmor","floor":15},{"not_picked":["champ:SwordThrow","champ:ShieldThrow"],"picked":"champ:LastStand","floor":16},{"not_picked":["champ:Improvising","champ:FaceSlap+1"],"picked":"champ:VampiricStrike","floor":19},{"not_picked":["champ:Encircle","champ:DefensiveShout","champ:PerfectedStrike"],"picked":"SKIP","floor":20},{"not_picked":["champ:DeathBlow","champ:GutPunch+1"],"picked":"champ:SwordThrow","floor":21},{"not_picked":["champ:FlashCut","champ:BerserkersShout","champ:DefensiveShout"],"picked":"SKIP","floor":23},{"not_picked":["champ:PerfectedStrike","champ:BerserkersShout","champ:Devastate"],"picked":"SKIP","floor":26},{"not_picked":["champ:ShieldSigil+1","champ:BladeFlurry"],"picked":"champ:DeathBlow","floor":28},{"not_picked":["champ:BringItOn","champ:DefensiveShout","champ:RecklessLeap"],"picked":"SKIP","floor":29},{"not_picked":["champ:BerserkersShout","champ:CalledShot+1"],"picked":"champ:GladiatorsShout+1","floor":30},{"not_picked":["champ:GladiatorStyle+1","champ:SwordSigil","champ:EnragedBash"],"picked":"SKIP","floor":31},{"not_picked":["champ:EnragedBash","champ:GladiatorsShout","champ:BringItOn"],"picked":"SKIP","floor":32},{"not_picked":["champ:HeavySlash","champ:ShieldThrow"],"picked":"champ:CheapShot","floor":33},{"not_picked":["champ:BerserkersShout+1","champ:Aggression","champ:ViciousMockery"],"picked":"SKIP","floor":36},{"not_picked":["champ:HeartStrike","champ:GladiatorStyle"],"picked":"champ:RecklessLeap+1","floor":37},{"not_picked":["champ:SwordSigil","champ:BerserkersShout","champ:Riposte+1"],"picked":"SKIP","floor":38},{"not_picked":["champ:BladeFlurry+1","champ:DefensiveShout"],"picked":"champ:LastStand","floor":40},{"not_picked":["champ:Backstep","champ:FanOfKnives+1","champ:Circumvent+1"],"picked":"SKIP","floor":42},{"not_picked":["champ:Shatter+1","champ:PerfectedStrike+1","champ:CrookedStrike+1"],"picked":"SKIP","floor":43},{"not_picked":["champ:BerserkersShout","champ:BladeFlurry"],"picked":"champ:EndlessRage","floor":45},{"not_picked":["champ:Encircle","champ:CalledShot+1"],"picked":"champ:AdrenalArmor+1","floor":46},{"not_picked":["champ:EnragedBash","champ:SkillfulDodge","champ:GladiatorStyle+1"],"picked":"SKIP","floor":47},{"not_picked":["champ:ShieldThrow","champ:BringItOn+1","champ:Balance+1"],"picked":"SKIP","floor":49},{"not_picked":["champ:BladeFlurry+1","champ:StrikeOfGenius"],"picked":"champ:FanOfKnives+1","floor":52}],"player_experience":817831,"relics_obtained":[{"floor":2,"key":"Toy Ornithopter"},{"floor":7,"key":"HornCleat"},{"floor":8,"key":"Pen Nib"},{"floor":9,"key":"Omamori"},{"floor":10,"key":"Ornamental Fan"},{"floor":19,"key":"Ancient Tea Set"},{"floor":26,"key":"champ:FightingForDummies"},{"floor":39,"key":"White Beast Statue"},{"floor":40,"key":"Bottled Flame"},{"floor":41,"key":"TungstenRod"},{"floor":48,"key":"Ginger"},{"floor":52,"key":"Bag of Preparation"}],"event_choices":[],"is_beta":false,"boss_relics":[{"not_picked":["Runic Pyramid","Tiny House"],"picked":"Velvet Choker"},{"not_picked":["Black Star","Coffee Dripper"],"picked":"Pandora\u0027s Box"}],"items_purged_floors":[13],"is_endless":false,"potions_floor_spawned":[2,14,15,16,20,23,26,29,30,36,40,42,43,45,46,47,48,49,52],"ascension_level":2}}