{"host":"sabve5zmqufxyc5o","time":1608303688,"event":{"mods":["2.2 Compatiblity","AchievementEnabler","Act Like it!","BaseMod","Block Reminder","Colored Map","Colored Powertips","DeckTracker","KOR Keyword Fix","Keyboard Shortcuts","Minty Spire (QoL Compilation)","Quick Restart","Rare Cards Sparkle","Relic Stats","StSLib","SuperFastMode"],"gold_per_floor":[117,13,13,13,26,26,61,61,61,78,106,106,125,152,152,152,152],"floor_reached":16,"playtime":183,"items_purged":[],"score":286,"play_id":"3fbc8c39-38a0-4e28-9145-0918f7501dbe","local_time":"20201219000128","is_ascension_mode":true,"campfire_choices":[{"data":"Zap","floor":6.0,"key":"SMITH"},{"data":"Sweeping Beam","floor":8.0,"key":"SMITH"},{"floor":15.0,"key":"REST"}],"circlet_count":0,"master_deck":["AscendersBane","Strike_B","Strike_B","Strike_B","Strike_B","Defend_B","Defend_B","Defend_B","Defend_B","Zap+1","Dualcast","Sweeping Beam+1","Blizzard","Genetic Algorithm","Conserve Battery","Go for the Eyes","Gash","Rebound","Stack"],"relics":["Cracked Core","NeowsBlessing","Kunai","Frozen Egg 2","The Courier","Darkstone Periapt","Nunchaku"],"acts_visited":["Exordium"],"potions_floor_usage":[],"damage_taken":[{"damage":0.0,"enemies":"Jaw Worm","floor":1.0,"turns":1.0},{"damage":0.0,"enemies":"Cultist","floor":5.0,"turns":1.0},{"damage":0.0,"enemies":"3 Sentries","floor":7.0,"turns":1.0},{"damage":1.0,"enemies":"Small Slimes","floor":10.0,"turns":3.0},{"damage":56.0,"enemies":"Gremlin Nob","floor":11.0,"turns":5.0},{"damage":8.0,"enemies":"3 Louse","floor":13.0,"turns":3.0},{"damage":12.0,"enemies":"3 Sentries","floor":14.0,"turns":4.0},{"damage":38,"enemies":"Slime Boss","floor":16,"turns":7}],"seed_played":"-4014277185750923325","potions_obtained":[{"floor":11.0,"key":"Fire Potion"},{"floor":13.0,"key":"DuplicationPotion"}],"is_trial":false,"path_per_floor":["M","$","?","$","M","R","E","R","T","M","E","?","M","E","R","B"],"character_chosen":"DEFECT","items_purchased":["Hologram","Blizzard"],"campfire_rested":1,"item_purchase_floors":[2,2],"current_hp_per_floor":[64,64,64,64,64,64,64,64,64,63,7,30,22,10,31,0,0],"gold":152,"neow_bonus":"THREE_ENEMY_KILL","is_daily":false,"chose_seed":false,"campfire_upgraded":2,"win_rate":0.0,"timestamp":1608303688,"path_taken":["M","$","?","$","M","R","E","R","T","?","E","?","M","E","R","BOSS"],"items_purchased_type":["Card","Card"],"build_version":"2020-12-13","purchased_purges":0,"victory":false,"max_hp_per_floor":[71,71,71,71,71,71,71,71,71,71,71,71,71,71,71,71,71],"relic_stats":{"Darkstone Periapt":0,"Nunchaku":[1],"counters":[8,25],"Kunai":[9],"obtain_stats":[{"Darkstone Periapt":11,"Nunchaku":14,"NeowsBlessing":0,"The Courier":9,"Kunai":3,"Frozen Egg 2":7,"Cracked Core":0},{"Darkstone Periapt":5,"Nunchaku":7,"NeowsBlessing":0,"The Courier":3,"Kunai":1,"Frozen Egg 2":3,"Cracked Core":0},{"Darkstone Periapt":11,"Nunchaku":18,"NeowsBlessing":0,"The Courier":3,"Kunai":1,"Frozen Egg 2":3,"Cracked Core":0}]},"card_choices":[{"not_picked":["Steam","Hologram"],"picked":"Sweeping Beam","floor":1.0},{"not_picked":["Stack","Hyperbeam"],"picked":"Genetic Algorithm","floor":5.0},{"not_picked":["Biased Cognition+1","Barrage"],"picked":"Conserve Battery","floor":7.0},{"not_picked":["Capacitor+1","Consume"],"picked":"Go for the Eyes","floor":10.0},{"not_picked":["Coolheaded","Streamline"],"picked":"Gash","floor":11.0},{"not_picked":["Leap","Steam"],"picked":"Rebound","floor":13.0},{"not_picked":["Multi-Cast","Storm+1"],"picked":"Stack","floor":14.0}],"player_experience":785949,"relics_obtained":[{"floor":7.0,"key":"Frozen Egg 2"},{"floor":9.0,"key":"The Courier"},{"floor":11.0,"key":"Darkstone Periapt"},{"floor":14.0,"key":"Nunchaku"}],"event_choices":[{"cards_removed":["Hologram"],"damage_healed":0.0,"max_hp_gain":0.0,"max_hp_loss":0.0,"gold_gain":0.0,"event_name":"WeMeetAgain","player_choice":"Gave Card","floor":3.0,"gold_loss":0.0,"damage_taken":0.0,"relics_obtained":["Kunai"]},{"damage_healed":23.0,"max_hp_gain":0.0,"max_hp_loss":0.0,"gold_gain":0.0,"event_name":"Big Fish","player_choice":"Banana","floor":12.0,"gold_loss":0.0,"damage_taken":0.0}],"is_beta":false,"boss_relics":[],"items_purged_floors":[],"is_endless":false,"potions_floor_spawned":[11,13],"killed_by":"Slime Boss","ascension_level":20}}