{"host":"jx3f6ezc0g3s9edc","time":1608255109,"event":{"mods":["AchievementEnabler","BaseMod","Bestiary","Colored Map","Highlight Path","Minty Spire (QoL Compilation)","StSLib"],"gold_per_floor":[112,187,187,287,308,339,339,377,432,432,127,127,140,155,155,281,281,301,301,120,139,64,64,64,64,133,166,179,179,192,212,212,337,337,360,385,82,82,415,415,450,450,500,512,531,531,547,547,547,547,547],"floor_reached":50,"playtime":3686,"items_purged":["Strike_R","Strike_R"],"score":797,"play_id":"a5a0f698-d8da-4b3a-a453-df527187f81d","local_time":"20201217203149","is_ascension_mode":true,"campfire_choices":[{"data":"Whirlwind","floor":7.0,"key":"SMITH"},{"floor":10.0,"key":"REST"},{"data":"Spot Weakness","floor":12.0,"key":"SMITH"},{"data":"Rampage","floor":15.0,"key":"SMITH"},{"data":"Ghostly Armor","floor":23.0,"key":"SMITH"},{"floor":25.0,"key":"REST"},{"data":"Intimidate","floor":29.0,"key":"SMITH"},{"floor":32.0,"key":"REST"},{"data":"Shrug It Off","floor":40.0,"key":"SMITH"},{"floor":42.0,"key":"REST"},{"floor":49.0,"key":"REST"}],"circlet_count":0,"master_deck":["AscendersBane","Defend_R+1","Defend_R+1","Defend_R","Bash+1","Rampage+1","Whirlwind+1","Intimidate+1","Shrug It Off+1","Spot Weakness+1","Ghostly Armor+1","Offering","Good Instincts","Sword Boomerang+1","Warcry","Immolate+1","Rupture+1","Whirlwind+1","Bloodletting","Power Through+1"],"relics":["Burning Blood","Orichalcum","Charon\u0027s Ashes","Regal Pillow","Medical Kit","Philosopher\u0027s Stone","Pear","Bag of Marbles","Empty Cage","Whetstone","War Paint","Pantograph","Juzu Bracelet"],"acts_visited":["Exordium","TheCity","TheBeyond"],"potions_floor_usage":[50],"damage_taken":[{"damage":5.0,"enemies":"2 Louse","floor":1.0,"turns":4.0},{"damage":11.0,"enemies":"Small Slimes","floor":5.0,"turns":4.0},{"damage":12.0,"enemies":"Gremlin Nob","floor":6.0,"turns":4.0},{"damage":29.0,"enemies":"3 Sentries","floor":8.0,"turns":6.0},{"damage":1.0,"enemies":"Cultist","floor":13.0,"turns":3.0},{"damage":0.0,"enemies":"3 Louse","floor":14.0,"turns":1.0},{"damage":52.0,"enemies":"The Guardian","floor":16.0,"turns":10.0},{"damage":32.0,"enemies":"3 Byrds","floor":18.0,"turns":3.0},{"damage":6.0,"enemies":"2 Thieves","floor":21.0,"turns":2.0},{"damage":19.0,"enemies":"Slavers","floor":27.0,"turns":3.0},{"damage":21.0,"enemies":"Snecko","floor":28.0,"turns":5.0},{"damage":15.0,"enemies":"3 Cultists","floor":30.0,"turns":5.0},{"damage":6.0,"enemies":"Sentry and Sphere","floor":31.0,"turns":4.0},{"damage":55.0,"enemies":"Champ","floor":33.0,"turns":11.0},{"damage":20.0,"enemies":"3 Darklings","floor":35.0,"turns":3.0},{"damage":2.0,"enemies":"Orb Walker","floor":36.0,"turns":4.0},{"damage":23.0,"enemies":"Reptomancer","floor":41.0,"turns":4.0},{"damage":8.0,"enemies":"3 Darklings","floor":44.0,"turns":2.0},{"damage":65.0,"enemies":"Maw","floor":45.0,"turns":9.0},{"damage":6.0,"enemies":"Transient","floor":47.0,"turns":5.0},{"damage":91,"enemies":"Time Eater","floor":50,"turns":8}],"seed_played":"-6016290785364465074","potions_obtained":[{"floor":1.0,"key":"Fire Potion"},{"floor":5.0,"key":"HeartOfIron"},{"floor":6.0,"key":"PowerPotion"},{"floor":16.0,"key":"SteroidPotion"},{"floor":21.0,"key":"Swift Potion"},{"floor":27.0,"key":"LiquidBronze"},{"floor":30.0,"key":"Block Potion"},{"floor":41.0,"key":"FearPotion"},{"floor":45.0,"key":"LiquidBronze"},{"floor":47.0,"key":"Swift Potion"}],"is_trial":false,"path_per_floor":["M","?","?","?","M","E","R","E","T","R","$","R","M","M","R","B",null,"M","?","$","M","?","R","?","R","T","E","M","R","M","M","R","B",null,"M","M","$","?","?","R","E","R","T","M","M","?","M","?","R","B"],"character_chosen":"IRONCLAD","items_purchased":["Medical Kit","Spot Weakness","Good Instincts","Whetstone","War Paint"],"campfire_rested":5,"item_purchase_floors":[11,11,20,37,37],"current_hp_per_floor":[73,62,62,62,57,51,51,28,28,65,65,65,70,74,74,28,63,37,37,37,37,37,37,31,68,78,65,50,50,41,41,81,32,71,57,61,61,61,61,61,44,80,80,78,19,19,19,19,58,0,0],"gold":547,"neow_bonus":"UPGRADE_CARD","is_daily":false,"chose_seed":false,"campfire_upgraded":6,"win_rate":0.0,"timestamp":1608255109,"path_taken":["M","?","?","?","M","E","R","E","T","R","$","R","M","?","R","BOSS","M","?","?","M","?","R","?","R","T","E","M","R","?","M","R","BOSS","M","M","$","?","?","R","E","R","T","M","M","?","M","?","R","BOSS"],"items_purchased_type":["Relic","Card","Card","Relic","Relic"],"build_version":"2020-12-13","purchased_purges":2,"victory":false,"max_hp_per_floor":[80,80,74,74,74,74,74,74,74,74,74,74,74,74,74,74,74,74,74,74,74,74,74,74,74,84,84,84,84,84,84,84,84,84,84,84,84,80,80,80,80,80,80,80,80,80,80,80,80,80,80],"card_choices":[{"not_picked":["True Grit","Shrug It Off"],"picked":"Rampage","floor":1.0},{"not_picked":["Clash","Thunderclap"],"picked":"Whirlwind","floor":5.0},{"not_picked":["Cleave","Sword Boomerang"],"picked":"Intimidate","floor":6.0},{"not_picked":["Pommel Strike","Clash"],"picked":"Shrug It Off","floor":8.0},{"not_picked":["Twin Strike","Burning Pact","Pommel Strike"],"picked":"SKIP","floor":13.0},{"not_picked":["Reckless Charge","Uppercut"],"picked":"Ghostly Armor","floor":14.0},{"not_picked":["Impervious","Corruption"],"picked":"Offering","floor":16.0},{"not_picked":["Flex+1","Havoc","Blood for Blood"],"picked":"SKIP","floor":18.0},{"not_picked":["Clash","Twin Strike","Armaments+1"],"picked":"SKIP","floor":21.0},{"not_picked":["Rampage","Uppercut","Clash"],"picked":"SKIP","floor":27.0},{"not_picked":["Dropkick","Infernal Blade"],"picked":"Sword Boomerang+1","floor":28.0},{"not_picked":["Clothesline","Sword Boomerang"],"picked":"Warcry","floor":30.0},{"not_picked":["Entrench","Burning Pact","Cleave"],"picked":"SKIP","floor":31.0},{"not_picked":["Barricade","Bludgeon"],"picked":"Immolate","floor":33.0},{"not_picked":["Pommel Strike","Carnage"],"picked":"Rupture+1","floor":35.0},{"not_picked":["True Grit+1","Anger+1"],"picked":"Whirlwind","floor":36.0},{"not_picked":["Combust+1","Entrench+1"],"picked":"Bloodletting","floor":41.0},{"not_picked":["Cleave","Warcry"],"picked":"Power Through+1","floor":44.0},{"not_picked":["Thunderclap","Wild Strike+1","Exhume"],"picked":"SKIP","floor":45.0},{"not_picked":["Flex+1","Armaments+1","Headbutt+1"],"picked":"SKIP","floor":47.0}],"player_experience":683414,"relics_obtained":[{"floor":6.0,"key":"Orichalcum"},{"floor":8.0,"key":"Charon\u0027s Ashes"},{"floor":9.0,"key":"Regal Pillow"},{"floor":26.0,"key":"Pear"},{"floor":27.0,"key":"Bag of Marbles"},{"floor":41.0,"key":"Pantograph"},{"floor":43.0,"key":"Juzu Bracelet"}],"event_choices":[{"damage_healed":0.0,"max_hp_gain":0.0,"max_hp_loss":0.0,"gold_gain":75.0,"event_name":"World of Goop","player_choice":"Gather Gold","floor":2.0,"gold_loss":0.0,"damage_taken":11.0},{"damage_healed":0.0,"max_hp_gain":0.0,"max_hp_loss":6.0,"gold_gain":0.0,"event_name":"Golden Idol","player_choice":"Lose Max HP","floor":3.0,"gold_loss":0.0,"damage_taken":0.0,"relics_obtained":["Golden Idol"]},{"damage_healed":0.0,"max_hp_gain":0.0,"max_hp_loss":0.0,"gold_gain":100.0,"event_name":"Golden Shrine","player_choice":"Pray","floor":4.0,"gold_loss":0.0,"damage_taken":0.0},{"damage_healed":0.0,"max_hp_gain":0.0,"max_hp_loss":0.0,"gold_gain":0.0,"event_name":"N\u0027loth","player_choice":"Ignored","floor":19.0,"gold_loss":0.0,"damage_taken":0.0},{"cards_removed":["Strike_R"],"damage_healed":0.0,"max_hp_gain":0.0,"max_hp_loss":0.0,"gold_gain":0.0,"event_name":"Beggar","player_choice":"Gave Gold","floor":22.0,"gold_loss":75.0,"damage_taken":0.0},{"damage_healed":0.0,"max_hp_gain":0.0,"max_hp_loss":0.0,"gold_gain":0.0,"event_name":"Knowing Skull","player_choice":"","floor":24.0,"potions_obtained":[],"gold_loss":0.0,"damage_taken":6.0,"cards_obtained":[]},{"damage_healed":0.0,"max_hp_gain":0.0,"max_hp_loss":4.0,"gold_gain":0.0,"event_name":"Winding Halls","player_choice":"Max HP","floor":38.0,"gold_loss":0.0,"damage_taken":0.0},{"damage_healed":0.0,"max_hp_gain":0.0,"max_hp_loss":0.0,"gold_gain":333.0,"event_name":"The Moai Head","player_choice":"Gave Idol","floor":39.0,"relics_lost":["Golden Idol"],"gold_loss":0.0,"damage_taken":0.0},{"damage_healed":0.0,"max_hp_gain":0.0,"max_hp_loss":0.0,"gold_gain":0.0,"event_name":"SensoryStone","player_choice":"Memory 1","floor":46.0,"gold_loss":0.0,"damage_taken":0.0},{"cards_removed":["Defend_R"],"damage_healed":0.0,"max_hp_gain":0.0,"max_hp_loss":0.0,"gold_gain":0.0,"event_name":"Bonfire Elementals","player_choice":"Offered Basic","floor":48.0,"gold_loss":0.0,"damage_taken":0.0}],"is_beta":false,"boss_relics":[{"not_picked":["Cursed Key","Coffee Dripper"],"picked":"Philosopher\u0027s Stone"},{"not_picked":["Runic Cube","SacredBark"],"picked":"Empty Cage"}],"items_purged_floors":[11,20],"is_endless":false,"potions_floor_spawned":[1,5,6,16,21,27,30,41,45,47],"killed_by":"Time Eater","ascension_level":11}}