{"host":"an6uhul3yec8m0jh","time":1608271545,"event":{"mods":["Act Like it!","BaseMod","Colored Map","Colored Powertips","Gensokyo","Highlight Path","Minty Spire (QoL Compilation)","Quick Restart","StSLib","Waifu the Spire","noobMod"],"gold_per_floor":[211,221,99,29,48,77,77,90,115,134,134,153,184,202,202,298,298,308,308,132,147,147,147],"floor_reached":22,"playtime":1548,"items_purged":["Strike_G","Strike_G"],"score":303,"play_id":"ad5e6f38-17bc-49b5-b692-5ba8d34f564b","local_time":"20201218140545","is_ascension_mode":true,"campfire_choices":[{"data":"Blade Dance","floor":7.0,"key":"SMITH"},{"data":"Noxious Fumes","floor":11.0,"key":"SMITH"},{"data":"Cloak And Dagger","floor":15.0,"key":"SMITH"}],"circlet_count":0,"master_deck":["Strike_G","Strike_G","Strike_G","Defend_G","Defend_G","Defend_G","Defend_G","Defend_G","Survivor","Neutralize","Catalyst","Noxious Fumes+1","Blade Dance+1","Deadly Poison","Tools of the Trade","Backflip","Bane","Cloak And Dagger+1","Night Terror","Calculated Gamble","Gensokyo:FourOfAKind","Gensokyo:FourOfAKind","Gensokyo:FourOfAKind","Gensokyo:FourOfAKind","Blade Dance"],"relics":["Ring of the Snake","ice","Blood Vial","Dream Catcher","Art of War","Regal Pillow","HoveringKite"],"acts_visited":["Gensokyo:Gensokyo","Gensokyo:Gensokyoer"],"potions_floor_usage":[21,22],"damage_taken":[{"damage":13.0,"enemies":"Gensokyo:3_Fairies","floor":1.0,"turns":7.0},{"damage":2.0,"enemies":"Gensokyo:2_Kodama","floor":2.0,"turns":4.0},{"damage":0.0,"enemies":"Gensokyo:LivingMonolith","floor":5.0,"turns":3.0},{"damage":48.0,"enemies":"Gensokyo:Aya","floor":6.0,"turns":9.0},{"damage":4.0,"enemies":"Gensokyo:Kitsune","floor":8.0,"turns":3.0},{"damage":7.0,"enemies":"Gensokyo:2_Rabbits","floor":10.0,"turns":4.0},{"damage":4.0,"enemies":"Gensokyo:3_Kodama","floor":12.0,"turns":5.0},{"damage":12.0,"enemies":"Gensokyo:Mamizou","floor":13.0,"turns":6.0},{"damage":4.0,"enemies":"Gensokyo:VengefulSpirit","floor":14.0,"turns":4.0},{"damage":8.0,"enemies":"Gensokyo:Yukari","floor":16.0,"turns":8.0},{"damage":23.0,"enemies":"Gensokyo:3_Dogs","floor":18.0,"turns":7.0},{"damage":31,"enemies":"Gensokyo:AngelMirror","floor":21,"turns":3},{"damage":12,"enemies":"Gensokyo:3_Gloops","floor":22,"turns":4}],"seed_played":"4741156061158307674","potions_obtained":[{"floor":1.0,"key":"LiquidMemories"},{"floor":8.0,"key":"GamblersBrew"},{"floor":10.0,"key":"Block Potion"},{"floor":13.0,"key":"LiquidMemories"},{"floor":16.0,"key":"Energy Potion"},{"floor":18.0,"key":"Poison Potion"}],"is_trial":false,"path_per_floor":["M","?","$","?","M","E","R","M","T","M","R","M","E","M","R","B",null,"M","?","$","M","M"],"character_chosen":"THE_SILENT","items_purchased":["Blade Dance","Blade Dance","Swift Potion"],"campfire_rested":0,"item_purchase_floors":[3,20,20],"current_hp_per_floor":[50,48,48,48,50,70,70,66,66,61,61,59,49,47,47,41,63,42,42,42,13,3,3],"gold":147,"neow_bonus":"HUNDRED_GOLD","is_daily":false,"chose_seed":false,"campfire_upgraded":3,"win_rate":0.0,"timestamp":1608271545,"path_taken":["M","?","$","?","M","E","R","?","T","M","R","M","E","M","R","BOSS","M","?","$","M","M"],"items_purchased_type":["Card","Card","Potion"],"build_version":"2020-12-13","purchased_purges":2,"victory":false,"max_hp_per_floor":[70,70,70,70,70,70,70,70,70,70,70,70,70,70,70,70,70,70,49,49,49,49,49],"card_choices":[{"not_picked":["Terror","Dodge and Roll"],"picked":"Catalyst","floor":1.0},{"not_picked":["Infinite Blades","Prepared"],"picked":"Noxious Fumes","floor":2.0},{"not_picked":["Leg Sweep","Noxious Fumes","Concentrate"],"picked":"SKIP","floor":5.0},{"not_picked":["Flechettes","Bane"],"picked":"Deadly Poison","floor":6.0},{"not_picked":["Dodge and Roll","Underhanded Strike"],"picked":"Tools of the Trade","floor":8.0},{"not_picked":["Deflect","Skewer"],"picked":"Backflip","floor":10.0},{"not_picked":["Concentrate","Flying Knee"],"picked":"Bane","floor":12.0},{"not_picked":["Underhanded Strike","Dodge and Roll"],"picked":"Cloak And Dagger","floor":13.0},{"not_picked":["PiercingWail","Setup","Choke"],"picked":"SKIP","floor":14.0},{"not_picked":["Envenom","Malaise"],"picked":"Night Terror","floor":16.0},{"not_picked":["Dagger Spray+1","Outmaneuver+1"],"picked":"Calculated Gamble","floor":18.0},{"not_picked":["Prepared","Cloak And Dagger","Quick Slash"],"picked":"SKIP","floor":21}],"player_experience":180179,"relics_obtained":[{"floor":6.0,"key":"Dream Catcher"},{"floor":9.0,"key":"Art of War"},{"floor":13.0,"key":"Regal Pillow"}],"event_choices":[],"is_beta":false,"boss_relics":[{"not_picked":["Tiny House","Velvet Choker"],"picked":"HoveringKite"}],"items_purged_floors":[3,20],"is_endless":false,"potions_floor_spawned":[1,8,10,13,16,18],"killed_by":"Gensokyo:3_Gloops","ascension_level":9}}