{"host":"m9i7qe3hvz6jihjh","time":1608306334,"event":{"mods":["BaseMod","Colored Powertips","Infinite Spire","Minty Spire (QoL Compilation)","Quick Restart","StSLib","The Animator","Waifu the Spire"],"gold_per_floor":[119,119,33,33,33,33,33,52,52,2,2,2,2,22,22,123,123,138,63,83,83,93,93,93,93,93,93,108,108,108],"floor_reached":29,"playtime":738,"items_purged":[],"score":259,"play_id":"53925d2e-4a6d-4950-8182-9ea26b013d98","local_time":"20201218164534","is_ascension_mode":false,"campfire_choices":[{"data":"Eruption","floor":6,"key":"SMITH"},{"data":"WindmillStrike","floor":12,"key":"SMITH"},{"data":"PathToVictory","floor":15,"key":"SMITH"},{"floor":24,"key":"REST"},{"data":"EmptyBody","floor":27,"key":"SMITH"}],"circlet_count":0,"master_deck":["Strike_P","Strike_P","Defend_P","Defend_P","Eruption+1","Vigilance","WindmillStrike+1","Wireheading","Wireheading","PathToVictory+1","LessonLearned","JustLucky+1","EmptyBody+1","ClearTheMind+1","CarveReality"],"relics":["PureWater","NeowsBlessing","infinitespire:CheckeredPen","Question Card","Yang","VioletLotus","Empty Cage","Gambling Chip","Bottled Tornado"],"acts_visited":["Exordium","TheCity"],"potions_floor_usage":[20,22],"damage_taken":[{"damage":0,"enemies":"2 Louse","floor":1,"turns":1},{"damage":0,"enemies":"Cultist","floor":8,"turns":1},{"damage":0,"enemies":"Jaw Worm","floor":14,"turns":1},{"damage":0,"enemies":"Slime Boss","floor":16,"turns":7},{"damage":5,"enemies":"Chosen","floor":18,"turns":5},{"damage":8,"enemies":"Shell Parasite","floor":20,"turns":2},{"damage":40,"enemies":"Chosen and Byrds","floor":22,"turns":8},{"damage":17,"enemies":"Shelled Parasite and Fungi","floor":28,"turns":5},{"damage":26,"enemies":"Slavers","floor":29,"turns":3}],"seed_played":"3187028341733590479","potions_obtained":[{"floor":1,"key":"SpeedPotion"},{"floor":18,"key":"SteroidPotion"}],"is_trial":false,"path_per_floor":["M","?","$","T","$","R","?","M","T","?","?","R","$","M","R","B",null,"M","?","M","?","M","?","R","AVR","T","R","M","E"],"character_chosen":"WATCHER","items_purchased":["Wireheading","JustLucky"],"campfire_rested":1,"item_purchase_floors":[3,3],"current_hp_per_floor":[72,72,72,72,72,72,69,69,69,69,62,62,62,62,62,62,72,67,67,59,59,19,43,64,64,64,64,47,21,21],"gold":108,"neow_bonus":"THREE_ENEMY_KILL","is_daily":false,"chose_seed":false,"campfire_upgraded":4,"win_rate":0.0,"timestamp":1608306334,"path_taken":["M","?","$","?","?","R","?","M","T","?","?","R","?","M","R","BOSS","M","?","M","?","M","?","R","AVR","T","R","M","E"],"items_purchased_type":["Card","Card"],"build_version":"2020-12-13","purchased_purges":0,"victory":false,"max_hp_per_floor":[72,72,72,72,72,72,72,72,72,72,72,72,72,72,72,72,72,72,72,72,72,72,72,72,72,72,72,72,72,72],"card_choices":[{"not_picked":["JustLucky","FlyingSleeves"],"picked":"WindmillStrike","floor":1},{"not_picked":["WaveOfTheHand","CrushJoints","EmptyFist"],"picked":"Wireheading","floor":8},{"not_picked":["JustLucky","EmptyFist","FollowUp"],"picked":"PathToVictory","floor":14},{"not_picked":["Omniscience","Establishment","Judgement"],"picked":"LessonLearned","floor":16},{"not_picked":["Evaluate","Halt","InnerPeace"],"picked":"JustLucky","floor":18},{"not_picked":["FearNoEvil","CrushJoints","FlurryOfBlows"],"picked":"EmptyBody","floor":20},{"not_picked":["MasterReality","JustLucky","Halt"],"picked":"ClearTheMind+1","floor":22},{"not_picked":["SandsOfTime","Crescendo","Fasting2"],"picked":"CarveReality","floor":28}],"player_experience":871037,"relics_obtained":[{"floor":4,"key":"infinitespire:CheckeredPen"},{"floor":9,"key":"Yang"},{"floor":26,"key":"Bottled Tornado"}],"event_choices":[{"cards_removed":["Decay"],"damage_healed":0,"gold_gain":0,"player_choice":"Took Card","damage_taken":0,"max_hp_gain":0,"max_hp_loss":0,"event_name":"NoteForYourself","floor":2,"gold_loss":0,"cards_obtained":["Decay"]},{"damage_healed":0,"gold_gain":0,"player_choice":"Success","damage_taken":3,"relics_obtained":["Question Card"],"max_hp_gain":0,"max_hp_loss":0,"event_name":"Scrap Ooze","floor":7,"gold_loss":0},{"cards_removed":["Defend_P"],"damage_healed":0,"gold_gain":0,"player_choice":"Card Removal","damage_taken":0,"max_hp_gain":0,"max_hp_loss":0,"event_name":"The Cleric","floor":10,"gold_loss":50},{"cards_removed":["Strike_P"],"damage_healed":0,"gold_gain":0,"player_choice":"Card Removal","damage_taken":7,"max_hp_gain":0,"max_hp_loss":0,"event_name":"Golden Wing","floor":11,"gold_loss":0},{"cards_removed":["Strike_P"],"damage_healed":0,"gold_gain":0,"player_choice":"Gave Gold","damage_taken":0,"max_hp_gain":0,"max_hp_loss":0,"event_name":"Beggar","floor":19,"gold_loss":75},{"damage_healed":24,"gold_gain":0,"player_choice":"Heal","damage_taken":0,"max_hp_gain":0,"max_hp_loss":0,"event_name":"The Library","floor":23,"gold_loss":0}],"is_beta":false,"boss_relics":[{"not_picked":["SacredBark","Coffee Dripper"],"picked":"VioletLotus"}],"items_purged_floors":[],"is_endless":false,"potions_floor_spawned":[1,18],"killed_by":"Slavers","ascension_level":0}}