{"host":"6azrrw3tf7wb0f4b","time":1608286277,"event":{"mods":["BaseMod","DeckTracker","Minty Spire (QoL Compilation)","SuperFastMode"],"gold_per_floor":[114,289,214,314,332,367,367,392,447,447,457,470,470,486,486,581,581,521,537,123,143,157,157,72,107,107,107,107,107],"floor_reached":28,"playtime":1960,"items_purged":["Doubt","Strike_B"],"score":400,"play_id":"9757adab-4a81-4efb-996b-14aa3ab95dd1","local_time":"20201218191117","is_ascension_mode":true,"campfire_choices":[{"data":"Dualcast","floor":7,"key":"SMITH"},{"floor":10,"key":"REST"},{"data":"Zap","floor":15,"key":"SMITH"},{"floor":23,"key":"REST"},{"data":"White Noise","floor":27,"key":"SMITH"}],"circlet_count":0,"master_deck":["Strike_B","Strike_B","Strike_B","Defend_B","Defend_B","Defend_B","Defend_B","Zap+1","Dualcast+1","Conserve Battery","Cold Snap","Glacier","Redo","Turbo","Hologram","White Noise+1","Biased Cognition","CurseOfTheBell","Loop+1","Rebound+1","Cold Snap+1","Doom and Gloom+1","Meteor Strike+1"],"relics":["Cracked Core","Tiny Chest","Oddly Smooth Stone","Akabeko","MealTicket","Lantern","Calling Bell","Art of War","Molten Egg 2","Du-Vu Doll","Gambling Chip","Bird Faced Urn","White Beast Statue","Ancient Tea Set"],"acts_visited":["Exordium","TheCity"],"potions_floor_usage":[16,16,16,16,22,28],"damage_taken":[{"damage":1,"enemies":"Cultist","floor":1,"turns":4},{"damage":2,"enemies":"Jaw Worm","floor":5,"turns":4},{"damage":28,"enemies":"Lagavulin","floor":6,"turns":9},{"damage":17,"enemies":"3 Sentries","floor":8,"turns":17},{"damage":0,"enemies":"Small Slimes","floor":11,"turns":3},{"damage":0,"enemies":"2 Fungi Beasts","floor":12,"turns":3},{"damage":3,"enemies":"Looter","floor":14,"turns":3},{"damage":0,"enemies":"Hexaghost","floor":16,"turns":9},{"damage":20,"enemies":"2 Thieves","floor":18,"turns":4},{"damage":8,"enemies":"Chosen","floor":19,"turns":7},{"damage":36,"enemies":"Snecko","floor":21,"turns":5},{"damage":3,"enemies":"Centurion and Healer","floor":22,"turns":5},{"damage":13,"enemies":"Book of Stabbing","floor":25,"turns":7},{"damage":37,"enemies":"Snake Plant","floor":28,"turns":3}],"seed_played":"-2978017344113014948","potions_obtained":[{"floor":8,"key":"Dexterity Potion"},{"floor":11,"key":"SkillPotion"},{"floor":14,"key":"EntropicBrew"},{"floor":21,"key":"FocusPotion"},{"floor":25,"key":"ColorlessPotion"}],"is_trial":false,"path_per_floor":["M","?","$","?","M","E","R","E","T","R","M","M","T","M","R","B",null,"M","M","$","M","M","R","?","E","T","R","M"],"character_chosen":"DEFECT","items_purchased":["Gambling Chip"],"campfire_rested":2,"item_purchase_floors":[20],"current_hp_per_floor":[67,67,67,67,65,37,37,20,20,42,42,42,42,39,39,39,66,46,38,53,17,14,36,36,29,29,29,0,0],"gold":107,"neow_bonus":"RANDOM_COMMON_RELIC","is_daily":false,"chose_seed":false,"campfire_upgraded":3,"win_rate":0.0,"timestamp":1608286277,"path_taken":["M","?","$","?","M","E","R","E","T","R","M","?","?","M","R","BOSS","M","M","$","M","M","R","?","E","T","R","M"],"items_purchased_type":["Relic"],"build_version":"2020-12-13","purchased_purges":2,"victory":false,"max_hp_per_floor":[75,75,75,75,75,75,75,75,75,75,75,75,75,75,75,75,75,75,75,75,75,75,75,75,75,75,75,75,75],"card_choices":[{"not_picked":["Compile Driver","Loop"],"picked":"Conserve Battery","floor":1},{"not_picked":["Scrape","Rip and Tear"],"picked":"Cold Snap","floor":5},{"not_picked":["Turbo","Conserve Battery"],"picked":"Glacier","floor":6},{"not_picked":["Recycle","Turbo"],"picked":"Redo","floor":8},{"not_picked":["Ball Lightning","Self Repair"],"picked":"Turbo","floor":11},{"not_picked":["Sweeping Beam","Redo"],"picked":"Hologram","floor":12},{"not_picked":["Leap","Machine Learning"],"picked":"White Noise","floor":14},{"not_picked":["Rainbow","Buffer"],"picked":"Biased Cognition","floor":16},{"not_picked":["Conserve Battery","Leap"],"picked":"Loop+1","floor":18},{"not_picked":["Gash+1","Compile Driver+1"],"picked":"Rebound+1","floor":19},{"not_picked":["Capacitor","Melter+1"],"picked":"Cold Snap+1","floor":21},{"not_picked":["Steam Power","Glacier"],"picked":"Doom and Gloom+1","floor":22},{"not_picked":["Leap","Sweeping Beam+1"],"picked":"Meteor Strike+1","floor":25}],"player_experience":622842,"relics_obtained":[{"floor":6,"key":"Oddly Smooth Stone"},{"floor":8,"key":"Akabeko"},{"floor":9,"key":"MealTicket"},{"floor":13,"key":"Lantern"},{"floor":17,"key":"Art of War"},{"floor":17,"key":"Molten Egg 2"},{"floor":17,"key":"Du-Vu Doll"},{"floor":25,"key":"White Beast Statue"},{"floor":26,"key":"Ancient Tea Set"}],"event_choices":[{"damage_healed":0,"gold_gain":175,"player_choice":"AGREE","damage_taken":0,"max_hp_gain":0,"max_hp_loss":0,"event_name":"Liars Game","floor":2,"gold_loss":0,"cards_obtained":["Doubt"]},{"damage_healed":0,"gold_gain":100,"player_choice":"Pray","damage_taken":0,"max_hp_gain":0,"max_hp_loss":0,"event_name":"Golden Shrine","floor":4,"gold_loss":0},{"damage_healed":0,"gold_gain":0,"player_choice":"Obtained Relic","damage_taken":0,"relics_obtained":["Bird Faced Urn"],"max_hp_gain":0,"max_hp_loss":0,"event_name":"Addict","floor":24,"gold_loss":85}],"is_beta":false,"boss_relics":[{"not_picked":["Coffee Dripper","Runic Dome"],"picked":"Calling Bell"}],"items_purged_floors":[3,20],"is_endless":false,"potions_floor_spawned":[8,11,14,21,25],"killed_by":"Snake Plant","ascension_level":7}}