{"host":"q9718omregw4er46","time":1608309171,"event":{"mods":["BaseMod","Bestiary","Colored Powertips","Custom Start","Highlight Path","Minty Spire (QoL Compilation)","Practice Mode","Quick Restart","Relic Stats"],"gold_per_floor":[118,118,118,130,55,71,71,71,145,155,155,155],"floor_reached":11,"playtime":277,"items_purged":["Strike_B"],"score":123,"play_id":"56d2caff-4241-4548-9ca1-592b6cbb66ad","local_time":"20201218213251","is_ascension_mode":true,"campfire_choices":[{"floor":7,"key":"REST"}],"circlet_count":0,"master_deck":["AscendersBane","Strike_B+1","Strike_B","Strike_B","Defend_B","Defend_B+1","Defend_B","Defend_B","Zap","Dualcast","Capacitor","Go for the Eyes","Cold Snap"],"relics":["Cracked Core","Omamori","Kunai"],"acts_visited":["Exordium"],"potions_floor_usage":[11,11],"damage_taken":[{"damage":1,"enemies":"Cultist","floor":1,"turns":3},{"damage":4,"enemies":"Jaw Worm","floor":4,"turns":4},{"damage":5,"enemies":"2 Louse","floor":6,"turns":3},{"damage":29,"enemies":"Large Slime","floor":10,"turns":8},{"damage":6,"enemies":"Lagavulin","floor":11,"turns":4}],"seed_played":"-8253963226256651545","potions_obtained":[{"floor":4,"key":"GamblersBrew"},{"floor":10,"key":"ColorlessPotion"}],"is_trial":false,"path_per_floor":["M","?","?","M","$","M","R","?","T","M","E"],"character_chosen":"DEFECT","items_purchased":[],"campfire_rested":1,"item_purchase_floors":[],"current_hp_per_floor":[70,75,40,36,36,31,55,30,30,1,0,0],"gold":155,"neow_bonus":"TEN_PERCENT_HP_BONUS","is_daily":false,"chose_seed":false,"campfire_upgraded":0,"win_rate":0.0,"timestamp":1608309171,"path_taken":["M","?","?","M","$","M","R","?","T","M","E"],"items_purchased_type":[],"build_version":"2020-12-13","purchased_purges":1,"victory":false,"max_hp_per_floor":[78,83,83,83,83,83,83,83,83,83,83,83],"relic_stats":{"counters":[5,22],"Kunai":[1],"obtain_stats":[{"Omamori":3,"Kunai":9,"Cracked Core":0},{"Omamori":1,"Kunai":3,"Cracked Core":0},{"Omamori":3,"Kunai":10,"Cracked Core":0}]},"card_choices":[{"not_picked":["Stack","Compile Driver"],"picked":"Capacitor","floor":1},{"not_picked":["Barrage","Hello World"],"picked":"Go for the Eyes","floor":4},{"not_picked":["Turbo","Double Energy","Redo"],"picked":"SKIP","floor":6},{"not_picked":["Coolheaded","Gash"],"picked":"Cold Snap","floor":10}],"player_experience":1044462,"relics_obtained":[{"floor":9,"key":"Kunai"}],"event_choices":[{"damage_healed":0,"gold_gain":0,"player_choice":"Donut","damage_taken":0,"max_hp_gain":5,"max_hp_loss":0,"event_name":"Big Fish","floor":2,"gold_loss":0},{"damage_healed":0,"gold_gain":0,"player_choice":"Success","damage_taken":35,"relics_obtained":["Omamori"],"max_hp_gain":0,"max_hp_loss":0,"event_name":"Scrap Ooze","floor":3,"gold_loss":0},{"damage_healed":0,"gold_gain":0,"player_choice":"Entered Light","damage_taken":25,"max_hp_gain":0,"max_hp_loss":0,"event_name":"Shining Light","floor":8,"gold_loss":0,"cards_upgraded":["Strike_B","Defend_B"]}],"is_beta":false,"boss_relics":[],"items_purged_floors":[5],"is_endless":false,"potions_floor_spawned":[4,10],"killed_by":"Lagavulin","ascension_level":19}}