{"host":"njruw0b0uprlitpx","time":1608282470,"event":{"mods":["2.2 Compatiblity","BaseMod","Beaked The Cultist","Better Altar","Better Note","Better Sensory Stone","Better Skull","Better Third Choice","BetterRewards","Block Reminder","Colored Map","Colored Powertips","Jedi Mod","Keyboard Shortcuts","Minty Spire (QoL Compilation)","Quick Restart","Relic Stats","Replay The Spire","SacredBarkPlus","Spicy Shops","StSLib","SuperFastMode","Wandering Minibosses"],"gold_per_floor":[117,127,28,46,221,221,234,260,260,286,286,286,286,298,298,400,400,410,410,410,410,7,7,39,41,68,88,107,107,124,142,142,238,238,254,268,320,320,333,333,7,7,33,33,43,393,393,422,422,422],"floor_reached":51,"playtime":3517,"items_purged":["Normality","Doubt","beaked:Strike_Y"],"score":1119,"play_id":"ee121499-dcb8-400b-a65f-61f3aee3f133","local_time":"20201218030750","is_ascension_mode":true,"campfire_choices":[{"data":"beaked:WindBringer","floor":6.0,"key":"SMITH"},{"floor":11,"key":"REST"},{"floor":13,"key":"REST"},{"floor":15,"key":"REST"},{"data":"Setup","floor":23,"key":"SMITH"},{"data":"beaked:StickSmack","floor":29,"key":"SMITH"},{"data":"beaked:MimicWarrior","floor":32,"key":"SMITH"},{"data":"beaked:WarriorSpirit","floor":40,"key":"SMITH"},{"data":"ReplayTheSpireMod:RavenHex","floor":42,"key":"SMITH"},{"data":"beaked:SurvivalInstinct","floor":44,"key":"SMITH"}],"circlet_count":0,"master_deck":["beaked:Strike_Y","beaked:Strike_Y","beaked:Defend_Y","beaked:Defend_Y+1","beaked:Defend_Y+1","beaked:Ceremony","beaked:Ceremony","beaked:Ceremony","beaked:WindBringer+1","beaked:HuntressEssence","beaked:CrazyRituals+1","beaked:StickSmack+1","beaked:MimicWarrior+1","beaked:CursingBlood","Setup+1","beaked:Flinch","beaked:AwakenedForm+1","AbeCurse","beaked:RuinSticks","beaked:SurvivalInstinct+1","beaked:Hexing+1","beaked:VigorBurst+1","beaked:Brace+1","beaked:Insight+1","beaked:MachineEssence+1","beaked:Replenish+1","beaked:StickSmack+1","beaked:WindBringer+1","ReplayTheSpireMod:RavenHex+1","beaked:WarriorSpirit+1","beaked:Poke","beaked:Poke","beaked:Negation","beaked:Overexert","beaked:HuntressEssence+1"],"relics":["beaked:MendingPlumage","Frozen Egg 2","Bottled Flame","Mummified Hand","Odd Mushroom","jedi:shrinkray","Abe\u0027s Treasure","Membership Card","Matryoshka","jedi:heavyjacket","Happy Flower","ReplayTheSpireMod:TigerMarble","Astrolabe","jedi:purplefairy","wanderingMiniBosses:Inkheart","Bag of Preparation","ReplayTheSpireMod:Lightbulb","Iron Hammer","Ancient Tea Set","Old Coin","War Paint"],"acts_visited":["Exordium","TheCity","TheBeyond"],"potions_floor_usage":[10,16,24,24,31,33,33,45,50,50,50],"damage_taken":[{"damage":10.0,"enemies":"Small Slimes","floor":1.0,"turns":5.0},{"damage":0.0,"enemies":"2 Louse","floor":2.0,"turns":1.0},{"damage":15.0,"enemies":"Cultist","floor":4.0,"turns":5.0},{"damage":35.0,"enemies":"Exordium Wildlife","floor":7.0,"turns":6.0},{"damage":40.0,"enemies":"Lagavulin","floor":8.0,"turns":7.0},{"damage":58,"enemies":"The Mushroom Lair","floor":10,"turns":6},{"damage":20,"enemies":"2 Fungi Beasts","floor":14,"turns":5},{"damage":55,"enemies":"Slime Boss","floor":16,"turns":9},{"damage":25,"enemies":"Chosen","floor":18,"turns":5},{"damage":44,"enemies":"Gremlin Leader","floor":24,"turns":6},{"damage":27,"enemies":"2 Thieves","floor":25,"turns":4},{"damage":6,"enemies":"Shelled Parasite and Fungi","floor":27,"turns":5},{"damage":10,"enemies":"Cultist and Chosen","floor":28,"turns":6},{"damage":19,"enemies":"Snake Plant","floor":30,"turns":5},{"damage":26,"enemies":"Sentry and Sphere","floor":31,"turns":5},{"damage":38,"enemies":"Champ","floor":33,"turns":8},{"damage":78,"enemies":"3 Shapes","floor":35,"turns":6},{"damage":30,"enemies":"3 Darklings","floor":36,"turns":6},{"damage":153,"enemies":"2 Orb Walkers","floor":37,"turns":7},{"damage":20,"enemies":"Maw","floor":39,"turns":7},{"damage":45,"enemies":"Transient","floor":45,"turns":5},{"damage":20,"enemies":"Mind Bloom Boss Battle","floor":46,"turns":6},{"damage":4,"enemies":"Reptomancer","floor":48,"turns":3},{"damage":6,"enemies":"Donu and Deca","floor":50,"turns":4}],"seed_played":"-2746236982098727004","potions_obtained":[{"floor":1.0,"key":"Ancient Potion"},{"floor":2.0,"key":"Languid Potion"},{"floor":8,"key":"SpeedPotion"},{"floor":10,"key":"SpeedPotion"},{"floor":18,"key":"BlessingOfTheForge"},{"floor":21,"key":"Death Potion"},{"floor":21,"key":"Elixir"},{"floor":25,"key":"PowerPotion"},{"floor":28,"key":"CultistPotion"},{"floor":35,"key":"Venom Potion"},{"floor":37,"key":"Death Potion"},{"floor":46,"key":"Elixir"},{"floor":48,"key":"PowerPotion"}],"is_trial":false,"path_per_floor":["M","M","$","M","?","R","M","E","T","?","R","?","R","M","R","B",null,"M","?","?","?","$","R","E","M","T","M","M","R","M","M","R","B",null,"M","M","?","?","M","R","$","R","T","R","M","?","?","E","R","B",null],"character_chosen":"BEAKED_THE_CULTIST","items_purchased":["Frozen Egg 2","Membership Card","Matryoshka","beaked:Hexing+1","beaked:Poke","Bag of Preparation","ReplayTheSpireMod:Lightbulb","EssenceOfSteel"],"campfire_rested":3,"item_purchase_floors":[3,22,22,22,41,41,41,41],"current_hp_per_floor":[52,53,53,48,48,48,30,9,9,9,25,8,24,23,39,30,49,43,43,43,43,43,43,23,23,23,50,54,54,52,45,45,51,59,62,59,62,62,62,62,62,62,62,62,50,62,62,62,62,62],"gold":422,"neow_bonus":"TEN_PERCENT_HP_BONUS","is_daily":false,"chose_seed":false,"campfire_upgraded":7,"win_rate":0.0,"timestamp":1608282470,"path_taken":["M","M","$","M","?","R","M","E","T","?","R","?","R","M","R","BOSS","M","?","?","?","$","R","E","?","T","M","M","R","M","M","R","BOSS","M","M","?","?","M","R","$","R","T","R","M","?","?","E","R","BOSS"],"items_purchased_type":["Relic","Relic","Relic","Card","Card","Relic","Relic","Potion"],"build_version":"2020-12-13","purchased_purges":3,"victory":true,"max_hp_per_floor":[55,55,55,55,55,55,55,55,55,55,55,55,55,55,55,55,55,55,55,55,55,55,55,55,60,60,60,60,60,60,62,62,62,62,62,62,62,62,62,62,62,62,62,62,62,62,62,62,62,62],"relic_stats":{"Happy Flower":[24],"counters":[24,132],"Mummified Hand":[113],"Astrolabe":["beaked:Replenish","beaked:StickSmack","beaked:WindBringer"],"Bag of Preparation":[8],"War Paint":["beaked:Defend_Y","beaked:Defend_Y"],"obtain_stats":[{"Happy Flower":26,"Astrolabe":34,"jedi:purplefairy":37,"Bag of Preparation":41,"Frozen Egg 2":3,"Odd Mushroom":10,"War Paint":48,"Ancient Tea Set":43,"jedi:shrinkray":12,"Old Coin":46,"jedi:heavyjacket":24,"Bottled Flame":8,"Matryoshka":22,"Mummified Hand":9,"Iron Hammer":43,"ReplayTheSpireMod:TigerMarble":26,"Membership Card":22,"beaked:MendingPlumage":0,"ReplayTheSpireMod:Lightbulb":41,"Abe\u0027s Treasure":17,"wanderingMiniBosses:Inkheart":37},{"Happy Flower":11,"Astrolabe":16,"jedi:purplefairy":19,"Bag of Preparation":20,"Frozen Egg 2":2,"Odd Mushroom":6,"War Paint":23,"Ancient Tea Set":20,"jedi:shrinkray":6,"Old Coin":22,"jedi:heavyjacket":10,"Bottled Flame":5,"Matryoshka":9,"Mummified Hand":5,"Iron Hammer":20,"ReplayTheSpireMod:TigerMarble":11,"Membership Card":9,"beaked:MendingPlumage":0,"ReplayTheSpireMod:Lightbulb":20,"Abe\u0027s Treasure":8,"wanderingMiniBosses:Inkheart":19},{"Happy Flower":59,"Astrolabe":88,"jedi:purplefairy":107,"Bag of Preparation":114,"Frozen Egg 2":6,"Odd Mushroom":30,"War Paint":128,"Ancient Tea Set":114,"jedi:shrinkray":30,"Old Coin":125,"jedi:heavyjacket":55,"Bottled Flame":24,"Matryoshka":49,"Mummified Hand":24,"Iron Hammer":114,"ReplayTheSpireMod:TigerMarble":59,"Membership Card":49,"beaked:MendingPlumage":0,"ReplayTheSpireMod:Lightbulb":114,"Abe\u0027s Treasure":44,"wanderingMiniBosses:Inkheart":107}]},"card_choices":[{"not_picked":["beaked:DigDeep","beaked:MachineSpirit"],"picked":"beaked:WindBringer","floor":1.0},{"not_picked":["beaked:Foresight","beaked:BloodForTheGods"],"picked":"beaked:HuntressEssence","floor":2.0},{"not_picked":["beaked:WarriorEssence","beaked:Redirect"],"picked":"beaked:CrazyRituals+1","floor":4.0},{"not_picked":["beaked:Tradeoff","beaked:Poke"],"picked":"beaked:StickSmack","floor":7.0},{"not_picked":["beaked:CrazyRituals+1","beaked:Resilience"],"picked":"beaked:MimicWarrior","floor":8},{"not_picked":["beaked:Tweet","beaked:Evade"],"picked":"beaked:CursingBlood","floor":10},{"not_picked":["beaked:HuntressEssence","beaked:Brace"],"picked":"beaked:Flinch","floor":14},{"not_picked":["beaked:MachineEssence+1","beaked:KnowThyFoe"],"picked":"beaked:AwakenedForm+1","floor":16},{"not_picked":["beaked:MimicWarrior","beaked:Poke"],"picked":"beaked:RuinSticks","floor":18},{"not_picked":["beaked:SurvivalInstinct","beaked:Recite","beaked:Molting+1"],"picked":"SKIP","floor":24},{"not_picked":["beaked:DigDeeper+1","beaked:RitualOfBody+1"],"picked":"beaked:VigorBurst+1","floor":25},{"not_picked":["beaked:Evade","beaked:Daydream","beaked:CursingBlood+1"],"picked":"SKIP","floor":27},{"not_picked":["beaked:Poke","beaked:MimicMachine"],"picked":"beaked:Brace+1","floor":28},{"not_picked":["beaked:MimicHuntress","beaked:SacrificialAttack","beaked:Foresight"],"picked":"SKIP","floor":30},{"not_picked":["beaked:Cower+1","beaked:BraceForImpact"],"picked":"beaked:Insight+1","floor":31},{"not_picked":["beaked:Caw","beaked:DarkTribute"],"picked":"beaked:MachineEssence+1","floor":33},{"not_picked":["beaked:Resilience","beaked:Poke+1"],"picked":"ReplayTheSpireMod:RavenHex","floor":35},{"not_picked":["beaked:Insight+1","beaked:Foresight+1"],"picked":"beaked:WildInstinct","floor":36},{"not_picked":["beaked:SurvivalInstinct+1","beaked:Overpower+1"],"picked":"beaked:WarriorSpirit","floor":37},{"not_picked":["beaked:TuckingFeathers","beaked:Foresight","beaked:Daydream"],"picked":"SKIP","floor":39},{"not_picked":["beaked:SurvivalInstinct+1","beaked:Poke"],"picked":"beaked:Negation","floor":45},{"not_picked":["beaked:SurvivalInstinct","beaked:FeelMyPain+1"],"picked":"beaked:Overexert","floor":46},{"not_picked":["beaked:Resilience+1","beaked:Daydream"],"picked":"beaked:HuntressEssence+1","floor":48}],"player_experience":1073748,"relics_obtained":[{"floor":8,"key":"Bottled Flame"},{"floor":9,"key":"Mummified Hand"},{"floor":10,"key":"Odd Mushroom"},{"floor":24,"key":"jedi:heavyjacket"},{"floor":26,"key":"Happy Flower"},{"floor":26,"key":"ReplayTheSpireMod:TigerMarble"},{"floor":37,"key":"jedi:purplefairy"},{"floor":37,"key":"wanderingMiniBosses:Inkheart"},{"floor":43,"key":"Iron Hammer"},{"floor":43,"key":"Ancient Tea Set"},{"floor":46,"key":"Old Coin"},{"floor":48,"key":"War Paint"}],"event_choices":[{"damage_healed":0.0,"max_hp_gain":0.0,"max_hp_loss":0.0,"gold_gain":175.0,"event_name":"betterThird:BetterSerpent","player_choice":"AGREE","floor":5.0,"gold_loss":0.0,"damage_taken":46.0},{"damage_healed":0,"gold_gain":0,"player_choice":"Fought Mushrooms","damage_taken":0,"max_hp_gain":0,"max_hp_loss":0,"event_name":"Mushrooms","floor":10,"gold_loss":0},{"damage_healed":0,"gold_gain":0,"player_choice":"Ignored","damage_taken":0,"max_hp_gain":0,"max_hp_loss":0,"event_name":"N\u0027loth","floor":19,"gold_loss":0},{"damage_healed":0,"gold_gain":0,"cards_transformed":["beaked:Strike_Y"],"player_choice":"Transformed","damage_taken":0,"max_hp_gain":0,"max_hp_loss":0,"event_name":"Transmorgrifier","floor":20,"gold_loss":0,"cards_obtained":["beaked:SurvivalInstinct"]},{"damage_healed":0,"gold_gain":0,"player_choice":"Got Potions","damage_taken":0,"max_hp_gain":0,"max_hp_loss":0,"event_name":"Lab","floor":21,"gold_loss":0},{"damage_healed":0,"gold_gain":0,"player_choice":"Fight","damage_taken":0,"max_hp_gain":0,"max_hp_loss":0,"event_name":"Mysterious Sphere","floor":37,"gold_loss":0},{"damage_healed":0,"gold_gain":0,"player_choice":"Ignored","damage_taken":0,"max_hp_gain":0,"max_hp_loss":0,"event_name":"Tomb of Lord Red Mask","floor":38,"gold_loss":0},{"damage_healed":0,"gold_gain":0,"player_choice":"Fight","damage_taken":0,"max_hp_gain":0,"max_hp_loss":0,"event_name":"MindBloom","floor":46,"gold_loss":0},{"cards_removed":["beaked:WildInstinct"],"damage_healed":0,"gold_gain":0,"player_choice":"Removed Attack","damage_taken":0,"max_hp_gain":0,"max_hp_loss":0,"event_name":"Falling","floor":47,"gold_loss":0}],"is_beta":false,"boss_relics":[{"not_picked":["Kintsugi","Replay:Ancient Bell"],"picked":"Abe\u0027s Treasure"},{"not_picked":["Cursed Key","Snecko Heart"],"picked":"Astrolabe"}],"items_purged_floors":[22,22,41],"is_endless":false,"potions_floor_spawned":[1,2,8,10,18,25,28,35,37,46,48],"ascension_level":9}}