{"host":"qw1m3zcvi888b4j7","time":1608319459,"event":{"mods":["AchievementEnabler","Act Like it!","BaseMod","Best Route Mod","Block Reminder","Colored Map","Colored Powertips","Curses Come First","DeckTracker","Gensokyo","Hermit","Highlight Path","Hubris","Minty Spire (QoL Compilation)","Quick Restart","Rare Cards Sparkle","Relic Sorter","Relic Stats","Replay The Spire","StSLib","SuperFastMode","The Blue Laboratory","The Cursed","The Servant 0.9.4","everything is the same but u backflip on backflip"],"gold_per_floor":[109,124,124,90,110,110,122,156,179,207,207,223,223,240,240,338,338,356,356,372,372,387,418,435,449,449,449,478,478,507,507,507,507],"floor_reached":33,"playtime":1195,"items_purged":[],"score":333,"play_id":"3ea37f06-7eaf-4751-90b2-77276416ca33","local_time":"20201218202419","is_ascension_mode":true,"campfire_choices":[{"floor":6.0,"key":"RECALL"},{"floor":11.0,"key":"REST"},{"floor":13.0,"key":"REST"},{"data":"Life Link","floor":15.0,"key":"SMITH"},{"floor":27,"key":"REST"},{"floor":30,"key":"REST"},{"floor":32,"key":"REST"}],"circlet_count":0,"master_deck":["Strike_R","Strike_R","Strike_R","Strike_R","Strike_R","Defend_R","Defend_R","Bash+1","Run Through","Replay:Undeath\u0027s Touch","Inflame","Life Link+1","Rage","Immolate","Demon Form","Pommel Strike","Delirium","Demon Form","Power Through+1","Replay:Undeath\u0027s Touch+1","Flex","Havoc+1","Sword Boomerang+1"],"relics":["Burning Blood","Bag of Preparation","Singing Bowl","Ooze Armor","ReplayTheSpireMod:Ring of Exchange","Ring of Peace","The Courier","hubris:Teleporter","hubris:MysteriousPyramids","Shovel"],"acts_visited":["Exordium","TheCity"],"potions_floor_usage":[22,22,25,29],"damage_taken":[{"damage":6.0,"enemies":"Jaw Worm","floor":1.0,"turns":4.0},{"damage":1.0,"enemies":"Cultist","floor":2.0,"turns":4.0},{"damage":6.0,"enemies":"2 Louse","floor":5.0,"turns":2.0},{"damage":22.0,"enemies":"Lots of Slimes","floor":7.0,"turns":4.0},{"damage":21.0,"enemies":"Lagavulin","floor":8.0,"turns":6.0},{"damage":26.0,"enemies":"Gremlin Nob","floor":10.0,"turns":3.0},{"damage":0.0,"enemies":"Exordium Wildlife","floor":12.0,"turns":2.0},{"damage":42.0,"enemies":"Gremlin Gang","floor":14.0,"turns":3.0},{"damage":49.0,"enemies":"The Guardian","floor":16.0,"turns":8.0},{"damage":21,"enemies":"Shell Parasite","floor":18,"turns":4},{"damage":21,"enemies":"2 Thieves","floor":20,"turns":4},{"damage":10,"enemies":"Snake Plant","floor":22,"turns":4},{"damage":36,"enemies":"Slavers","floor":23,"turns":7},{"damage":0,"enemies":"Chosen and Byrds","floor":24,"turns":5},{"damage":0,"enemies":"Snecko","floor":25,"turns":4},{"damage":16,"enemies":"Gremlin Leader","floor":29,"turns":5},{"damage":59,"enemies":"Slavers","floor":31,"turns":6},{"damage":78,"enemies":"Automaton","floor":33,"turns":6}],"seed_played":"-5725443864187456577","potions_obtained":[{"floor":7.0,"key":"SkillPotion"},{"floor":8.0,"key":"blueLaboratory:ImpenetrablePotion"},{"floor":10.0,"key":"blueLaboratory:PhilterOfMotion"},{"floor":14.0,"key":"Swift Potion"},{"floor":20,"key":"PowerPotion"},{"floor":23,"key":"Swift Potion"},{"floor":25,"key":"FearPotion"}],"is_trial":false,"path_per_floor":["M","M","?","$","M","R","M","E","T","E","R","M","R","M","R","B",null,"M","?","M","?","M","E","M","M","T","R","E","R","E","R","B"],"character_chosen":"IRONCLAD","items_purchased":["Inflame"],"campfire_rested":5,"item_purchase_floors":[4],"current_hp_per_floor":[80,80,80,80,80,80,64,49,49,31,55,63,84,50,50,7,86,71,71,58,58,54,24,30,36,36,62,54,81,28,55,0,0],"gold":507,"neow_bonus":"UPGRADE_CARD","is_daily":false,"chose_seed":false,"campfire_upgraded":1,"win_rate":0.0,"timestamp":1608319459,"path_taken":["M","M","?","$","M","R","M","E","T","E","R","M","R","?","R","BOSS","M","?","M","?","M","E","M","M","T","R","E","R","E","R","BOSS"],"items_purchased_type":["Card"],"build_version":"2020-12-13","purchased_purges":0,"victory":false,"max_hp_per_floor":[80,80,80,80,80,80,80,80,80,82,82,84,84,86,86,86,86,86,86,88,88,88,88,88,88,88,88,90,90,90,90,90,90],"relic_stats":{"Shovel":0,"Singing Bowl":10,"counters":[18,81],"Bag of Preparation":[27],"obtain_stats":[{"ReplayTheSpireMod:Ring of Exchange":19,"hubris:Teleporter":26,"Shovel":31,"Singing Bowl":10,"Ooze Armor":17,"Ring of Peace":19,"The Courier":23,"Bag of Preparation":8,"hubris:MysteriousPyramids":29,"Burning Blood":0},{"ReplayTheSpireMod:Ring of Exchange":10,"hubris:Teleporter":15,"Shovel":17,"Singing Bowl":6,"Ooze Armor":9,"Ring of Peace":10,"The Courier":13,"Bag of Preparation":5,"hubris:MysteriousPyramids":16,"Burning Blood":0},{"ReplayTheSpireMod:Ring of Exchange":40,"hubris:Teleporter":64,"Shovel":75,"Singing Bowl":23,"Ooze Armor":36,"Ring of Peace":40,"The Courier":55,"Bag of Preparation":20,"hubris:MysteriousPyramids":69,"Burning Blood":0}],"Burning Blood":97},"card_choices":[{"not_picked":["Warcry","ReplayTheSpireMod:Strike From Hell"],"picked":"Run Through","floor":1.0},{"not_picked":["Battle Trance","ReplayTheSpireMod:Strike From Hell"],"picked":"Replay:Undeath\u0027s Touch","floor":2.0},{"not_picked":["ReplayTheSpireMod:Stacked","Clash"],"picked":"Life Link","floor":5.0},{"not_picked":["Havoc","Dropkick"],"picked":"Rage","floor":7.0},{"not_picked":["Shrug It Off","Flame Barrier"],"picked":"Immolate","floor":8.0},{"not_picked":["Sword Boomerang","Eclipse","Fire Breathing"],"picked":"Singing Bowl","floor":10.0},{"not_picked":["Rupture","Entrench","Pommel Strike"],"picked":"Singing Bowl","floor":12.0},{"not_picked":["Blood for Blood","Armaments","Sentinel"],"picked":"Singing Bowl","floor":14.0},{"not_picked":["Brutality","Juggernaut"],"picked":"Demon Form","floor":16.0},{"not_picked":["Sever Soul","Dual Wield"],"picked":"Pommel Strike","floor":18},{"not_picked":["Armaments","Perfected Strike","Intimidate"],"picked":"Singing Bowl","floor":20},{"not_picked":["Sword Boomerang+1","Body Slam"],"picked":"Power Through+1","floor":22},{"not_picked":["Dual Wield","Armaments"],"picked":"Replay:Undeath\u0027s Touch+1","floor":23},{"not_picked":["Rupture","Run Through"],"picked":"Flex","floor":24},{"not_picked":["True Grit","ReplayTheSpireMod:Strike From Hell"],"picked":"Havoc+1","floor":25},{"not_picked":["Cleave","Intimidate","Headbutt+1"],"picked":"Singing Bowl","floor":29},{"not_picked":["Run Through","Iron Wave+1"],"picked":"Sword Boomerang+1","floor":31}],"player_experience":112258,"relics_obtained":[{"floor":8.0,"key":"Bag of Preparation"},{"floor":10.0,"key":"Singing Bowl"},{"floor":19,"key":"ReplayTheSpireMod:Ring of Exchange"},{"floor":19,"key":"Ring of Peace"},{"floor":23,"key":"The Courier"},{"floor":26,"key":"hubris:Teleporter"},{"floor":29,"key":"hubris:MysteriousPyramids"},{"floor":31,"key":"Shovel"}],"event_choices":[{"cards_removed":["Defend_R"],"damage_healed":0.0,"max_hp_gain":0.0,"max_hp_loss":0.0,"gold_gain":0.0,"event_name":"Bonfire Elementals","player_choice":"Offered Basic","floor":3.0,"gold_loss":0.0,"damage_taken":0.0},{"damage_healed":0,"gold_gain":0,"cards_transformed":["Defend_R"],"player_choice":"Transformed","damage_taken":0,"max_hp_gain":0,"max_hp_loss":0,"event_name":"Transmorgrifier","floor":21,"gold_loss":0,"cards_obtained":["Demon Form"]}],"is_beta":false,"boss_relics":[{"not_picked":["hubris:CrackedHourglass","Snecko Eye"],"picked":"Ooze Armor"}],"items_purged_floors":[],"is_endless":false,"potions_floor_spawned":[7,8,10,14,20,23,25],"killed_by":"Automaton","ascension_level":1}}