{"host":"k5dhp0bkccqfauyu","time":1608293547,"event":{"mods":["BaseMod","Better Note","Better Skull","Better Vampires","Colored Map","Colored Powertips","DeckTracker","Minty Spire (QoL Compilation)","Permanent Neow","StSLib","SuperFastMode"],"gold_per_floor":[116,130,130,130,220,220,220,220],"floor_reached":7,"playtime":184,"items_purged":[],"score":78,"play_id":"c76e3daf-4417-48cc-bdfe-fbb45d851fea","local_time":"20201218231227","is_ascension_mode":true,"campfire_choices":[{"floor":6,"key":"REST"}],"circlet_count":0,"master_deck":["AscendersBane","Strike_R","Strike_R","Strike_R","Defend_R+1","Defend_R+1","Defend_R","Bash","Pommel Strike","Armaments"],"relics":["Burning Blood","War Paint","Tiny Chest"],"acts_visited":["Exordium"],"potions_floor_usage":[7],"damage_taken":[{"damage":1,"enemies":"2 Louse","floor":1,"turns":3},{"damage":1,"enemies":"Cultist","floor":2,"turns":3},{"damage":23,"enemies":"3 Sentries","floor":7,"turns":6}],"seed_played":"-3865577773486998373","potions_obtained":[{"floor":1,"key":"BlessingOfTheForge"}],"is_trial":false,"path_per_floor":["M","M","?","?","?","R","E"],"character_chosen":"IRONCLAD","items_purchased":[],"campfire_rested":1,"item_purchase_floors":[],"current_hp_per_floor":[55,60,53,35,10,32,9,9],"gold":220,"neow_bonus":"REMOVE_TWO","is_daily":false,"chose_seed":false,"campfire_upgraded":0,"win_rate":0.0,"timestamp":1608293547,"path_taken":["M","M","?","?","?","R","E"],"items_purchased_type":[],"build_version":"2020-12-13","purchased_purges":0,"victory":false,"max_hp_per_floor":[75,75,75,75,75,75,75,75],"card_choices":[{"not_picked":["Rage","Warcry"],"picked":"Pommel Strike","floor":1},{"not_picked":["Iron Wave","Body Slam"],"picked":"Armaments","floor":2}],"player_experience":1779464,"relics_obtained":[],"event_choices":[{"cards_removed":["Strike_R"],"damage_healed":0,"gold_gain":0,"player_choice":"Card Removal","damage_taken":7,"max_hp_gain":0,"max_hp_loss":0,"event_name":"Golden Wing","floor":3,"gold_loss":0},{"damage_healed":0,"gold_gain":0,"player_choice":"Success","damage_taken":18,"relics_obtained":["War Paint"],"max_hp_gain":0,"max_hp_loss":0,"event_name":"Scrap Ooze","floor":4,"gold_loss":0},{"damage_healed":0,"gold_gain":90,"player_choice":"RE GO ","damage_taken":28,"relics_obtained":["Tiny Chest"],"max_hp_gain":0,"max_hp_loss":0,"event_name":"betterSkull:BetterSkull","floor":5,"gold_loss":0,"cards_upgraded":[]}],"is_beta":false,"boss_relics":[],"items_purged_floors":[],"is_endless":false,"potions_floor_spawned":[1],"killed_by":"3 Sentries","ascension_level":20}}