{"host":"eydwxg59205c3vtl","time":1608261356,"event":{"mods":["2.2 Compatiblity","BaseMod","Colored Map","Colored Powertips","Hubris","Minty Spire (QoL Compilation)","StSLib","The Necromancer"],"gold_per_floor":[16,16,29,29,42,42,86,111,163,15,28,28,69,69,69,193,193,216,216,216,235,135,168,168,188,188,188,202,220,245,259,259,389,389,410,410,410,433,223,266,266,285,311,311,346,346,346,361,361,361],"floor_reached":51,"playtime":1784,"items_purged":["Regret","Strike_W","Strike_W"],"score":1146,"play_id":"e0441a4c-1b69-4fc6-84bd-8bd2b3bb2cec","local_time":"20201217221556","is_ascension_mode":true,"campfire_choices":[{"data":"Negative_Energy_Arrows","floor":6.0,"key":"SMITH"},{"data":"Bone_Bullets","floor":12.0,"key":"SMITH"},{"data":"Shade_Step","floor":15.0,"key":"SMITH"},{"data":"1","floor":24.0,"key":"LIFT"},{"data":"2","floor":27.0,"key":"LIFT"},{"data":"3","floor":32.0,"key":"LIFT"},{"data":"Siphon_Strength","floor":41.0,"key":"SMITH"},{"data":"Siphon_Strength","floor":47.0,"key":"SMITH"},{"floor":49.0,"key":"REST"}],"circlet_count":0,"master_deck":["AscendersBane","Strike_W","Strike_W","Defend_W","Defend_W+1","Defend_W","Defend_W+1","Negative_Energy_Arrows+1","Bone_Wall","Life_Drain","Shade_Step+1","Stop_Heart","Spectral_Armor","Bone_Bullets+1","Negative_Energy_Burst","Necrotic_Claws","Negative_Energy_Javelin","Hellfire","CurseOfTheBell","Siphon_Strength+1","Blood_Is_Power","Scare","Siphon_Strength+1","Negative_Energy_Shield+1","Thousand_Bone_Knives"],"relics":["Vampire_Amulet","Ice Cream","Strawberry","Golden Idol","War Paint","Art of War","Bronze Scales","Calling Bell","Happy Flower","Meat on the Bone","Girya","CaptainsWheel","Centennial Puzzle","SacredBark","hubris:Towel","hubris:Icosahedron","Orichalcum","hubris:PeanutButter","Bag of Marbles","hubris:SlimyHat"],"acts_visited":["Exordium","TheCity","TheBeyond"],"potions_floor_usage":[50,50],"damage_taken":[{"damage":1.0,"enemies":"Jaw Worm","floor":1.0,"turns":5.0},{"damage":2.0,"enemies":"Small Slimes","floor":3.0,"turns":3.0},{"damage":9.0,"enemies":"Cultist","floor":5.0,"turns":4.0},{"damage":16.0,"enemies":"3 Sentries","floor":7.0,"turns":3.0},{"damage":31.0,"enemies":"Gremlin Gang","floor":8.0,"turns":9.0},{"damage":4.0,"enemies":"Large Slime","floor":11.0,"turns":8.0},{"damage":16.0,"enemies":"Gremlin Nob","floor":13.0,"turns":3.0},{"damage":23.0,"enemies":"Hexaghost","floor":16.0,"turns":8.0},{"damage":10.0,"enemies":"Shell Parasite","floor":18.0,"turns":5.0},{"damage":7.0,"enemies":"3 Byrds","floor":21.0,"turns":3.0},{"damage":23.0,"enemies":"Book of Stabbing","floor":23.0,"turns":4.0},{"damage":11.0,"enemies":"Snake Plant","floor":25.0,"turns":3.0},{"damage":13.0,"enemies":"Snecko","floor":28.0,"turns":3.0},{"damage":10.0,"enemies":"Cultist and Chosen","floor":29.0,"turns":3.0},{"damage":1.0,"enemies":"Centurion and Healer","floor":30.0,"turns":5.0},{"damage":10.0,"enemies":"Snake Plant","floor":31.0,"turns":2.0},{"damage":26.0,"enemies":"Collector","floor":33.0,"turns":8.0},{"damage":16.0,"enemies":"3 Shapes","floor":35.0,"turns":6.0},{"damage":66.0,"enemies":"Reptomancer","floor":40.0,"turns":7.0},{"damage":5.0,"enemies":"3 Darklings","floor":42.0,"turns":3.0},{"damage":13.0,"enemies":"Giant Head","floor":45.0,"turns":6.0},{"damage":0.0,"enemies":"Transient","floor":48.0,"turns":5.0},{"damage":53,"enemies":"Donu and Deca","floor":50,"turns":8}],"seed_played":"6105072153250323217","potions_obtained":[{"floor":1.0,"key":"AttackPotion"},{"floor":3.0,"key":"ColorlessPotion"},{"floor":8.0,"key":"Energy Potion"},{"floor":13.0,"key":"Energy Potion"},{"floor":25.0,"key":"LiquidMemories"},{"floor":28.0,"key":"Weak Potion"},{"floor":29.0,"key":"AttackPotion"},{"floor":30.0,"key":"Dexterity Potion"},{"floor":35.0,"key":"FearPotion"},{"floor":40.0,"key":"PowerPotion"}],"is_trial":false,"path_per_floor":["M","?","M","?","M","R","E","M","T","$","M","R","E","$","R","B",null,"M","?","?","M","$","E","R","M","T","R","M","M","M","M","R","B",null,"M","?","?","T","$","E","R","M","T","?","E","?","R","M","R","B",null],"character_chosen":"NECROMANCER","items_purchased":["Negative_Energy_Burst","PowerPotion","Siphon_Strength"],"campfire_rested":1,"item_purchase_floors":[10,39,39],"current_hp_per_floor":[69,76,82,82,79,79,79,66,66,66,76,76,68,68,68,53,75,77,77,77,81,81,66,66,63,63,63,58,52,61,59,59,49,74,70,70,70,70,70,40,40,49,49,49,48,41,41,49,72,60],"gold":361,"neow_bonus":"ONE_RARE_RELIC","is_daily":false,"chose_seed":false,"campfire_upgraded":5,"win_rate":0.0,"timestamp":1608261356,"path_taken":["M","?","M","?","M","R","E","M","T","$","M","R","E","$","R","BOSS","M","?","?","?","$","E","R","M","T","R","M","?","M","M","R","BOSS","M","?","?","?","$","E","R","M","T","?","E","?","R","M","R","BOSS"],"items_purchased_type":["Card","Potion","Card"],"build_version":"2020-12-13","purchased_purges":3,"victory":true,"max_hp_per_floor":[75,82,82,82,82,82,82,82,82,82,82,82,82,82,82,82,82,82,82,82,82,82,82,82,82,82,82,82,82,82,82,82,82,82,82,82,82,82,82,82,82,82,82,78,78,78,78,78,78,78],"card_choices":[{"not_picked":["Negative_Energy_Shield","Summon_Lich"],"picked":"Life_Drain","floor":1.0},{"not_picked":["Strike_from_Beyond","Finger_Of_Death"],"picked":"Shade_Step","floor":3.0},{"not_picked":["Blood_Curse","Violent_Necrosis"],"picked":"Stop_Heart","floor":5.0},{"not_picked":["Bone_Spikes","Blood_Is_Power"],"picked":"Spectral_Armor","floor":7.0},{"not_picked":["Death_Coil","Strike_from_Beyond","Bone_Bullets"],"picked":"SKIP","floor":8.0},{"not_picked":["Death_Coil","Strike_from_Beyond"],"picked":"Bone_Bullets","floor":8.0},{"not_picked":["Finger_Of_Death","Death_Coil"],"picked":"Necrotic_Claws","floor":11.0},{"not_picked":["Necromantic_Selection","Chill_Blood"],"picked":"Negative_Energy_Javelin","floor":13.0},{"not_picked":["Summon_Vampire_Lady","Cloudkill"],"picked":"Hellfire","floor":16.0},{"not_picked":["Bone_Armor","Bones_to_Steel"],"picked":"Siphon_Strength","floor":18.0},{"not_picked":["Shackles_Of_Pain","Vampiric_Strike"],"picked":"Blood_Is_Power","floor":21.0},{"not_picked":["Toxic_Smoke_Screen","Vampiric_Strike"],"picked":"Scare","floor":23.0},{"not_picked":["Bone_Armor","Negative_Energy_Mist","Life_Drain"],"picked":"SKIP","floor":25.0},{"not_picked":["Bone_Armor","Scare","Summon_Death_Knight"],"picked":"SKIP","floor":28.0},{"not_picked":["Bone_Bullets","Death_March_Dance+1","Negative_Energy_Javelin+1"],"picked":"SKIP","floor":29.0},{"not_picked":["Death_Coil","Negative_Energy_Sphere","Bone_Spikes"],"picked":"SKIP","floor":30.0},{"not_picked":["Life_Drain","Blood_Shield+1","Bones_to_Steel"],"picked":"SKIP","floor":31.0},{"not_picked":["Finger_Of_Death","Death_March_Dance","Consume_Illness+1"],"picked":"SKIP","floor":35.0},{"not_picked":["Necromantic_Selection","Consume_Illness","Negative_Energy_Sphere"],"picked":"SKIP","floor":40.0},{"not_picked":["Bone_Armor","Skeleton_Dragon","Toxic_Smoke_Screen"],"picked":"SKIP","floor":42.0},{"not_picked":["Pandemic","Bone_Shift+1"],"picked":"Negative_Energy_Shield+1","floor":45.0},{"not_picked":["Negative_Energy_Burst","Bone_Shift"],"picked":"Thousand_Bone_Knives","floor":48.0}],"player_experience":541768,"relics_obtained":[{"floor":7.0,"key":"War Paint"},{"floor":9.0,"key":"Art of War"},{"floor":13.0,"key":"Bronze Scales"},{"floor":17.0,"key":"Happy Flower"},{"floor":17.0,"key":"Meat on the Bone"},{"floor":17.0,"key":"Girya"},{"floor":23.0,"key":"CaptainsWheel"},{"floor":26.0,"key":"Centennial Puzzle"},{"floor":38.0,"key":"Orichalcum"},{"floor":40.0,"key":"hubris:PeanutButter"},{"floor":43.0,"key":"Bag of Marbles"},{"floor":45.0,"key":"hubris:SlimyHat"}],"event_choices":[{"damage_healed":0.0,"max_hp_gain":0.0,"max_hp_loss":0.0,"gold_gain":0.0,"event_name":"Big Fish","player_choice":"Box","floor":2.0,"gold_loss":0.0,"damage_taken":0.0,"relics_obtained":["Strawberry"],"cards_obtained":["Regret"]},{"damage_healed":0.0,"max_hp_gain":0.0,"max_hp_loss":0.0,"gold_gain":0.0,"event_name":"Golden Idol","player_choice":"Take Wound","floor":4.0,"gold_loss":0.0,"damage_taken":0.0,"relics_obtained":["Golden Idol"],"cards_obtained":["Injury"]},{"damage_healed":0.0,"max_hp_gain":0.0,"max_hp_loss":0.0,"gold_gain":0.0,"event_name":"Vampires","player_choice":"Ignored","floor":19.0,"gold_loss":0.0,"damage_taken":0.0},{"cards_removed":["Injury"],"damage_healed":0.0,"max_hp_gain":0.0,"max_hp_loss":0.0,"gold_gain":0.0,"event_name":"Fountain of Cleansing","player_choice":"Removed Curses","floor":20.0,"gold_loss":0.0,"damage_taken":0.0},{"damage_healed":0.0,"max_hp_gain":0.0,"max_hp_loss":4.0,"gold_gain":0.0,"event_name":"Winding Halls","player_choice":"Max HP","floor":44.0,"gold_loss":0.0,"damage_taken":0.0},{"damage_healed":0.0,"max_hp_gain":0.0,"max_hp_loss":0.0,"gold_gain":0.0,"event_name":"Wheel of Change","player_choice":"Damaged","floor":46.0,"gold_loss":0.0,"damage_taken":7.0}],"is_beta":false,"boss_relics":[{"not_picked":["Runic Pyramid","hubris:CrackedHourglass"],"picked":"Calling Bell"},{"not_picked":["hubris:VirtuousBlindfold","Philosopher\u0027s Stone"],"picked":"SacredBark"}],"items_purged_floors":[10,22,39],"is_endless":false,"potions_floor_spawned":[1,3,8,13,25,28,29,30,35,40,48],"ascension_level":12}}