{"host":"a61r67bv2jut9r88","time":1608263092,"event":{"mods":["BaseMod","Minty Spire (QoL Compilation)","Replay The Spire","Shop Mod","StSLib","SuperFastMode","The Runesmith"],"gold_per_floor":[112,112,112,112,125,139,152,152,112,112,112,112,122,151,151,101,101,206,206,216,216,53,122,206,256,306,4,4,33,33,103,103,54,54,154,154,168,218,284,334,384,384,384,384,434,500,500,550,564,632,644,644,644,644,644],"floor_reached":54,"playtime":2282,"items_purged":["Strike_G"],"score":530,"play_id":"312bc69c-7d5c-48c8-94e8-10daa4b0b22f","local_time":"20201218114452","is_ascension_mode":false,"campfire_choices":[{"floor":8,"key":"REST"},{"data":"Replay:Poison Smokescreen","floor":10,"key":"SMITH"},{"data":"Unload","floor":12,"key":"SMITH"},{"floor":17,"key":"REST"},{"floor":30,"key":"REST"},{"floor":32,"key":"REST"},{"floor":44,"key":"REST"},{"floor":53,"key":"REST"}],"circlet_count":0,"master_deck":["Strike_G+1","Strike_G+1","Strike_G+1","Defend_G+1","Defend_G+1","Defend_G+1","Defend_G+1","Survivor","Neutralize","Unload+1","Noxious Fumes+1","Escape Plan","Replay:Poison Smokescreen+1","Deadly Poison+1","Atom Bomb+1","Escape Plan","Specialist","Reflex+1","Seek","Prepared+1","Calculated Gamble+1"],"relics":["Ring of the Snake","Orichalcum","Replay:Bottled Snecko","Replay:Bronze Core","SsserpentHead","Incense Burner","ReplayTheSpireMod:Ring of Collecting","Tiny Chest","PrismaticShard","Replay:Bottled Flurry","Ring of Panic","Potion Belt","SacredBark","Ring of Peace","Pantograph","Ring of Fury","Kunai","Ring of Hypnosis","Bronze Scales"],"acts_visited":["Exordium","TheCity","TheBeyond"],"potions_floor_usage":[14,18,35,35,35,52],"damage_taken":[{"damage":0,"enemies":"Jaw Worm","floor":1,"turns":5},{"damage":0,"enemies":"Small Slimes","floor":5,"turns":3},{"damage":0,"enemies":"2 Louse","floor":6,"turns":2},{"damage":36,"enemies":"Gremlin Gang","floor":7,"turns":5},{"damage":4,"enemies":"Looter","floor":13,"turns":3},{"damage":31,"enemies":"Gremlin Nob","floor":14,"turns":5},{"damage":26,"enemies":"Fading Forest","floor":18,"turns":11},{"damage":15,"enemies":"Shell Parasite","floor":20,"turns":4},{"damage":4,"enemies":"2 Thieves","floor":23,"turns":5},{"damage":21,"enemies":"Slavers","floor":29,"turns":5},{"damage":12,"enemies":"3 Cultists","floor":31,"turns":4},{"damage":42,"enemies":"Champ","floor":35,"turns":11},{"damage":27,"enemies":"3 Darklings","floor":37,"turns":7},{"damage":4,"enemies":"Orb Walker","floor":39,"turns":2},{"damage":7,"enemies":"4 Shapes","floor":46,"turns":4},{"damage":1,"enemies":"Jaw Worm Horde","floor":49,"turns":3},{"damage":4,"enemies":"3 Darklings","floor":50,"turns":5},{"damage":9,"enemies":"4 Shapes","floor":51,"turns":4},{"damage":0,"enemies":"Maw","floor":52,"turns":4},{"damage":86,"enemies":"Time Eater","floor":54,"turns":10}],"seed_played":"5373748472350347751","potions_obtained":[{"floor":1,"key":"Elixir"},{"floor":6,"key":"BlessingOfTheForge"},{"floor":7,"key":"SmokeBomb"},{"floor":14,"key":"FearPotion"},{"floor":23,"key":"PowerPotion"},{"floor":31,"key":"Fire Potion"},{"floor":37,"key":"Energy Potion"},{"floor":39,"key":"Adrenaline Potion"},{"floor":49,"key":"SteroidPotion"}],"is_trial":false,"path_per_floor":["M","?","PTL","PTL","M","M","M","R","$","R","T","R","M","E","?","?","R","B",null,"M","?","$","M","?","?","?","$","T","E","R","M","R","$","R","B",null,"M","?","M","T","?","PTL","PTL","R","?","M","T","T","M","M","M","M","R","B"],"character_chosen":"THE_SILENT","items_purchased":["Replay:Poison Smokescreen","Specialist","Reflex+1","Tiny Chest","PrismaticShard","AttackPotion"],"campfire_rested":6,"item_purchase_floors":[9,22,27,27,27,33],"current_hp_per_floor":[70,70,70,70,70,70,34,55,55,55,55,55,51,20,20,20,41,25,70,55,55,55,51,34,34,34,34,34,13,34,22,43,43,64,22,70,43,43,39,39,39,39,39,60,60,53,53,53,52,48,39,39,60,0,0],"gold":644,"neow_bonus":"ONE_RANDOM_RARE_CARD","is_daily":false,"chose_seed":false,"campfire_upgraded":2,"win_rate":0.0,"timestamp":1608263092,"path_taken":["M","?","PTL","PTL","M","M","M","R","$","R","T","R","M","E","?","?","R","BOSS","M","?","$","?","?","?","?","?","T","E","R","?","R","$","R","BOSS","M","?","?","?","?","PTL","PTL","R","?","?","T","?","M","?","M","M","R","BOSS"],"items_purchased_type":["Card","Card","Card","Relic","Relic","Potion"],"build_version":"2020-12-13","purchased_purges":1,"victory":false,"max_hp_per_floor":[70,70,70,70,70,70,70,70,70,70,70,70,70,70,70,70,70,70,70,70,70,70,70,70,70,70,70,70,70,70,70,70,70,70,70,70,70,70,70,70,70,70,70,70,70,70,70,70,70,70,70,70,70,70,70],"card_choices":[{"not_picked":["Blur","Draining Mist"],"picked":"Noxious Fumes","floor":1},{"not_picked":["Concentrate","Hidden Blade","Caltrops"],"picked":"SKIP","floor":5},{"not_picked":["Hidden Blade","Underhanded Strike","Backflip"],"picked":"SKIP","floor":6},{"not_picked":["Outmaneuver","PiercingWail"],"picked":"Escape Plan","floor":7},{"not_picked":["Leg Sweep","Heel Hook","Choke"],"picked":"SKIP","floor":13},{"not_picked":["Blur","Predator"],"picked":"Deadly Poison","floor":14},{"not_picked":["Burst","Envenom"],"picked":"Atom Bomb","floor":18},{"not_picked":["Sucker Punch","Underhanded Strike+1"],"picked":"Escape Plan","floor":20},{"not_picked":["Flying Knee","Blade Dance+1","Reflex+1"],"picked":"SKIP","floor":23},{"not_picked":["Life Link","EmptyFist","Runesmith:StaticCage"],"picked":"SKIP","floor":29},{"not_picked":["Cleave+1","Power Through","Wireheading"],"picked":"SKIP","floor":31},{"not_picked":["Grand Finale","Biased Cognition"],"picked":"Seek","floor":35},{"not_picked":["Outmaneuver","Coolheaded","SashWhip"],"picked":"SKIP","floor":37},{"not_picked":["Underhanded Strike+1","Sucker Punch+1"],"picked":"Prepared+1","floor":39},{"not_picked":["Heatsinks+1","Dash","Flying Knee"],"picked":"SKIP","floor":46},{"not_picked":["Sneak Up","Shrug It Off+1"],"picked":"Calculated Gamble+1","floor":49},{"not_picked":["Runesmith:Prism","Unload","Clothesline"],"picked":"SKIP","floor":50},{"not_picked":["Cleave","Reprogram+1","Quick Slash+1"],"picked":"SKIP","floor":51}],"player_experience":349885,"relics_obtained":[{"floor":11,"key":"Orichalcum"},{"floor":14,"key":"Replay:Bottled Snecko"},{"floor":24,"key":"Incense Burner"},{"floor":26,"key":"ReplayTheSpireMod:Ring of Collecting"},{"floor":28,"key":"Replay:Bottled Flurry"},{"floor":28,"key":"Ring of Panic"},{"floor":29,"key":"Potion Belt"},{"floor":40,"key":"Ring of Peace"},{"floor":40,"key":"Pantograph"},{"floor":47,"key":"Ring of Fury"},{"floor":47,"key":"Kunai"},{"floor":48,"key":"Ring of Hypnosis"},{"floor":48,"key":"Bronze Scales"}],"event_choices":[{"damage_healed":0,"gold_gain":0,"player_choice":"Grow","damage_taken":0,"max_hp_gain":0,"max_hp_loss":0,"event_name":"Living Wall","floor":2,"gold_loss":0,"cards_upgraded":["Noxious Fumes"]},{"cards_removed":["Strike_G"],"damage_healed":0,"gold_gain":0,"player_choice":"Card Removal","damage_taken":0,"max_hp_gain":0,"max_hp_loss":0,"event_name":"The Cleric","floor":16,"gold_loss":50},{"damage_healed":0,"gold_gain":0,"player_choice":"Trade","damage_taken":0,"relics_obtained":["SsserpentHead"],"max_hp_gain":0,"max_hp_loss":0,"event_name":"FaceTrader","floor":21,"gold_loss":0},{"damage_healed":0,"gold_gain":0,"player_choice":"Simplicity","damage_taken":0,"max_hp_gain":0,"max_hp_loss":0,"event_name":"Back to Basics","floor":25,"gold_loss":0,"cards_upgraded":["Strike_G","Strike_G","Strike_G","Defend_G","Defend_G","Defend_G","Defend_G"]},{"damage_healed":0,"gold_gain":0,"cards_transformed":["Defend_G"],"player_choice":"Transformed","damage_taken":0,"max_hp_gain":0,"max_hp_loss":0,"event_name":"Transmorgrifier","floor":38,"gold_loss":0,"cards_obtained":["Accuracy"]},{"cards_removed":["Accuracy"],"damage_healed":0,"gold_gain":0,"player_choice":"Removed Power","damage_taken":0,"max_hp_gain":0,"max_hp_loss":0,"event_name":"Falling","floor":41,"gold_loss":0},{"damage_healed":0,"gold_gain":0,"player_choice":"Forge","damage_taken":0,"max_hp_gain":0,"max_hp_loss":0,"event_name":"Accursed Blacksmith","floor":45,"gold_loss":0,"cards_upgraded":["Atom Bomb"]}],"is_beta":false,"boss_relics":[{"not_picked":["Snecko Eye","Ectoplasm"],"picked":"Replay:Bronze Core"},{"not_picked":["Cursed Key","Astrolabe"],"picked":"SacredBark"}],"items_purged_floors":[22],"is_endless":false,"potions_floor_spawned":[1,6,7,14,23,31,37,39,49,50],"killed_by":"Time Eater","ascension_level":0}}