{"host":"ggy1mjjy92c62u6a","time":1608289526,"event":{"mods":["BaseMod","Better Vampires","Decade(王小明)","Minty Spire (QoL Compilation)","Quick Restart","Shop Mod","Spicy Shops","StSLib","Waifu the Spire","【遗物卡牌】REMEMod"],"gold_per_floor":[113,113,113,19,19,19,49,61,61,61,108,122,122,47,47,148,148,164,181,36,36,36],"floor_reached":21,"playtime":1237,"items_purged":[],"score":167,"play_id":"69c756c9-a4c5-4c07-b115-4b84faeed857","local_time":"20201218190526","is_ascension_mode":false,"campfire_choices":[{"data":"REME_MagicPocketWatch","floor":6.0,"key":"SMITH"},{"floor":15.0,"key":"REST"}],"circlet_count":0,"master_deck":["Decade_Attack","Decade_Attack","Decade_Attack","Decade_Attack","KamenRide+1","Decade_SpecialSkill","Decade_Defend","Decade_Defend","Decade_Defend+1","FormRideTitan","REME_MagicPocketWatch+1","PhotonAcceleration+1","RideBooker","Decade_Defend2","KamenRideKuuga","Blade_Beat","PhotonAcceleration+1","DecadeViolentEmotion","Kuuga_Rising","Expertise","RideBooker_Skill_1+1","Decade_Illusion+1","DecadeViolentEmotion"],"relics":["Decadriver","TOEIDeficitBill","REME_ComplimentaryCards","NeowsBlessing","Question Card","Shuriken","Nunchaku","Coffee Dripper","MerchantsRug"],"acts_visited":["Exordium","TheCity"],"potions_floor_usage":[],"damage_taken":[{"damage":0.0,"enemies":"Small Slimes","floor":1.0,"turns":1.0},{"damage":0.0,"enemies":"The Mushroom Lair","floor":7.0,"turns":1.0},{"damage":0.0,"enemies":"2 Louse","floor":8.0,"turns":1.0},{"damage":0.0,"enemies":"Jaw Worm","floor":10.0,"turns":3.0},{"damage":11.0,"enemies":"Exordium Wildlife","floor":12.0,"turns":4.0},{"damage":98,"enemies":"Hexaghost","floor":16,"turns":8},{"damage":11,"enemies":"Spheric Guardian","floor":18,"turns":5},{"damage":16,"enemies":"Chosen","floor":19,"turns":4},{"damage":64,"enemies":"Masked Bandits","floor":21,"turns":3}],"seed_played":"-2927784332620336086","potions_obtained":[{"floor":1.0,"key":"SteroidPotion"},{"floor":8.0,"key":"Weak Potion"}],"is_trial":false,"path_per_floor":["M","?","?","$","?","R","?","M","T","M","T","M","?","$","R","B",null,"M","M","$","?"],"character_chosen":"Decade","items_purchased":["REME_MagicPocketWatch","DollysMirror","MerchantsRug","UnarmedAttack1"],"campfire_rested":1,"item_purchase_floors":[4,14,20,20],"current_hp_per_floor":[70,52,45,45,31,31,31,31,31,31,31,40,40,40,61,20,70,60,58,58,0,0],"gold":36,"neow_bonus":"THREE_ENEMY_KILL","is_daily":false,"chose_seed":false,"campfire_upgraded":1,"win_rate":0.0,"timestamp":1608289526,"path_taken":["M","?","?","$","?","R","?","M","T","?","?","M","?","$","R","BOSS","M","M","$","?"],"items_purchased_type":["Card","Relic","Relic","Card"],"build_version":"2020-12-13","purchased_purges":0,"victory":false,"max_hp_per_floor":[70,70,70,70,70,70,70,70,70,70,70,70,70,70,70,70,70,70,70,70,70,70],"card_choices":[{"not_picked":["FormRideJack","PhotonAcceleration"],"picked":"FormRideTitan","floor":1.0},{"not_picked":["FormRideBasshaa","FormRideGaruru","DenO_Rod"],"picked":"PhotonAcceleration","floor":7.0},{"not_picked":["FormRideGaruru","FormRideBasshaa","UnarmedAttack7"],"picked":"RideBooker","floor":8.0},{"not_picked":["RideBooker_Skill_3","DenO_Sword","KamenRideBlade"],"picked":"Decade_Defend2","floor":10.0},{"not_picked":["Blade_Beat","Kiva_Bats","KamenRideKiva"],"picked":"KamenRideKuuga","floor":10.0},{"not_picked":["Decade_Defend2","FormRidePegasus","UnarmedAttack3"],"picked":"Blade_Beat","floor":12.0},{"not_picked":["RideBooker","Hibiki_Attack2","MirrorWorld","Kuuga_GouramAttack"],"picked":"SKIP","floor":12.0},{"not_picked":["NMDAZYYGL","FormRideAxel","Kiva_Swallow"],"picked":"DecadeViolentEmotion","floor":16},{"not_picked":["FormRideAxel","DenO_Climax","UnarmedAttack9"],"picked":"Kuuga_Rising","floor":16},{"not_picked":["Blade_Slash","FormRidePegasus","KamenRideHibiki+1"],"picked":"RideBooker_Skill_1+1","floor":18},{"not_picked":["FormRideGaruru","KamenRideDecade","Decade_Dash1"],"picked":"Decade_Illusion+1","floor":18},{"not_picked":["UnarmedAttack1","Decade_Defend2","Kuuga_GouramAttack"],"picked":"DecadeViolentEmotion","floor":19},{"not_picked":["DragClaw","Kiva_Bats","KamenRideKuuga","UnarmedAttack1"],"picked":"SKIP","floor":19}],"player_experience":25247,"relics_obtained":[{"floor":7.0,"key":"Odd Mushroom"},{"floor":9.0,"key":"Shuriken"},{"floor":11.0,"key":"Nunchaku"}],"event_choices":[{"damage_healed":0.0,"max_hp_gain":0.0,"max_hp_loss":0.0,"gold_gain":0.0,"event_name":"Scrap Ooze","player_choice":"Success","floor":2.0,"gold_loss":0.0,"damage_taken":18.0,"relics_obtained":["Question Card"]},{"cards_removed":["Decade_Defend"],"damage_healed":0.0,"max_hp_gain":0.0,"max_hp_loss":0.0,"gold_gain":0.0,"event_name":"Golden Wing","player_choice":"Card Removal","floor":3.0,"gold_loss":0.0,"damage_taken":7.0},{"damage_healed":0.0,"max_hp_gain":0.0,"max_hp_loss":0.0,"gold_gain":0.0,"event_name":"Shining Light","player_choice":"Entered Light","floor":5.0,"gold_loss":0.0,"damage_taken":14.0,"cards_upgraded":["Decade_Defend","KamenRide"]},{"damage_healed":0.0,"max_hp_gain":0.0,"max_hp_loss":0.0,"gold_gain":0.0,"event_name":"Mushrooms","player_choice":"Fought Mushrooms","floor":7.0,"gold_loss":0.0,"damage_taken":0.0},{"damage_healed":0.0,"max_hp_gain":0.0,"max_hp_loss":0.0,"gold_gain":0.0,"event_name":"Upgrade Shrine","player_choice":"Upgraded","floor":13.0,"gold_loss":0.0,"damage_taken":0.0,"cards_upgraded":["PhotonAcceleration"]},{"damage_healed":0,"gold_gain":0,"player_choice":"Fought Bandits","damage_taken":0,"max_hp_gain":0,"max_hp_loss":0,"event_name":"Masked Bandits","floor":21,"gold_loss":0}],"is_beta":false,"boss_relics":[{"not_picked":["Black Star","Snecko Eye"],"picked":"Coffee Dripper"}],"items_purged_floors":[],"is_endless":false,"potions_floor_spawned":[1,8],"killed_by":"Masked Bandits","ascension_level":0}}