{"host":"o0q01dgb4z8zpo6o","time":1608259549,"event":{"mods":["BaseMod","GifTheSpireLib","Minty Spire (QoL Compilation)","Relic Stats","StSLib"],"gold_per_floor":[115,130,205,205,216,44,119,119,119,119,152,171,171,199,199,275,275,285,285,301,216,65,90,103,103,126,126,126,126,136,165,177,265,277,300,82,107,120,137,137,171,250,250,282,282,298,298,310,310,310,310,310,12,37,37],"floor_reached":56,"playtime":3201,"items_purged":["Strike_B","Strike_B+1"],"score":2019,"play_id":"b7933502-f25b-4b69-815b-c9f95a8bddaf","local_time":"20201217184549","is_ascension_mode":true,"campfire_choices":[{"data":"Sunder","floor":8.0,"key":"SMITH"},{"data":"Hologram","floor":10.0,"key":"SMITH"},{"data":"Capacitor","floor":13.0,"key":"SMITH"},{"data":"Glacier","floor":15.0,"key":"SMITH"},{"data":"Dualcast","floor":28.0,"key":"SMITH"},{"floor":32,"key":"REST"},{"data":"Defragment","floor":40,"key":"SMITH"},{"data":"Defragment","floor":47,"key":"SMITH"},{"floor":49,"key":"RECALL"},{"data":"Capacitor","floor":52,"key":"SMITH"}],"circlet_count":0,"master_deck":["AscendersBane","Strike_B+1","Strike_B+1","Defend_B+1","Defend_B+1","Defend_B+1","Defend_B+1","Zap+1","Dualcast+1","Sunder+1","Hologram+1","FTL+1","Sweeping Beam+1","Capacitor+1","Glacier+1","Beam Cell+1","Hyperbeam+1","Capacitor+1","Rebound+1","All For One+1","Necronomicurse","Go for the Eyes+1","Core Surge+1","Redo+1","Defragment+1","Defragment+1","Barrage+1","Gash+1","Biased Cognition","Defragment+1"],"relics":["FrozenCore","PreservedInsect","Molten Egg 2","Eternal Feather","Mango","Bottled Lightning","TungstenRod","ClockworkSouvenir","Turnip","Tiny Chest","Anchor","Necronomicon","MawBank","Runic Pyramid","DollysMirror","Calipers","White Beast Statue","HornCleat","Bag of Marbles","War Paint","Shuriken"],"acts_visited":["Exordium","TheCity","TheBeyond","TheEnding"],"potions_floor_usage":[33,44,46,50,55,55],"damage_taken":[{"damage":2.0,"enemies":"Jaw Worm","floor":1.0,"turns":5.0},{"damage":6.0,"enemies":"Cultist","floor":2.0,"turns":3.0},{"damage":3.0,"enemies":"2 Louse","floor":5.0,"turns":2.0},{"damage":10.0,"enemies":"Lagavulin","floor":11.0,"turns":4.0},{"damage":9.0,"enemies":"Red Slaver","floor":12.0,"turns":3.0},{"damage":1.0,"enemies":"3 Sentries","floor":14.0,"turns":4.0},{"damage":41.0,"enemies":"The Guardian","floor":16.0,"turns":12.0},{"damage":1.0,"enemies":"Shell Parasite","floor":18.0,"turns":7.0},{"damage":5.0,"enemies":"Spheric Guardian","floor":20.0,"turns":5.0},{"damage":39.0,"enemies":"Gremlin Leader","floor":23.0,"turns":8.0},{"damage":0.0,"enemies":"3 Cultists","floor":24.0,"turns":2.0},{"damage":1.0,"enemies":"Shelled Parasite and Fungi","floor":30.0,"turns":2.0},{"damage":18,"enemies":"Book of Stabbing","floor":31,"turns":7},{"damage":33,"enemies":"Champ","floor":33,"turns":13},{"damage":0,"enemies":"3 Shapes","floor":35,"turns":2},{"damage":15,"enemies":"Mind Bloom Boss Battle","floor":37,"turns":6},{"damage":0,"enemies":"Orb Walker","floor":38,"turns":4},{"damage":0,"enemies":"3 Darklings","floor":39,"turns":4},{"damage":0,"enemies":"Nemesis","floor":41,"turns":7},{"damage":0,"enemies":"Giant Head","floor":44,"turns":10},{"damage":0,"enemies":"Sphere and 2 Shapes","floor":46,"turns":3},{"damage":0,"enemies":"4 Shapes","floor":48,"turns":6},{"damage":9,"enemies":"Awakened One","floor":50,"turns":18},{"damage":46,"enemies":"Shield and Spear","floor":54,"turns":7},{"damage":0,"enemies":"The Heart","floor":55,"turns":13}],"seed_played":"-8188501508366503994","potions_obtained":[{"floor":1.0,"key":"Block Potion"},{"floor":11.0,"key":"Fire Potion"},{"floor":24.0,"key":"SpeedPotion"},{"floor":30.0,"key":"FearPotion"},{"floor":33,"key":"LiquidMemories"},{"floor":38,"key":"Strength Potion"},{"floor":44,"key":"AttackPotion"},{"floor":46,"key":"SpeedPotion"},{"floor":48,"key":"ColorlessPotion"}],"is_trial":false,"path_per_floor":["M","M","?","?","M","$","?","R","T","R","E","M","R","E","R","B",null,"M","?","M","?","$","E","M","T","T","?","R","?","M","E","R","B",null,"M","$","?","M","M","R","E","T","T","E","?","M","R","M","R","B",null,"R","$","E","B",null],"character_chosen":"DEFECT","items_purchased":["FTL+1","Sweeping Beam+1","ClockworkSouvenir","Defragment","DollysMirror","War Paint","AttackPotion"],"campfire_rested":1,"item_purchase_floors":[6,6,22,36,36,53,53],"current_hp_per_floor":[62,56,45,45,42,42,35,35,35,41,45,36,45,44,53,12,67,66,66,61,61,61,22,22,22,22,22,34,22,21,3,40,7,66,66,66,51,51,51,66,66,66,66,66,66,66,81,81,81,72,79,81,81,35,35],"gold":37,"neow_bonus":"RANDOM_COMMON_RELIC","is_daily":false,"chose_seed":false,"campfire_upgraded":8,"win_rate":0.0,"timestamp":1608259549,"path_taken":["M","M","?","?","?","$","?","R","T","R","E","?","R","E","R","BOSS","M","?","M","?","$","E","M","?","T","?","R","?","M","E","R","BOSS","M","$","?","M","M","R","E","?","T","E","?","M","R","M","R","BOSS","R","$","E","BOSS"],"items_purchased_type":["Card","Card","Relic","Card","Relic","Relic","Potion"],"build_version":"2020-12-13","purchased_purges":2,"victory":true,"max_hp_per_floor":[71,71,71,71,71,71,71,71,71,71,85,85,85,85,85,85,85,85,85,85,85,85,85,85,85,85,85,85,85,85,85,85,85,85,85,85,85,85,85,85,85,85,85,85,81,81,81,81,81,81,81,81,81,81,81],"relic_stats":{"counters":[25,157],"Shuriken":[6],"Eternal Feather":80,"Tiny Chest":1,"PreservedInsect":438,"Turnip":[9],"Necronomicon":[38],"War Paint":["Zap"],"MawBank":60,"obtain_stats":[{"Calipers":37,"Eternal Feather":9,"Mango":11,"PreservedInsect":0,"War Paint":53,"MawBank":31,"White Beast Statue":41,"FrozenCore":17,"ClockworkSouvenir":22,"Anchor":26,"HornCleat":42,"DollysMirror":36,"Shuriken":54,"Molten Egg 2":4,"Tiny Chest":25,"Turnip":23,"Necronomicon":29,"Bag of Marbles":44,"Bottled Lightning":14,"Cracked Core":0,"TungstenRod":21,"Runic Pyramid":34},{"Calipers":16,"Eternal Feather":3,"Mango":4,"PreservedInsect":0,"War Paint":23,"MawBank":13,"White Beast Statue":19,"FrozenCore":7,"ClockworkSouvenir":9,"Anchor":11,"HornCleat":19,"DollysMirror":15,"Shuriken":24,"Molten Egg 2":2,"Tiny Chest":11,"Turnip":10,"Necronomicon":11,"Bag of Marbles":20,"Bottled Lightning":6,"Cracked Core":0,"TungstenRod":9,"Runic Pyramid":14},{"Calipers":85,"Eternal Feather":10,"Mango":14,"PreservedInsect":0,"War Paint":137,"MawBank":64,"White Beast Statue":100,"FrozenCore":33,"ClockworkSouvenir":45,"Anchor":55,"HornCleat":100,"DollysMirror":79,"Shuriken":144,"Molten Egg 2":8,"Tiny Chest":55,"Turnip":53,"Necronomicon":55,"Bag of Marbles":110,"Bottled Lightning":21,"Cracked Core":0,"TungstenRod":45,"Runic Pyramid":77}],"TungstenRod":26,"FrozenCore":[72]},"card_choices":[{"not_picked":["Rip and Tear","Stack"],"picked":"Sunder","floor":1.0},{"not_picked":["Redo","Beam Cell"],"picked":"Hologram","floor":2.0},{"not_picked":["Turbo","Tempest"],"picked":"Hologram","floor":5.0},{"not_picked":["BootSequence","Leap"],"picked":"Capacitor","floor":11.0},{"not_picked":["Aggregate","Sweeping Beam+1"],"picked":"Glacier","floor":12.0},{"not_picked":["Leap","Redo"],"picked":"Beam Cell+1","floor":14.0},{"not_picked":["Buffer","Biased Cognition"],"picked":"Hyperbeam+1","floor":16.0},{"not_picked":["Fusion","Leap","Conserve Battery"],"picked":"SKIP","floor":18.0},{"not_picked":["Turbo","FTL+1"],"picked":"Rebound+1","floor":20.0},{"not_picked":["BootSequence+1","Force Field"],"picked":"All For One+1","floor":23.0},{"not_picked":["Steam","Redo","Leap"],"picked":"SKIP","floor":24.0},{"not_picked":["Melter+1","Genetic Algorithm"],"picked":"Go for the Eyes+1","floor":30.0},{"not_picked":["Beam Cell+1","Aggregate","Multi-Cast"],"picked":"SKIP","floor":31},{"not_picked":["Creative AI","Machine Learning"],"picked":"Core Surge+1","floor":33},{"not_picked":["Stack+1","Go for the Eyes+1"],"picked":"Redo+1","floor":35},{"not_picked":["Reprogram","Turbo"],"picked":"Barrage+1","floor":37},{"not_picked":["Cold Snap+1","Redo","Leap"],"picked":"SKIP","floor":38},{"not_picked":["Rebound+1","Storm"],"picked":"Gash+1","floor":39},{"not_picked":["Hologram+1","Barrage+1"],"picked":"Biased Cognition","floor":41},{"not_picked":["Stack","Leap","Scrape+1"],"picked":"SKIP","floor":44},{"not_picked":["Redo","Scrape+1","Glacier"],"picked":"SKIP","floor":46},{"not_picked":["Steam Power","Darkness+1","FTL+1"],"picked":"SKIP","floor":48},{"not_picked":["Hello World","Undo"],"picked":"Defragment+1","floor":54}],"player_experience":998895,"relics_obtained":[{"floor":9.0,"key":"Eternal Feather"},{"floor":11.0,"key":"Mango"},{"floor":14.0,"key":"Bottled Lightning"},{"floor":23.0,"key":"Turnip"},{"floor":25.0,"key":"Tiny Chest"},{"floor":26.0,"key":"Anchor"},{"floor":29.0,"key":"Necronomicon"},{"floor":31,"key":"MawBank"},{"floor":37,"key":"Calipers"},{"floor":41,"key":"White Beast Statue"},{"floor":42,"key":"HornCleat"},{"floor":44,"key":"Bag of Marbles"},{"floor":54,"key":"Shuriken"}],"event_choices":[{"damage_healed":0.0,"max_hp_gain":0.0,"max_hp_loss":0.0,"gold_gain":75.0,"event_name":"World of Goop","player_choice":"Gather Gold","floor":3.0,"gold_loss":0.0,"damage_taken":11.0},{"cards_removed":["Hologram"],"damage_healed":0.0,"max_hp_gain":0.0,"max_hp_loss":0.0,"gold_gain":0.0,"event_name":"WeMeetAgain","player_choice":"Gave Card","floor":4.0,"gold_loss":0.0,"damage_taken":0.0,"relics_obtained":["Molten Egg 2"]},{"damage_healed":0.0,"max_hp_gain":0.0,"max_hp_loss":0.0,"gold_gain":75.0,"event_name":"FaceTrader","player_choice":"Touch","floor":7.0,"gold_loss":0.0,"damage_taken":7.0},{"damage_healed":0.0,"max_hp_gain":0.0,"max_hp_loss":0.0,"gold_gain":0.0,"event_name":"The Library","player_choice":"Read","floor":19.0,"gold_loss":0.0,"damage_taken":0.0,"cards_obtained":["Capacitor"]},{"damage_healed":0.0,"max_hp_gain":0.0,"max_hp_loss":0.0,"gold_gain":0.0,"event_name":"Addict","player_choice":"Obtained Relic","floor":21.0,"gold_loss":85.0,"damage_taken":0.0,"relics_obtained":["TungstenRod"]},{"damage_healed":0.0,"max_hp_gain":0.0,"max_hp_loss":0.0,"gold_gain":0.0,"event_name":"Back to Basics","player_choice":"Simplicity","floor":27.0,"gold_loss":0.0,"damage_taken":0.0,"cards_upgraded":["Strike_B","Strike_B","Strike_B","Defend_B","Defend_B","Defend_B","Defend_B"]},{"damage_healed":0.0,"max_hp_gain":0.0,"max_hp_loss":0.0,"gold_gain":0.0,"event_name":"Cursed Tome","player_choice":"Obtained Book","floor":29.0,"gold_loss":0.0,"damage_taken":16.0},{"damage_healed":0,"gold_gain":0,"player_choice":"Fight","damage_taken":0,"max_hp_gain":0,"max_hp_loss":0,"event_name":"MindBloom","floor":37,"gold_loss":0},{"damage_healed":0,"gold_gain":0,"player_choice":"Max HP","damage_taken":0,"max_hp_gain":0,"max_hp_loss":4,"event_name":"Winding Halls","floor":45,"gold_loss":0}],"is_beta":false,"boss_relics":[{"not_picked":["SlaversCollar","Sozu"],"picked":"FrozenCore"},{"not_picked":["Runic Dome","Tiny House"],"picked":"Runic Pyramid"}],"items_purged_floors":[6,53],"is_endless":false,"potions_floor_spawned":[1,11,12,24,30,33,35,38,39,44,46,48,54],"ascension_level":14}}