{"host":"ds3v42j7tpaaz1mg","time":1608322205,"event":{"mods":["AchievementEnabler","Aspiration","BaseMod","Bestiary","Better Altar","Better Note","Better Sensory Stone","BetterRewards","Block Reminder","Colored Powertips","Conspire","Downfall","Energized Spire","Halation","Hermit","Highlight Path","Hubris","Infinite Spire","Jorbs\u0027s Wanderer Trilogy","Minty Spire (QoL Compilation)","Relic Stats","Replay The Spire","StSLib","The Elementalist","The Servant 0.9.4","vexMod"],"gold_per_floor":[117,46,96,96,112,126,137,137,137,156,156,156,156],"floor_reached":12,"playtime":305,"items_purged":[],"score":98,"play_id":"f7749880-33b2-4981-941a-775712f36169","local_time":"20201218151005","is_ascension_mode":true,"campfire_choices":[{"floor":8,"key":"REST"},{"data":"ReplayTheSpireMod:Reroute Power","floor":11,"key":"SMITH"}],"circlet_count":0,"master_deck":["Strike_B","Strike_B","Strike_B","Strike_B","Defend_B","Defend_B","Defend_B","Defend_B","Zap","Dualcast","Hyperbeam","Coolheaded","ReplayTheSpireMod:Reroute Power+1","ReplayTheSpireMod:Reroute Power","Coolheaded"],"relics":["Cracked Core","hubris:Icosahedron","aspiration:HatOfInfinitePower"],"acts_visited":["Exordium"],"potions_floor_usage":[7],"damage_taken":[{"damage":0,"enemies":"2 Louse","floor":1,"turns":1},{"damage":23,"enemies":"Jaw Worm","floor":5,"turns":5},{"damage":0,"enemies":"Small Slimes","floor":6,"turns":2},{"damage":18,"enemies":"Exordium Thugs","floor":7,"turns":6},{"damage":11,"enemies":"Blue Slaver","floor":10,"turns":3},{"damage":18,"enemies":"Replay:BlueRogue","floor":12,"turns":3}],"seed_played":"3695290680573440389","potions_obtained":[{"floor":5,"key":"Ancient Potion"},{"floor":6,"key":"SteroidPotion"},{"floor":10,"key":"FocusPotion"}],"is_trial":false,"path_per_floor":["M","$","?","?","M","M","M","R","T","M","R","E"],"character_chosen":"DEFECT","items_purchased":["ReplayTheSpireMod:Reroute Power"],"campfire_rested":1,"item_purchase_floors":[2],"current_hp_per_floor":[68,68,68,68,45,45,27,49,49,38,38,20,20],"gold":156,"neow_bonus":"ONE_RANDOM_RARE_CARD","is_daily":false,"chose_seed":false,"campfire_upgraded":1,"win_rate":0.0,"timestamp":1608322205,"path_taken":["M","$","?","?","M","M","?","R","T","M","R","E"],"items_purchased_type":["Card"],"build_version":"2020-12-13","purchased_purges":0,"victory":false,"max_hp_per_floor":[75,75,75,75,75,75,75,75,75,75,75,75,75],"relic_stats":{"counters":[6,20],"obtain_stats":[{"hubris:Icosahedron":4,"Cracked Core":0,"aspiration:HatOfInfinitePower":9},{"hubris:Icosahedron":1,"Cracked Core":0,"aspiration:HatOfInfinitePower":4},{"hubris:Icosahedron":1,"Cracked Core":0,"aspiration:HatOfInfinitePower":14}]},"card_choices":[{"not_picked":["Go for the Eyes","Force Field"],"picked":"Coolheaded","floor":1},{"not_picked":["Barrage","Go for the Eyes"],"picked":"ReplayTheSpireMod:Reroute Power","floor":5},{"not_picked":["Double Energy","Hello World"],"picked":"Coolheaded","floor":6},{"not_picked":["Streamline","Beam Cell","Rebound"],"picked":"SKIP","floor":7},{"not_picked":["Beam Cell","Stack","Steam Power"],"picked":"SKIP","floor":10}],"player_experience":550554,"relics_obtained":[{"floor":9,"key":"aspiration:HatOfInfinitePower"}],"event_choices":[],"is_beta":false,"boss_relics":[],"items_purged_floors":[],"is_endless":false,"potions_floor_spawned":[5,6,10],"killed_by":"Replay:BlueRogue","ascension_level":8}}