{"host":"xd92u7alcwi518yp","time":1608278482,"event":{"mods":["Aspiration","BaseMod","BetterRewards","Colored Map","Colored Powertips","Hubris","Minty Spire (QoL Compilation)","Quick Restart","StSLib"],"gold_per_floor":[109,124,77,89,106,106,137,137,137,137,157,173,198,209,209,307,307,321,200,200,187,203,203,203,215,215,65,80,179,179,198,198,299,299,314,314,364,364,382,409,409,427,427,427,480,501,501,94,94,94,94,94,7,33,33,33],"floor_reached":55,"playtime":5661,"items_purged":["hubris:Envy","hubris:Greed"],"score":709,"play_id":"a0877cff-771c-4993-8a53-233b2f670db7","local_time":"20201218000122","is_ascension_mode":false,"campfire_choices":[{"data":"Footwork","floor":6,"key":"SMITH"},{"floor":8,"key":"REST"},{"data":"Setup","floor":10,"key":"SMITH"},{"floor":15,"key":"RECALL"},{"floor":23,"key":"REST"},{"floor":30,"key":"REST"},{"floor":32,"key":"REST"},{"floor":41,"key":"REST"},{"floor":44,"key":"REST"},{"data":"After Image","floor":49,"key":"SMITH"},{"floor":52,"key":"DIG"}],"circlet_count":0,"master_deck":["Strike_G","Strike_G","Defend_G","Defend_G","Defend_G","Defend_G","Defend_G","Survivor","Neutralize","Dagger Spray","Footwork+1","Blade Dance","Cloak And Dagger","Setup+1","Blade Dance","Terror","Dodge and Roll","Blade Dance","Envenom","Distraction","Caltrops","J.A.X.","Caltrops","Distraction+1","Catalyst+1","Accuracy","Deflect","After Image+1","Finisher+1","Flying Knee+1","PiercingWail+1","Bouncing Flask","Cloak And Dagger","Cloak And Dagger+1","Backflip+1","Deadly Poison","Blur","Infinite Blades","Envenom"],"relics":["Ring of the Snake","Happy Flower","Anchor","Cursed Key","hubris:MysteriousPyramids","hubris:Spice","Astrolabe","hubris:Icosahedron","Shovel","hubris:Towel","HornCleat","Eternal Feather"],"acts_visited":["Exordium","TheCity","TheBeyond","TheEnding"],"potions_floor_usage":[7,13,16,18,31,50,55,55,55],"damage_taken":[{"damage":1,"enemies":"Jaw Worm","floor":1,"turns":5},{"damage":0,"enemies":"2 Louse","floor":2,"turns":3},{"damage":0,"enemies":"Small Slimes","floor":4,"turns":3},{"damage":0,"enemies":"Looter","floor":5,"turns":4},{"damage":31,"enemies":"Gremlin Nob","floor":7,"turns":5},{"damage":0,"enemies":"2 Fungi Beasts","floor":11,"turns":3},{"damage":0,"enemies":"3 Louse","floor":12,"turns":3},{"damage":10,"enemies":"Lagavulin","floor":13,"turns":5},{"damage":0,"enemies":"Lots of Slimes","floor":14,"turns":3},{"damage":41,"enemies":"Hexaghost","floor":16,"turns":10},{"damage":18,"enemies":"Spheric Guardian","floor":18,"turns":6},{"damage":4,"enemies":"2 Thieves","floor":21,"turns":4},{"damage":12,"enemies":"Snecko","floor":22,"turns":5},{"damage":12,"enemies":"Snake Plant","floor":25,"turns":5},{"damage":13,"enemies":"Shelled Parasite and Fungi","floor":28,"turns":4},{"damage":18,"enemies":"3 Cultists","floor":31,"turns":4},{"damage":37,"enemies":"Collector","floor":33,"turns":8},{"damage":3,"enemies":"3 Shapes","floor":35,"turns":5},{"damage":11,"enemies":"Mind Bloom Boss Battle","floor":37,"turns":7},{"damage":3,"enemies":"3 Darklings","floor":39,"turns":4},{"damage":42,"enemies":"Reptomancer","floor":40,"turns":7},{"damage":12,"enemies":"4 Shapes","floor":42,"turns":5},{"damage":24,"enemies":"2 Orb Walkers","floor":45,"turns":4},{"damage":0,"enemies":"Jaw Worm Horde","floor":46,"turns":5},{"damage":37,"enemies":"hubris:GrandSnecko","floor":50,"turns":11},{"damage":16,"enemies":"Shield and Spear","floor":54,"turns":6},{"damage":71,"enemies":"The Heart","floor":55,"turns":6}],"seed_played":"6813084657143127110","potions_obtained":[{"floor":5,"key":"ColorlessPotion"},{"floor":7,"key":"SkillPotion"},{"floor":13,"key":"SteroidPotion"},{"floor":14,"key":"Dexterity Potion"},{"floor":21,"key":"DuplicationPotion"},{"floor":25,"key":"SteroidPotion"},{"floor":31,"key":"SpeedPotion"}],"is_trial":false,"path_per_floor":["M","M","$","M","M","R","E","R","T","R","M","M","E","M","R","B",null,"M","$","?","M","M","R","?","M","T","$","M","?","R","M","R","B",null,"M","?","?","?","M","E","R","M","T","R","?","M","?","$","R","B",null,"R","$","E","B"],"character_chosen":"THE_SILENT","items_purchased":["Blade Dance","Caltrops","ColorlessPotion","Accuracy","hubris:Spice","Infinite Blades","Fire Potion"],"campfire_rested":6,"item_purchase_floors":[3,19,19,27,48,53,53],"current_hp_per_floor":[76,76,76,76,76,76,45,68,68,68,68,68,58,58,58,17,77,59,59,59,55,43,66,66,54,62,62,49,49,74,56,81,44,85,82,82,71,71,68,34,61,49,49,76,52,52,95,87,87,50,87,87,87,71,0,0],"gold":33,"neow_bonus":"TEN_PERCENT_HP_BONUS","is_daily":false,"chose_seed":false,"campfire_upgraded":3,"win_rate":0.0,"timestamp":1608278482,"path_taken":["M","M","$","M","M","R","E","R","T","R","M","M","E","M","R","BOSS","M","$","?","M","M","R","?","M","T","$","?","?","R","M","R","BOSS","M","?","?","?","M","E","R","M","T","R","?","M","?","$","R","BOSS","R","$","E","BOSS"],"items_purchased_type":["Card","Card","Potion","Card","Relic","Card","Potion"],"build_version":"2020-12-13","purchased_purges":2,"victory":false,"max_hp_per_floor":[77,77,77,77,77,77,77,77,77,77,77,77,77,77,77,77,77,77,77,77,77,77,77,77,77,85,85,85,85,85,85,85,85,85,85,85,85,85,85,93,93,93,93,93,85,85,95,87,87,87,87,87,87,87,87,87],"card_choices":[{"not_picked":["Prepared","Setup"],"picked":"Dagger Spray","floor":1},{"not_picked":["Leg Sweep","Dagger Spray"],"picked":"Footwork","floor":2},{"not_picked":["Deadly Poison","Blade Dance"],"picked":"Cloak And Dagger","floor":4},{"not_picked":["Prepared","Choke"],"picked":"Setup","floor":5},{"not_picked":["Eviscerate","Flying Knee"],"picked":"Blade Dance","floor":7},{"not_picked":["Riddle With Holes","hubris:SlightOfHand"],"picked":"Terror","floor":11},{"not_picked":["Underhanded Strike","PiercingWail"],"picked":"Dodge and Roll","floor":12},{"not_picked":["Quick Slash","hubris:SlightOfHand","Grand Finale"],"picked":"SKIP","floor":13},{"not_picked":["All Out Attack","Dodge and Roll"],"picked":"Blade Dance","floor":14},{"not_picked":["aspiration:Lunge","Tools of the Trade"],"picked":"Envenom","floor":16},{"not_picked":["hubris:Counter+1","Dagger Throw"],"picked":"Distraction","floor":18},{"not_picked":["Underhanded Strike","Slice+1"],"picked":"Caltrops","floor":21},{"not_picked":["Acrobatics","Heel Hook"],"picked":"Distraction+1","floor":22},{"not_picked":["Expertise+1","Cloak And Dagger+1"],"picked":"Catalyst+1","floor":25},{"not_picked":["Expertise","Leg Sweep"],"picked":"Deflect","floor":28},{"not_picked":["Sucker Punch","Tools of the Trade","Calculated Gamble"],"picked":"SKIP","floor":31},{"not_picked":["A Thousand Cuts","Bullet Time"],"picked":"After Image","floor":33},{"not_picked":["Setup+1","Deadly Poison"],"picked":"Bouncing Flask","floor":35},{"not_picked":["PiercingWail","Dagger Spray+1"],"picked":"Cloak And Dagger","floor":37},{"not_picked":["Dodge and Roll","Poisoned Stab"],"picked":"Cloak And Dagger+1","floor":39},{"not_picked":["Quick Slash","PiercingWail"],"picked":"Backflip+1","floor":40},{"not_picked":["Glass Knife","Underhanded Strike"],"picked":"Deadly Poison","floor":42},{"not_picked":["Terror","hubris:SlightOfHand+1"],"picked":"Blur","floor":45},{"not_picked":["Eviscerate+1","Dodge and Roll+1"],"picked":"Corpse Explosion","floor":46},{"not_picked":["Backstab","Tools of the Trade"],"picked":"Envenom","floor":54}],"player_experience":328910,"relics_obtained":[{"floor":7,"key":"Happy Flower"},{"floor":13,"key":"Anchor"},{"floor":26,"key":"hubris:Spice"},{"floor":37,"key":"Shovel"},{"floor":40,"key":"hubris:Spice"},{"floor":43,"key":"HornCleat"},{"floor":45,"key":"hubris:Spice"},{"floor":52,"key":"Eternal Feather"}],"event_choices":[{"damage_healed":0,"gold_gain":0,"player_choice":"Obtain J.A.X.","damage_taken":0,"max_hp_gain":0,"max_hp_loss":0,"event_name":"Drug Dealer","floor":20,"gold_loss":0,"cards_obtained":["J.A.X."]},{"damage_healed":0,"gold_gain":0,"player_choice":"Opened","damage_taken":0,"relics_obtained":["hubris:MysteriousPyramids"],"max_hp_gain":0,"max_hp_loss":0,"event_name":"The Mausoleum","floor":24,"gold_loss":0},{"damage_healed":0,"gold_gain":99,"player_choice":"Stole From Cult","damage_taken":0,"max_hp_gain":0,"max_hp_loss":0,"event_name":"Nest","floor":29,"gold_loss":0},{"damage_healed":0,"gold_gain":0,"player_choice":"Fight","damage_taken":0,"max_hp_gain":0,"max_hp_loss":0,"event_name":"MindBloom","floor":37,"gold_loss":0},{"damage_healed":0,"gold_gain":0,"player_choice":"Fight","damage_taken":0,"max_hp_gain":0,"max_hp_loss":0,"event_name":"Mysterious Sphere","floor":45,"gold_loss":0},{"cards_removed":["Corpse Explosion"],"damage_healed":33,"gold_gain":0,"player_choice":"Offered Rare","damage_taken":0,"max_hp_gain":10,"max_hp_loss":0,"event_name":"Bonfire Elementals","floor":47,"gold_loss":0}],"is_beta":false,"boss_relics":[{"not_picked":["SlaversCollar","hubris:ScarierMask"],"picked":"Cursed Key"},{"not_picked":["Tiny House","hubris:Stopwatch"],"picked":"Astrolabe"}],"items_purged_floors":[27,48],"is_endless":false,"potions_floor_spawned":[5,7,13,14,21,25,31,33,40,42],"killed_by":"The Heart","ascension_level":0}}