{"host":"an6uhul3yec8m0jh","time":1608276113,"event":{"mods":["Act Like it!","BaseMod","Colored Map","Colored Powertips","Gensokyo","Highlight Path","Minty Spire (QoL Compilation)","Quick Restart","StSLib","Waifu the Spire","noobMod"],"gold_per_floor":[110,10,26,39,71,71,103,103,103,135,149,3,3,34,34,133,133,150,169,169,187,187,187,204,204,253,8,8,21,46,60,60,164,164,181,181,56,73,88,88,114,114,114,147,164,164,183,201,201,201],"floor_reached":51,"playtime":3950,"items_purged":["Pain","Strike_G","Strike_G"],"score":1252,"play_id":"d2b472be-527b-44b5-8354-ba53a8193243","local_time":"20201218152153","is_ascension_mode":true,"campfire_choices":[{"data":"Acrobatics","floor":6.0,"key":"SMITH"},{"data":"Concentrate","floor":13.0,"key":"SMITH"},{"data":"Prepared","floor":15.0,"key":"SMITH"},{"data":"Tactician","floor":23.0,"key":"SMITH"},{"data":"Acrobatics","floor":25.0,"key":"SMITH"},{"data":"Acrobatics","floor":28.0,"key":"SMITH"},{"data":"Adrenaline","floor":32.0,"key":"SMITH"},{"data":"Tactician","floor":40.0,"key":"SMITH"},{"data":"Calculated Gamble","floor":42,"key":"SMITH"},{"data":"Expertise","floor":46,"key":"SMITH"},{"data":"Burst","floor":49,"key":"SMITH"}],"circlet_count":0,"master_deck":["Defend_G","Defend_G","Defend_G","Defend_G","Defend_G","Survivor","Neutralize","Dagger Spray","Prepared+1","Acrobatics+1","Tactician+1","Well Laid Plans","Concentrate+1","Noxious Fumes","Adrenaline+1","Burst+1","Acrobatics+1","Blade Dance","After Image","Accuracy+1","Blade Dance","Acrobatics+1","Expertise+1","Tactician+1","Calculated Gamble+1","Storm of Steel"],"relics":["Ring of the Snake","ice","NeowsBlessing","Question Card","Mummified Hand","Ice Cream","Gensokyo:LunaticRedEyes","Prayer Wheel","Darkstone Periapt","TungstenRod","Empty Cage","Oddly Smooth Stone","ClockworkSouvenir","Strawberry","Runic Dome","Bag of Marbles","Kunai"],"acts_visited":["Gensokyo:Gensokyo","Gensokyo:Gensokyoer","TheBeyond"],"potions_floor_usage":[],"damage_taken":[{"damage":0.0,"enemies":"Gensokyo:Gryphon","floor":1.0,"turns":1.0},{"damage":0.0,"enemies":"Gensokyo:2_Kodama","floor":3.0,"turns":1.0},{"damage":0.0,"enemies":"Gensokyo:Python","floor":4.0,"turns":1.0},{"damage":9.0,"enemies":"Gensokyo:Cirno","floor":5.0,"turns":5.0},{"damage":115.0,"enemies":"Gensokyo:Mamizou","floor":7.0,"turns":16.0},{"damage":14.0,"enemies":"Gensokyo:Aya","floor":10.0,"turns":4.0},{"damage":1.0,"enemies":"Gensokyo:LivingMonolith","floor":11.0,"turns":2.0},{"damage":19.0,"enemies":"Gensokyo:Cirno","floor":14.0,"turns":6.0},{"damage":22.0,"enemies":"Gensokyo:Yukari","floor":16.0,"turns":13.0},{"damage":2.0,"enemies":"Gensokyo:2_Gloops","floor":18.0,"turns":4.0},{"damage":2.0,"enemies":"Gensokyo:3_Dogs","floor":19.0,"turns":4.0},{"damage":4.0,"enemies":"Gensokyo:Slime_Group","floor":21.0,"turns":4.0},{"damage":15.0,"enemies":"Gensokyo:Monolith_and_Dog","floor":24.0,"turns":3.0},{"damage":16.0,"enemies":"Gensokyo:Swordslinger","floor":29.0,"turns":3.0},{"damage":15.0,"enemies":"Gensokyo:Koishi","floor":30.0,"turns":5.0},{"damage":0.0,"enemies":"Gensokyo:Wraith","floor":31.0,"turns":4.0},{"damage":0.0,"enemies":"Gensokyo:Eiki","floor":33.0,"turns":4.0},{"damage":0.0,"enemies":"Orb Walker","floor":35.0,"turns":1.0},{"damage":0.0,"enemies":"3 Darklings","floor":38.0,"turns":3.0},{"damage":0.0,"enemies":"Writhing Mass","floor":39.0,"turns":3.0},{"damage":0,"enemies":"Reptomancer","floor":41,"turns":2},{"damage":0,"enemies":"Giant Head","floor":44,"turns":1},{"damage":0,"enemies":"Maw","floor":45,"turns":2},{"damage":0,"enemies":"Jaw Worm Horde","floor":47,"turns":1},{"damage":0,"enemies":"3 Darklings","floor":48,"turns":2},{"damage":0,"enemies":"Awakened One","floor":50,"turns":4}],"seed_played":"-7809164541961221206","potions_obtained":[{"floor":1.0,"key":"Block Potion"},{"floor":3.0,"key":"DistilledChaos"},{"floor":7.0,"key":"CultistPotion"},{"floor":10.0,"key":"Ancient Potion"},{"floor":16.0,"key":"ColorlessPotion"},{"floor":29.0,"key":"DuplicationPotion"},{"floor":31.0,"key":"Strength Potion"}],"is_trial":false,"path_per_floor":["M","?","M","M","?","R","E","?","T","E","M","$","R","E","R","B",null,"M","M","?","M","?","R","M","R","T","$","R","M","E","M","R","B",null,"M","?","$","M","M","R","E","R","T","E","M","R","M","M","R","B",null],"character_chosen":"THE_SILENT","items_purchased":["GamblersBrew","ClockworkSouvenir"],"campfire_rested":0,"item_purchase_floors":[12,27],"current_hp_per_floor":[63,63,63,63,54,54,1,1,1,59,58,58,58,39,39,17,61,59,57,57,53,53,53,38,38,38,38,38,22,14,14,14,14,66,66,66,66,66,66,66,66,66,66,66,66,66,66,66,66,66],"gold":201,"neow_bonus":"THREE_ENEMY_KILL","is_daily":false,"chose_seed":false,"campfire_upgraded":11,"win_rate":0.0,"timestamp":1608276113,"path_taken":["M","?","M","?","?","R","E","?","T","E","M","$","R","E","R","BOSS","M","?","?","M","?","R","M","R","T","$","R","M","E","M","R","BOSS","M","?","$","M","M","R","E","R","T","E","M","R","?","M","R","BOSS"],"items_purchased_type":["Potion","Relic"],"build_version":"2020-12-13","purchased_purges":3,"victory":true,"max_hp_per_floor":[70,70,70,70,70,70,73,73,73,76,76,76,76,76,76,76,76,76,76,76,76,76,76,76,76,76,76,76,76,83,83,83,83,83,83,83,83,83,83,83,83,83,83,83,83,83,83,83,83,83],"card_choices":[{"not_picked":["Dash","Dagger Throw"],"picked":"Dagger Spray","floor":1.0},{"not_picked":["Sucker Punch","Deflect","Expertise"],"picked":"Prepared","floor":3.0},{"not_picked":["Escape Plan","Bane","Deadly Poison"],"picked":"Acrobatics","floor":4.0},{"not_picked":["Wraith Form v2","Grand Finale","Dash"],"picked":"Tactician","floor":5.0},{"not_picked":["Masterful Stab","Prepared","Bouncing Flask"],"picked":"Well Laid Plans","floor":7.0},{"not_picked":["Dodge and Roll","Dagger Throw","Terror"],"picked":"Concentrate","floor":10.0},{"not_picked":["Backflip","Bane","Choke"],"picked":"Noxious Fumes","floor":11.0},{"not_picked":["Bouncing Flask","Prepared","Expertise","Quick Slash"],"picked":"SKIP","floor":11.0},{"not_picked":["Sucker Punch","Bane","Prepared"],"picked":"Adrenaline","floor":14.0},{"not_picked":["Phantasmal Killer","Die Die Die","Tools of the Trade"],"picked":"Burst","floor":16.0},{"not_picked":["Dagger Throw","Choke","Finisher+1"],"picked":"Acrobatics","floor":18.0},{"not_picked":["Acrobatics","Expertise","Riddle With Holes"],"picked":"Blade Dance","floor":18.0},{"not_picked":["Bane+1","Predator","Cloak And Dagger+1"],"picked":"After Image","floor":19.0},{"not_picked":["Deflect+1","Prepared","Dagger Spray","Slice+1"],"picked":"SKIP","floor":19.0},{"not_picked":["Distraction","Skewer","Footwork"],"picked":"Blade Dance","floor":21.0},{"not_picked":["Quick Slash","Deflect+1","Acrobatics","Blade Dance"],"picked":"SKIP","floor":21.0},{"not_picked":["Slice+1","Underhanded Strike","Sucker Punch"],"picked":"Acrobatics","floor":24.0},{"not_picked":["Eviscerate","Noxious Fumes","Outmaneuver","Catalyst"],"picked":"SKIP","floor":24.0},{"not_picked":["Flying Knee","Deadly Poison","Well Laid Plans"],"picked":"Expertise","floor":29.0},{"not_picked":["Blade Dance","Underhanded Strike","Riddle With Holes","Cloak And Dagger"],"picked":"SKIP","floor":29.0},{"not_picked":["Outmaneuver","Glass Knife","Setup+1"],"picked":"Tactician","floor":30.0},{"not_picked":["Blade Dance+1","Sucker Punch+1","Deadly Poison"],"picked":"Calculated Gamble","floor":31.0},{"not_picked":["Flying Knee","Slice","Dodge and Roll","Escape Plan"],"picked":"SKIP","floor":31.0},{"not_picked":["Venomology","Die Die Die","Unload"],"picked":"Storm of Steel","floor":33.0},{"not_picked":["Eviscerate","Flying Knee+1","Quick Slash","Dodge and Roll+1"],"picked":"SKIP","floor":35.0},{"not_picked":["Prepared+1","Underhanded Strike","Backflip+1","Acrobatics+1"],"picked":"SKIP","floor":35.0},{"not_picked":["Underhanded Strike+1","Flying Knee","Deflect","All Out Attack+1"],"picked":"SKIP","floor":38.0},{"not_picked":["Catalyst","Underhanded Strike","Terror","Blur+1"],"picked":"SKIP","floor":38.0},{"not_picked":["Backflip","Outmaneuver+1","Blade Dance","Blur"],"picked":"SKIP","floor":39.0},{"not_picked":["Acrobatics+1","Poisoned Stab+1","Deadly Poison+1","Blade Dance"],"picked":"SKIP","floor":39.0},{"not_picked":["Tactician+1","Slice","Heel Hook","Backstab+1"],"picked":"SKIP","floor":41},{"not_picked":["Venomology","Cloak And Dagger","Outmaneuver+1","Noxious Fumes+1"],"picked":"SKIP","floor":44},{"not_picked":["Dodge and Roll","Dagger Spray","Underhanded Strike","Flying Knee+1"],"picked":"SKIP","floor":45},{"not_picked":["Quick Slash+1","Finisher","Noxious Fumes+1","PiercingWail+1"],"picked":"SKIP","floor":45},{"not_picked":["Setup+1","Acrobatics","Caltrops+1","Well Laid Plans+1"],"picked":"SKIP","floor":47},{"not_picked":["Deflect+1","PiercingWail+1","Cloak And Dagger","Endless Agony"],"picked":"SKIP","floor":47},{"not_picked":["Distraction+1","Prepared","Slice+1","Dagger Throw+1"],"picked":"SKIP","floor":48},{"not_picked":["Dagger Spray","Distraction+1","Leg Sweep","Choke"],"picked":"SKIP","floor":48}],"player_experience":181727,"relics_obtained":[{"floor":5.0,"key":"Mummified Hand"},{"floor":7.0,"key":"Ice Cream"},{"floor":9.0,"key":"Prayer Wheel"},{"floor":10.0,"key":"Darkstone Periapt"},{"floor":14.0,"key":"TungstenRod"},{"floor":26.0,"key":"Oddly Smooth Stone"},{"floor":30.0,"key":"Strawberry"},{"floor":41,"key":"Bag of Marbles"},{"floor":44,"key":"Kunai"}],"event_choices":[{"cards_removed":["Strike_G"],"damage_healed":0.0,"max_hp_gain":0.0,"max_hp_loss":0.0,"gold_gain":0.0,"event_name":"Purifier","player_choice":"Purged","floor":36.0,"gold_loss":0.0,"damage_taken":0.0}],"is_beta":false,"boss_relics":[{"not_picked":["Philosopher\u0027s Stone","Black Star"],"picked":"Empty Cage"},{"not_picked":["Fusion Hammer","Busted Crown"],"picked":"Runic Dome"}],"items_purged_floors":[12,27,37],"is_endless":false,"potions_floor_spawned":[1,3,7,10,16,19,29,31,33,39,41,47,48],"ascension_level":9}}