{"host":"i3w38rq1z4slkels","time":1608297701,"event":{"mods":["2.2 Compatiblity","Act Like it!","BaseMod","Better Match","Better Vampires","BetterRewards","Conspire","Downfall","Minty Spire (QoL Compilation)","Rare Cards Sparkle","Replay The Spire","StSLib"],"gold_per_floor":[99,130,130,55,55,90,90,101,130,55,71,71,91,91,105,202,202,52,69,69,89,89,74,151,151,179,179,179,179],"floor_reached":28,"playtime":1683,"items_purged":["sneckomod:Strike"],"score":357,"play_id":"f79b7510-519c-401d-a683-de76559d2bac","local_time":"20201218202141","is_ascension_mode":true,"campfire_choices":[{"floor":1,"key":"RECALL"},{"data":"sneckomod:Unknown","floor":5,"key":"SMITH"},{"data":"sneckomod:CheapStock","floor":10,"key":"SMITH"},{"data":"sneckomod:SnekBite","floor":18,"key":"SMITH"},{"data":"sneckomod:SoulExchange","floor":20,"key":"SMITH"},{"data":"sneckomod:Defend","floor":22,"key":"SMITH"},{"data":"1","floor":27,"key":"LIFT"}],"circlet_count":0,"master_deck":["sneckomod:Strike","sneckomod:Strike","sneckomod:Defend","sneckomod:Defend","sneckomod:Defend","sneckomod:TailWhip","sneckomod:SnekBite+1","sneckomod:Unknown+1","sneckomod:Unknown+1","sneckomod:CheapStock+1","sneckomod:CheapStock","sneckomod:SoulExchange+1","conspire:Blindness","Delirium","Shame","sneckomod:QuickMove+1","sneckomod:SnakeSap+1"],"relics":["sneckomod:SneckoSoul","downfall:HeartsMalice","Replay:Accelerometer","Simple Rune","Singing Bowl","downfall:HeartBlessingRed","conspire:BottledYoYo","Replay:Ancient Bell","Blood Vial","Molten Egg 2","Dead Branch","downfall:HeartBlessingGreen","downfall:HeartBlessingBlue","Matryoshka","conspire:TopHat","Girya"],"acts_visited":["Exordium","TheCity"],"potions_floor_usage":[15,16],"damage_taken":[{"damage":0,"enemies":"Replay:BlueRogue","floor":2,"turns":1},{"damage":0,"enemies":"downfall:FleeingMerchant","floor":4,"turns":1},{"damage":0,"enemies":"3 Sentries","floor":6,"turns":1},{"damage":3,"enemies":"2 Louse","floor":8,"turns":2},{"damage":31,"enemies":"Gremlin Nob","floor":9,"turns":5},{"damage":0,"enemies":"Jaw Worm","floor":11,"turns":4},{"damage":0,"enemies":"Cultist","floor":13,"turns":2},{"damage":4,"enemies":"3 Louse","floor":15,"turns":2},{"damage":46,"enemies":"downfall:Silent","floor":16,"turns":8},{"damage":0,"enemies":"Shell Parasite","floor":19,"turns":6},{"damage":30,"enemies":"Spheric Guardian","floor":21,"turns":5},{"damage":10,"enemies":"downfall:FleeingMerchant","floor":23,"turns":4},{"damage":63,"enemies":"conspire:SneckoGhost","floor":26,"turns":13},{"damage":0,"enemies":"conspire:HollyBat","floor":28,"turns":1}],"seed_played":"-1906523854383759292","potions_obtained":[{"floor":6,"key":"Block Potion"},{"floor":8,"key":"BlessingOfTheForge"},{"floor":9,"key":"Explosive Potion"},{"floor":15,"key":"Ancient Potion"},{"floor":21,"key":"Venom Potion"}],"is_trial":false,"path_per_floor":["R","E","?","$","R","E","T","M","E","R","M","?","M","?","M","B",null,"R","M","R","M","R","$","T","?","E","R","M"],"character_chosen":"THE_SNECKO","items_purchased":[],"campfire_rested":0,"item_purchase_floors":[],"current_hp_per_floor":[90,90,90,90,90,90,90,87,58,58,60,60,60,53,51,5,102,112,114,114,86,86,78,78,78,20,20,20,20],"gold":179,"neow_bonus":"THREE_ENEMY_KILL","is_daily":false,"chose_seed":false,"campfire_upgraded":5,"win_rate":0.0,"timestamp":1608297701,"path_taken":["R","E","?","?","R","E","T","M","E","R","?","?","M","?","M","BOSS","R","M","R","M","R","$","T","?","E","R","M"],"items_purchased_type":[],"build_version":"2020-12-13","purchased_purges":1,"victory":false,"max_hp_per_floor":[90,90,90,90,90,90,90,90,92,92,94,94,94,94,96,96,102,112,114,114,116,116,116,116,116,116,116,116,116],"card_choices":[{"not_picked":["sneckomod:UnknownEthereal","sneckomod:UnknownCommonAttack"],"picked":"sneckomod:CheapStock","floor":2},{"not_picked":["sneckomod:UnknownWeak","sneckomod:DangerNoodle","sneckomod:UnknownDexterity"],"picked":"SKIP","floor":4},{"not_picked":["sneckomod:UnknownVulnerable","sneckomod:Cheat","sneckomod:DiceBlock"],"picked":"SKIP","floor":6},{"not_picked":["sneckomod:MixItUp","sneckomod:QuickBite","sneckomod:UnknownStrike"],"picked":"SKIP","floor":8},{"not_picked":["sneckomod:Rotation","sneckomod:QuickBite","sneckomod:UnknownWeak"],"picked":"Singing Bowl","floor":9},{"not_picked":["sneckomod:SoulRoll","sneckomod:UnknownBlock","sneckomod:ImprovisedGuard"],"picked":"Singing Bowl","floor":11},{"not_picked":["sneckomod:UnknownVulnerable","sneckomod:ImprovisedAttack"],"picked":"sneckomod:CheapStock","floor":13},{"not_picked":["sneckomod:QuickBite","sneckomod:SoulDraw","sneckomod:Mudshield"],"picked":"Singing Bowl","floor":15},{"not_picked":["sneckomod:UnknownRareAttack","sneckomod:UnknownRarePower"],"picked":"sneckomod:SoulExchange","floor":16},{"not_picked":["AbeCurse","conspire:Blindness","ReplayTheSpireMod:Faulty Equipment"],"picked":"Singing Bowl","floor":17},{"not_picked":["Delirium","Shame","Clumsy"],"picked":"Singing Bowl","floor":17},{"not_picked":["ReplayTheSpireMod:Splinters","Shame","Decay"],"picked":"Singing Bowl","floor":17},{"not_picked":["sneckomod:UnknownVulnerable","sneckomod:Nope","sneckomod:SoulRoll+1"],"picked":"Singing Bowl","floor":19},{"not_picked":["sneckomod:UnknownUncommonAttack+1","sneckomod:UnknownClassTHE_CHAMP_GRAY","sneckomod:UnknownBlock+1"],"picked":"Singing Bowl","floor":21},{"not_picked":["sneckomod:UnknownWeak","sneckomod:UnknownVulnerable"],"picked":"sneckomod:QuickMove+1","floor":23},{"not_picked":["sneckomod:UnknownCommonSkill+1","sneckomod:IronFang+1"],"picked":"sneckomod:SnakeSap+1","floor":26}],"player_experience":433661,"relics_obtained":[{"floor":2,"key":"Replay:Accelerometer"},{"floor":6,"key":"Simple Rune"},{"floor":9,"key":"Singing Bowl"},{"floor":24,"key":"Matryoshka"},{"floor":26,"key":"Girya"}],"event_choices":[{"damage_healed":0,"gold_gain":0,"player_choice":"Forge","damage_taken":0,"max_hp_gain":0,"max_hp_loss":0,"event_name":"Accursed Blacksmith","floor":3,"gold_loss":0,"cards_upgraded":["sneckomod:Unknown"]},{"damage_healed":0,"gold_gain":0,"player_choice":"Success","damage_taken":7,"relics_obtained":["conspire:BottledYoYo"],"max_hp_gain":0,"max_hp_loss":0,"event_name":"Scrap Ooze","floor":14,"gold_loss":0}],"is_beta":false,"boss_relics":[{"not_picked":["Empty Cage","Runic Dome"],"picked":"Replay:Ancient Bell"},{"not_picked":["Ancient Tea Set","Akabeko"],"picked":"Blood Vial"},{"not_picked":["Replay:Bottled Steam","Replay:Bottled Flurry"],"picked":"Molten Egg 2"},{"not_picked":["Replay:PocketPolymizer","conspire:Boomerang"],"picked":"Dead Branch"}],"items_purged_floors":[4],"is_endless":false,"potions_floor_spawned":[6,8,9,15,21],"killed_by":"conspire:HollyBat","ascension_level":2}}