{"host":"q9718omregw4er46","time":1608306462,"event":{"mods":["BaseMod","Bestiary","Colored Powertips","Custom Start","Highlight Path","Minty Spire (QoL Compilation)","Practice Mode","Quick Restart","Relic Stats"],"gold_per_floor":[11,21,40,50,50,50,50],"floor_reached":6,"playtime":232,"items_purged":[],"score":74,"play_id":"5f8ea5ac-b34a-458c-89f5-c24f7cc14993","local_time":"20201218204742","is_ascension_mode":true,"campfire_choices":[],"circlet_count":0,"master_deck":["AscendersBane","Strike_P","Strike_P","Strike_P","Strike_P","Defend_P","Defend_P","Defend_P","Defend_P","Eruption","Vigilance","DeusExMachina","FearNoEvil","TalkToTheHand","CrushJoints"],"relics":["PureWater","Golden Idol"],"acts_visited":["Exordium"],"potions_floor_usage":[],"damage_taken":[{"damage":7,"enemies":"Jaw Worm","floor":1,"turns":5},{"damage":0,"enemies":"Small Slimes","floor":2,"turns":4},{"damage":2,"enemies":"2 Louse","floor":3,"turns":4},{"damage":10,"enemies":"Gremlin Gang","floor":4,"turns":5},{"damage":22,"enemies":"3 Sentries","floor":6,"turns":5}],"seed_played":"-2068906216658215929","potions_obtained":[],"is_trial":false,"path_per_floor":["M","M","M","M","?","E"],"character_chosen":"WATCHER","items_purchased":[],"campfire_rested":0,"item_purchase_floors":[],"current_hp_per_floor":[54,54,52,42,19,0,0],"gold":50,"neow_bonus":"THREE_RARE_CARDS","is_daily":false,"chose_seed":false,"campfire_upgraded":0,"win_rate":0.0,"timestamp":1608306462,"path_taken":["M","M","M","M","?","E"],"items_purchased_type":[],"build_version":"2020-12-13","purchased_purges":0,"victory":false,"max_hp_per_floor":[68,68,68,68,68,68,68],"relic_stats":{"counters":[5,23],"Golden Idol":0,"obtain_stats":[{"Golden Idol":5,"PureWater":0},{"Golden Idol":4,"PureWater":0},{"Golden Idol":18,"PureWater":0}]},"card_choices":[{"not_picked":["Ragnarok","ConjureBlade"],"picked":"DeusExMachina","floor":0},{"not_picked":["PathToVictory","FlyingSleeves"],"picked":"FearNoEvil","floor":1},{"not_picked":["FlyingSleeves","Evaluate"],"picked":"TalkToTheHand","floor":2},{"not_picked":["JustLucky","Prostrate","PathToVictory"],"picked":"SKIP","floor":3},{"not_picked":["Meditate","Study"],"picked":"CrushJoints","floor":4}],"player_experience":1038348,"relics_obtained":[],"event_choices":[{"damage_healed":0,"gold_gain":0,"player_choice":"Take Damage","damage_taken":23,"relics_obtained":["Golden Idol"],"max_hp_gain":0,"max_hp_loss":0,"event_name":"Golden Idol","floor":5,"gold_loss":0}],"is_beta":false,"boss_relics":[],"items_purged_floors":[],"is_endless":false,"potions_floor_spawned":[],"killed_by":"3 Sentries","ascension_level":19}}