{"host":"nh1tx9wty0m9wedw","time":1608259555,"event":{"mods":["BaseMod","Colored Map","Colored Powertips","Minty Spire (QoL Compilation)"],"gold_per_floor":[117,77,89,89,89,132,157,43,91,14,37,55,55,80,80,209,209,232,3,19,19,34,63,63,63,63],"floor_reached":25,"playtime":1815,"items_purged":["Pain"],"score":298,"play_id":"c93a9271-96c5-437d-aaf6-1b79d8aecdba","local_time":"20201218034555","is_ascension_mode":true,"campfire_choices":[{"floor":13.0,"key":"REST"},{"floor":15.0,"key":"REST"},{"floor":24,"key":"REST"}],"circlet_count":0,"master_deck":["Strike_G","Strike_G","Strike_G","Strike_G","Strike_G","Defend_G","Defend_G","Defend_G","Defend_G","Defend_G","Survivor","Neutralize","Dagger Spray","Noxious Fumes","Underhanded Strike","Underhanded Strike","Acrobatics","Caltrops","Catalyst","Bullet Time","Cloak And Dagger","Bane","Die Die Die","Dagger Throw+1","Accuracy","Deflect+1","Footwork","Dash"],"relics":["Ring of the Snake","NeowsBlessing","Bloody Idol","WarpedTongs","Nunchaku","Ancient Tea Set","WristBlade","Omamori","Prayer Wheel"],"acts_visited":["Exordium","TheCity"],"potions_floor_usage":[23,25],"damage_taken":[{"damage":0.0,"enemies":"Cultist","floor":1.0,"turns":1.0},{"damage":0.0,"enemies":"Small Slimes","floor":3.0,"turns":1.0},{"damage":1.0,"enemies":"Gremlin Nob","floor":6.0,"turns":1.0},{"damage":1.0,"enemies":"Jaw Worm","floor":7.0,"turns":3.0},{"damage":21.0,"enemies":"Exordium Thugs","floor":11.0,"turns":5.0},{"damage":8.0,"enemies":"Blue Slaver","floor":12.0,"turns":3.0},{"damage":0.0,"enemies":"2 Fungi Beasts","floor":14.0,"turns":2.0},{"damage":49.0,"enemies":"Slime Boss","floor":16.0,"turns":9.0},{"damage":14.0,"enemies":"Chosen","floor":18.0,"turns":5.0},{"damage":10.0,"enemies":"3 Byrds","floor":20.0,"turns":4.0},{"damage":23,"enemies":"Sentry and Sphere","floor":22,"turns":5},{"damage":12,"enemies":"Gremlin Leader","floor":23,"turns":8},{"damage":46,"enemies":"Slavers","floor":25,"turns":3}],"seed_played":"-7739807491180685772","potions_obtained":[{"floor":1.0,"key":"Dexterity Potion"},{"floor":14.0,"key":"LiquidBronze"},{"floor":16.0,"key":"BlessingOfTheForge"},{"floor":22,"key":"BlessingOfTheForge"},{"floor":23,"key":"Swift Potion"}],"is_trial":false,"path_per_floor":["M","$","M","?","?","E","M","$","T","$","M","M","R","M","R","B",null,"M","$","M","?","M","E","R","E"],"character_chosen":"THE_SILENT","items_purchased":["Noxious Fumes","Caltrops","Catalyst","Omamori","Accuracy"],"campfire_rested":3,"item_purchase_floors":[2,8,10,19,19],"current_hp_per_floor":[70,70,70,53,53,52,51,51,51,51,30,22,43,43,64,15,70,56,56,46,46,28,21,42,0,0],"gold":63,"neow_bonus":"THREE_ENEMY_KILL","is_daily":false,"chose_seed":false,"campfire_upgraded":0,"win_rate":0.0,"timestamp":1608259555,"path_taken":["M","$","M","?","?","E","M","$","T","$","M","?","R","M","R","BOSS","M","$","M","?","M","E","R","E"],"items_purchased_type":["Card","Card","Card","Relic","Card"],"build_version":"2020-12-13","purchased_purges":1,"victory":false,"max_hp_per_floor":[70,70,70,70,70,70,70,70,70,70,70,70,70,70,70,70,70,70,70,70,70,70,70,70,70,70],"card_choices":[{"not_picked":["Eviscerate","Dodge and Roll"],"picked":"Dagger Spray","floor":1.0},{"not_picked":["Escape Plan","Blade Dance"],"picked":"Underhanded Strike","floor":3.0},{"not_picked":["Heel Hook","Slice"],"picked":"Underhanded Strike","floor":6.0},{"not_picked":["All Out Attack","Blur"],"picked":"Acrobatics","floor":7.0},{"not_picked":["Expertise","Deflect"],"picked":"Bullet Time","floor":11.0},{"not_picked":["Caltrops","Dagger Spray"],"picked":"Cloak And Dagger","floor":12.0},{"not_picked":["Deadly Poison","Cloak And Dagger"],"picked":"Bane","floor":14.0},{"not_picked":["Wraith Form v2","Malaise"],"picked":"Die Die Die","floor":16.0},{"not_picked":["Skewer","Poisoned Stab+1"],"picked":"Dagger Throw+1","floor":18.0},{"not_picked":["Endless Agony","Dagger Spray"],"picked":"Deflect+1","floor":20},{"not_picked":["Reflex","Bane"],"picked":"Footwork","floor":22},{"not_picked":["Skewer","Underhanded Strike"],"picked":"Dash","floor":23}],"player_experience":561390,"relics_obtained":[{"floor":6.0,"key":"Nunchaku"},{"floor":9.0,"key":"Ancient Tea Set"},{"floor":23,"key":"Prayer Wheel"}],"event_choices":[{"damage_healed":0.0,"max_hp_gain":0.0,"max_hp_loss":0.0,"gold_gain":0.0,"event_name":"Golden Idol","player_choice":"Take Damage","floor":4.0,"gold_loss":0.0,"damage_taken":17.0,"relics_obtained":["Golden Idol"]},{"damage_healed":0.0,"max_hp_gain":0.0,"max_hp_loss":0.0,"gold_gain":0.0,"event_name":"Accursed Blacksmith","player_choice":"Rummage","floor":5.0,"gold_loss":0.0,"damage_taken":0.0,"relics_obtained":["WarpedTongs"],"cards_obtained":["Pain"]},{"damage_healed":0,"gold_gain":0,"player_choice":"Gave Idol","damage_taken":0,"relics_obtained":["Bloody Idol"],"max_hp_gain":0,"max_hp_loss":0,"event_name":"Forgotten Altar","floor":21,"relics_lost":["Golden Idol"],"gold_loss":0}],"is_beta":false,"boss_relics":[{"not_picked":["Pandora\u0027s Box","Runic Dome"],"picked":"WristBlade"}],"items_purged_floors":[8],"is_endless":false,"potions_floor_spawned":[1,14,16,22,23],"killed_by":"Slavers","ascension_level":4}}