{"host":"2fgwwnzqc97k7iys","time":1608332308,"event":{"mods":["BaseMod","Colored Map","Minty Spire (QoL Compilation)","Quick Restart","Relic Stats"],"gold_per_floor":[115,135,210,220,230,230,259,89,115,144,156,183,195,220,220,220,220],"floor_reached":16,"playtime":1034,"items_purged":["Strike_B"],"score":185,"play_id":"2c644139-9dc4-4f60-a816-fd6774b24e28","local_time":"20201218165828","is_ascension_mode":true,"campfire_choices":[{"data":"Streamline","floor":6.0,"key":"SMITH"},{"floor":15,"key":"REST"}],"circlet_count":0,"master_deck":["Strike_B","Strike_B","Strike_B","Defend_B","Defend_B","Defend_B","Defend_B","Zap","Dualcast","Streamline+1","Beam Cell","BootSequence","Conserve Battery","Cold Snap","Sweeping Beam+1","Leap","Rebound+1","Sweeping Beam","Ball Lightning","Barrage"],"relics":["Cracked Core","NeowsBlessing","Boot","Pen Nib","Regal Pillow","Whetstone","White Beast Statue"],"acts_visited":["Exordium"],"potions_floor_usage":[14,16],"damage_taken":[{"damage":0.0,"enemies":"Cultist","floor":1.0,"turns":1.0},{"damage":0.0,"enemies":"2 Louse","floor":2.0,"turns":1.0},{"damage":0.0,"enemies":"Jaw Worm","floor":4.0,"turns":1.0},{"damage":2.0,"enemies":"Exordium Thugs","floor":5.0,"turns":4.0},{"damage":12.0,"enemies":"3 Sentries","floor":7.0,"turns":7.0},{"damage":9.0,"enemies":"Lagavulin","floor":10.0,"turns":6.0},{"damage":0.0,"enemies":"3 Louse","floor":11.0,"turns":4.0},{"damage":8.0,"enemies":"Gremlin Nob","floor":12.0,"turns":3.0},{"damage":0.0,"enemies":"Exordium Wildlife","floor":13.0,"turns":3.0},{"damage":20,"enemies":"Lagavulin","floor":14,"turns":5},{"damage":0,"enemies":"Slime Boss","floor":16,"turns":3}],"seed_played":"-920333504335356921","potions_obtained":[{"floor":4.0,"key":"ColorlessPotion"},{"floor":5.0,"key":"SkillPotion"},{"floor":11.0,"key":"Fire Potion"},{"floor":12.0,"key":"SpeedPotion"},{"floor":14,"key":"Fire Potion"}],"is_trial":false,"path_per_floor":["M","M","?","M","M","R","E","$","T","E","M","E","M","E","R","B"],"character_chosen":"DEFECT","items_purchased":["Sweeping Beam","Leap"],"campfire_rested":1,"item_purchase_floors":[8,8],"current_hp_per_floor":[68,68,61,61,59,59,47,47,47,38,38,30,30,10,47,47,47],"gold":220,"neow_bonus":"THREE_ENEMY_KILL","is_daily":false,"chose_seed":false,"campfire_upgraded":1,"win_rate":0.0,"timestamp":1608332308,"path_taken":["M","M","?","M","M","R","E","$","T","E","?","E","M","E","R","BOSS"],"items_purchased_type":["Card","Card"],"build_version":"2020-12-13","purchased_purges":1,"victory":false,"max_hp_per_floor":[75,75,75,75,75,75,75,75,75,75,75,75,75,75,75,75,75],"relic_stats":{"Regal Pillow":15,"counters":[11,38],"Pen Nib":[4],"Whetstone":["Sweeping Beam","Rebound"],"Boot":[17],"obtain_stats":[{"Regal Pillow":10,"NeowsBlessing":0,"Pen Nib":9,"Whetstone":12,"Cracked Core":0,"Boot":7,"White Beast Statue":14},{"Regal Pillow":6,"NeowsBlessing":0,"Pen Nib":5,"Whetstone":8,"Cracked Core":0,"Boot":5,"White Beast Statue":10},{"Regal Pillow":20,"NeowsBlessing":0,"Pen Nib":14,"Whetstone":27,"Cracked Core":0,"Boot":14,"White Beast Statue":35}]},"card_choices":[{"not_picked":["Conserve Battery","Hello World"],"picked":"Streamline","floor":1.0},{"not_picked":["Hologram","Undo"],"picked":"Beam Cell","floor":2.0},{"not_picked":["Lockon","Rebound"],"picked":"BootSequence","floor":4.0},{"not_picked":["Capacitor","Rebound"],"picked":"Conserve Battery","floor":5.0},{"not_picked":["Turbo","Rainbow"],"picked":"Cold Snap","floor":7.0},{"not_picked":["Undo","White Noise"],"picked":"Rebound","floor":10.0},{"not_picked":["Tempest","Recycle","Stack"],"picked":"SKIP","floor":11.0},{"not_picked":["Melter","Rebound"],"picked":"Sweeping Beam","floor":12.0},{"not_picked":["Core Surge","Sweeping Beam"],"picked":"Ball Lightning","floor":13.0},{"not_picked":["Melter","FTL"],"picked":"Barrage","floor":14}],"player_experience":458393,"relics_obtained":[{"floor":7.0,"key":"Boot"},{"floor":9.0,"key":"Pen Nib"},{"floor":10.0,"key":"Regal Pillow"},{"floor":12.0,"key":"Whetstone"},{"floor":14,"key":"White Beast Statue"}],"event_choices":[{"damage_healed":0.0,"max_hp_gain":0.0,"max_hp_loss":0.0,"gold_gain":75.0,"event_name":"FaceTrader","player_choice":"Touch","floor":3.0,"gold_loss":0.0,"damage_taken":7.0}],"is_beta":false,"boss_relics":[],"items_purged_floors":[8],"is_endless":false,"potions_floor_spawned":[4,5,11,12,14],"killed_by":"Slime Boss","ascension_level":8}}