{"host":"flx6yngeuogemep4","time":1608303486,"event":{"mods":["BaseMod","BetterRewards","Colored Powertips","Minty Spire (QoL Compilation)"],"gold_per_floor":[112,187,152,152,168,197,214,214,290,307,158,175,175,205,205,301,301,316,23,122,156,12,12,27,27,27,27,42,62,75,86,86,86,86],"floor_reached":33,"playtime":1222,"items_purged":[],"score":282,"play_id":"7184ec13-d05c-473e-a88a-8be022a09d14","local_time":"20201218095806","is_ascension_mode":false,"campfire_choices":[{"data":"Backflip","floor":8,"key":"SMITH"},{"floor":13,"key":"REST"},{"data":"Phantasmal Killer","floor":15,"key":"SMITH"},{"floor":23,"key":"REST"},{"data":"Adrenaline","floor":25,"key":"SMITH"},{"data":"Infinite Blades","floor":27,"key":"SMITH"},{"floor":32,"key":"REST"}],"circlet_count":0,"master_deck":["Strike_G","Strike_G","Strike_G","Strike_G","Strike_G","Defend_G","Defend_G","Defend_G","Defend_G","Defend_G","Survivor","Neutralize","Slice","Backflip+1","Distraction","Reflex","Backstab","Phantasmal Killer+1","Adrenaline+1","Quick Slash+1","Infinite Blades+1","Backstab+1","Slice+1","Poisoned Stab+1","Flying Knee+1","Bouncing Flask","Riddle With Holes+1"],"relics":["Ring of the Snake","PreservedInsect","Smiling Mask","Bottled Flame","Toolbox","Regal Pillow","SacredBark","Molten Egg 2","Red Mask","Strawberry","White Beast Statue"],"acts_visited":["Exordium","TheCity"],"potions_floor_usage":[10,16,16,29,29,31,33,33],"damage_taken":[{"damage":0,"enemies":"Small Slimes","floor":1,"turns":4},{"damage":6,"enemies":"2 Louse","floor":5,"turns":5},{"damage":13,"enemies":"3 Sentries","floor":6,"turns":11},{"damage":0,"enemies":"Cultist","floor":7,"turns":4},{"damage":4,"enemies":"Lots of Slimes","floor":10,"turns":9},{"damage":6,"enemies":"Exordium Thugs","floor":12,"turns":6},{"damage":0,"enemies":"Gremlin Nob","floor":14,"turns":2},{"damage":37,"enemies":"Hexaghost","floor":16,"turns":11},{"damage":4,"enemies":"2 Thieves","floor":18,"turns":5},{"damage":37,"enemies":"Masked Bandits","floor":21,"turns":6},{"damage":2,"enemies":"Spheric Guardian","floor":24,"turns":3},{"damage":11,"enemies":"Centurion and Healer","floor":28,"turns":4},{"damage":9,"enemies":"Snake Plant","floor":29,"turns":3},{"damage":2,"enemies":"Sentry and Sphere","floor":30,"turns":3},{"damage":0,"enemies":"3 Cultists","floor":31,"turns":2},{"damage":93,"enemies":"Automaton","floor":33,"turns":6}],"seed_played":"297135160884367534","potions_obtained":[{"floor":5,"key":"ColorlessPotion"},{"floor":6,"key":"BlessingOfTheForge"},{"floor":14,"key":"SteroidPotion"},{"floor":18,"key":"CultistPotion"},{"floor":21,"key":"Weak Potion"},{"floor":28,"key":"AttackPotion"},{"floor":29,"key":"SneckoOil"},{"floor":30,"key":"Dexterity Potion"},{"floor":31,"key":"DuplicationPotion"}],"is_trial":false,"path_per_floor":["M","?","?","?","M","E","M","R","T","M","$","M","R","E","R","B",null,"M","$","?","?","$","R","M","R","T","R","M","M","M","M","R","B"],"character_chosen":"THE_SILENT","items_purchased":["Toolbox","Molten Egg 2","Infinite Blades","Strawberry"],"campfire_rested":3,"item_purchase_floors":[11,19,19,22],"current_hp_per_floor":[70,59,70,70,64,51,51,51,51,47,47,41,62,62,62,25,70,66,66,66,29,36,74,72,72,72,72,61,52,50,50,77,0,0],"gold":86,"neow_bonus":"RANDOM_COMMON_RELIC","is_daily":false,"chose_seed":false,"campfire_upgraded":4,"win_rate":0.0,"timestamp":1608303486,"path_taken":["M","?","?","?","?","E","M","R","T","M","$","M","R","E","R","BOSS","M","?","?","?","?","R","M","R","T","R","M","M","?","M","R","BOSS"],"items_purchased_type":["Relic","Relic","Card","Relic"],"build_version":"2020-12-13","purchased_purges":0,"victory":false,"max_hp_per_floor":[70,70,70,70,70,70,70,70,70,70,70,70,70,70,70,70,70,70,70,70,70,77,77,77,77,77,77,77,77,77,77,77,77,77],"card_choices":[{"not_picked":["Blade Dance","Footwork"],"picked":"Poisoned Stab","floor":1},{"not_picked":["Bane","Blade Dance"],"picked":"Slice","floor":5},{"not_picked":["Night Terror","Poisoned Stab"],"picked":"Backflip","floor":6},{"not_picked":["Choke","Poisoned Stab"],"picked":"Distraction","floor":7},{"not_picked":["Backflip","Bane"],"picked":"Reflex","floor":10},{"not_picked":["Dash","Underhanded Strike"],"picked":"Backstab","floor":12},{"not_picked":["Bane","Acrobatics"],"picked":"Phantasmal Killer","floor":14},{"not_picked":["After Image","Venomology"],"picked":"Adrenaline","floor":16},{"not_picked":["Slice","Cloak And Dagger"],"picked":"Quick Slash+1","floor":18},{"not_picked":["Dodge and Roll","Cloak And Dagger"],"picked":"Backstab+1","floor":21},{"not_picked":["Calculated Gamble","Escape Plan"],"picked":"Slice+1","floor":24},{"not_picked":["Backflip","Dagger Throw+1"],"picked":"Poisoned Stab+1","floor":28},{"not_picked":["Bane+1","Outmaneuver"],"picked":"Flying Knee+1","floor":29},{"not_picked":["Poisoned Stab+1","Well Laid Plans"],"picked":"Bouncing Flask","floor":30},{"not_picked":["Venomology","Acrobatics"],"picked":"Riddle With Holes+1","floor":31}],"player_experience":43873,"relics_obtained":[{"floor":6,"key":"Smiling Mask"},{"floor":9,"key":"Bottled Flame"},{"floor":14,"key":"Regal Pillow"},{"floor":21,"key":"Red Mask"},{"floor":26,"key":"White Beast Statue"}],"event_choices":[{"damage_healed":0,"gold_gain":75,"player_choice":"Gather Gold","damage_taken":11,"max_hp_gain":0,"max_hp_loss":0,"event_name":"World of Goop","floor":2,"gold_loss":0},{"damage_healed":17,"gold_gain":0,"player_choice":"Healed","damage_taken":0,"max_hp_gain":0,"max_hp_loss":0,"event_name":"The Cleric","floor":3,"gold_loss":35},{"cards_removed":["Poisoned Stab"],"damage_healed":5,"gold_gain":0,"player_choice":"Offered Common","damage_taken":0,"max_hp_gain":0,"max_hp_loss":0,"event_name":"Bonfire Elementals","floor":4,"gold_loss":0},{"cards_removed":["Poisoned Stab"],"damage_healed":5,"gold_gain":0,"player_choice":"Offered Special","damage_taken":0,"max_hp_gain":0,"max_hp_loss":0,"event_name":"Bonfire Elementals","floor":4,"gold_loss":0},{"damage_healed":0,"gold_gain":99,"player_choice":"Stole From Cult","damage_taken":0,"max_hp_gain":0,"max_hp_loss":0,"event_name":"Nest","floor":20,"gold_loss":0},{"damage_healed":0,"gold_gain":0,"player_choice":"Fought Bandits","damage_taken":0,"max_hp_gain":0,"max_hp_loss":0,"event_name":"Masked Bandits","floor":21,"gold_loss":0}],"is_beta":false,"boss_relics":[{"not_picked":["Fusion Hammer","Empty Cage"],"picked":"SacredBark"}],"items_purged_floors":[],"is_endless":false,"potions_floor_spawned":[5,6,14,18,21,28,29,30,31],"killed_by":"Automaton","ascension_level":0}}