{"host":"g0wvop35l9zd7wqc","time":1608272494,"event":{"mods":["AchievementEnabler","BaseMod","Better Note","Better Third Choice","Card Forge","Colored Powertips","Halation","Hermit","Highlight Path","Infinite Spire","Minty Spire (QoL Compilation)","Permanent Neow","Quick Restart","Rare Cards Sparkle","Shop Mod","StSLib","SuperFastMode","The Bladedancer","The Cursed","The Death Knight"],"gold_per_floor":[114,133,208,75,91,91,107,107,107,107,127,127,153,173,173,268,268,285,301,301,320,338,338,338],"floor_reached":23,"playtime":615,"items_purged":[],"score":195,"play_id":"cc8c01fe-7b77-46a6-8e4f-7144b50e2f65","local_time":"20201218172134","is_ascension_mode":false,"campfire_choices":[{"data":"Footwork","floor":6,"key":"SMITH"},{"floor":8,"key":"REST"},{"data":"Noxious Fumes","floor":10,"key":"SMITH"},{"data":"Noxious Fumes","floor":15,"key":"SMITH"}],"circlet_count":0,"master_deck":["Strike_G+1","Strike_G+1","Strike_G+1","Strike_G+1","Strike_G+1","Defend_G+1","Defend_G+1","Defend_G+1","Defend_G+1","Defend_G+1","Survivor+1","Neutralize+1","Bouncing Flask+1","Poisoned Stab+1","Footwork+1","Quick Slash+1","Bane+1","Noxious Fumes+1","Noxious Fumes+1","Burst+1","Noxious Fumes+1","Die Die Die+1","Predator+1","Quick Slash+1","Inflame+1","Expertise+1","Deflect+1"],"relics":["Ring of the Snake","Hammer of Thor","Seething Fire","Anvil of the Gods","War Paint","Bottled Tornado","HoveringKite"],"acts_visited":["Exordium","TheCity"],"potions_floor_usage":[13,13,16,19,22],"damage_taken":[{"damage":0,"enemies":"2 Louse","floor":1,"turns":3},{"damage":3,"enemies":"Jaw Worm","floor":2,"turns":5},{"damage":1,"enemies":"infinitespire:Voidling","floor":5,"turns":3},{"damage":4,"enemies":"Lots of Slimes","floor":7,"turns":5},{"damage":2,"enemies":"Exordium Wildlife","floor":11,"turns":5},{"damage":14,"enemies":"Gremlin Nob","floor":13,"turns":4},{"damage":4,"enemies":"Large Slime","floor":14,"turns":6},{"damage":16,"enemies":"Hexaghost","floor":16,"turns":7},{"damage":3,"enemies":"Chosen","floor":18,"turns":5},{"damage":14,"enemies":"Shell Parasite","floor":19,"turns":6},{"damage":21,"enemies":"Snake Plant","floor":21,"turns":5},{"damage":29,"enemies":"Centurion and Healer","floor":22,"turns":5},{"damage":10,"enemies":"Cultist and Chosen","floor":23,"turns":3}],"seed_played":"7026471137864471580","potions_obtained":[{"floor":2,"key":"AttackPotion"},{"floor":5,"key":"Weak Potion"},{"floor":13,"key":"DuplicationPotion"},{"floor":14,"key":"FearPotion"},{"floor":21,"key":"Explosive Potion"}],"is_trial":false,"path_per_floor":["M","M","?","$","M","R","M","R","T","R","M","?","E","M","R","B",null,"M","M","?","M","M","M"],"character_chosen":"THE_SILENT","items_purchased":["Footwork","Quick Slash"],"campfire_rested":1,"item_purchase_floors":[4,4],"current_hp_per_floor":[70,67,56,56,55,55,51,70,70,70,68,68,54,50,50,34,70,67,53,53,32,3,0,0],"gold":338,"neow_bonus":"UPGRADE_CARD","is_daily":false,"chose_seed":false,"campfire_upgraded":3,"win_rate":0.0,"timestamp":1608272494,"path_taken":["M","M","?","$","M","R","M","R","T","R","M","?","E","M","R","BOSS","M","M","?","?","M","M"],"items_purchased_type":["Card","Card"],"build_version":"2020-12-13","purchased_purges":0,"victory":false,"max_hp_per_floor":[70,70,70,70,70,70,70,70,70,70,70,70,70,70,70,70,70,70,70,70,70,70,70,70],"card_choices":[{"not_picked":["Bane","Flying Knee"],"picked":"Bouncing Flask","floor":1},{"not_picked":["Quick Slash","Prepared"],"picked":"Poisoned Stab","floor":2},{"not_picked":["Eviscerate","Heel Hook"],"picked":"Bane","floor":5},{"not_picked":["Well Laid Plans","Dagger Throw"],"picked":"Noxious Fumes","floor":7},{"not_picked":["Acrobatics","Backflip"],"picked":"Noxious Fumes","floor":11},{"not_picked":["Dagger Throw","Dash"],"picked":"Burst","floor":13},{"not_picked":["Acrobatics","Expertise"],"picked":"Noxious Fumes","floor":14},{"not_picked":["After Image","Wraith Form v2"],"picked":"Die Die Die","floor":16},{"not_picked":["Dagger Spray","Prepared"],"picked":"Predator","floor":18},{"not_picked":["Deflect","Tools of the Trade"],"picked":"Quick Slash+1","floor":19},{"not_picked":["Acrobatics+1","Masterful Stab"],"picked":"Expertise+1","floor":21},{"not_picked":["Outmaneuver","Choke"],"picked":"Deflect","floor":22}],"player_experience":79009,"relics_obtained":[{"floor":9,"key":"War Paint"},{"floor":13,"key":"Bottled Tornado"}],"event_choices":[{"damage_healed":0,"gold_gain":75,"player_choice":"Gold","damage_taken":11,"max_hp_gain":0,"max_hp_loss":0,"event_name":"betterThird:BetterGoop","floor":3,"gold_loss":0},{"damage_healed":0,"gold_gain":0,"player_choice":"Ignored","damage_taken":0,"max_hp_gain":0,"max_hp_loss":0,"event_name":"Golden Idol","floor":12,"gold_loss":0},{"damage_healed":0,"gold_gain":0,"player_choice":"Take","damage_taken":0,"max_hp_gain":0,"max_hp_loss":0,"event_name":"betterNote:BetterNote","floor":20,"gold_loss":0,"cards_obtained":["Inflame"]}],"is_beta":false,"boss_relics":[{"not_picked":["Runic Dome","halation:PlatinumPhoenix"],"picked":"HoveringKite"}],"items_purged_floors":[],"is_endless":false,"potions_floor_spawned":[2,5,13,14,21],"killed_by":"Cultist and Chosen","ascension_level":0}}