{"host":"y89x8uui45kcjy42","time":1608263612,"event":{"mods":["2.2 Compatiblity","BaseMod","CapriCore","Colored Map","Colored Powertips","Custom Start","Friendly Minions","Highlight Path","Keyboard Shortcuts","Minty Spire (QoL Compilation)","Relic Stats","Slay the Relics Exporter","StSLib","SuperFastMode","Waifu the Spire"],"gold_per_floor":[15,29,29,42,56,56,56],"floor_reached":6,"playtime":171,"items_purged":[],"score":76,"play_id":"d2d02076-d31c-46ce-965e-8dea046534f8","local_time":"20201218125332","is_ascension_mode":true,"campfire_choices":[],"circlet_count":0,"master_deck":["AscendersBane","Strike_B","Strike_B","Strike_B","Defend_B","Defend_B","Defend_B","Defend_B","Zap","Dualcast","Chaos","Hologram"],"relics":["Cracked Core","Dead Branch"],"acts_visited":["Exordium"],"potions_floor_usage":[6,6],"damage_taken":[{"damage":2,"enemies":"2 Louse","floor":1,"turns":2},{"damage":1,"enemies":"Cultist","floor":2,"turns":3},{"damage":8,"enemies":"Small Slimes","floor":4,"turns":5},{"damage":7,"enemies":"3 Louse","floor":5,"turns":3},{"damage":48,"enemies":"3 Sentries","floor":6,"turns":5}],"seed_played":"-4829164091957220133","potions_obtained":[{"floor":1,"key":"AttackPotion"},{"floor":4,"key":"SkillPotion"}],"is_trial":false,"path_per_floor":["M","M","?","M","M","E"],"character_chosen":"DEFECT","items_purchased":[],"campfire_rested":0,"item_purchase_floors":[],"current_hp_per_floor":[62,61,61,53,46,0,0],"gold":56,"neow_bonus":"ONE_RARE_RELIC","is_daily":false,"chose_seed":false,"campfire_upgraded":0,"win_rate":0.0,"timestamp":1608263612,"path_taken":["M","M","?","?","M","E"],"items_purchased_type":[],"build_version":"2020-12-13","purchased_purges":0,"victory":false,"max_hp_per_floor":[71,71,71,71,71,71,71],"relic_stats":{"counters":[5,18],"Dead Branch":[17],"obtain_stats":[{"Dead Branch":0,"Cracked Core":0},{"Dead Branch":0,"Cracked Core":0},{"Dead Branch":0,"Cracked Core":0}]},"card_choices":[{"not_picked":["Rip and Tear","Steam Power","Go for the Eyes"],"picked":"SKIP","floor":1},{"not_picked":["Compile Driver","Sweeping Beam"],"picked":"Chaos","floor":2},{"not_picked":["Streamline","Coolheaded","Sweeping Beam"],"picked":"SKIP","floor":4},{"not_picked":["Coolheaded","Rebound"],"picked":"Hologram","floor":5}],"player_experience":502482,"relics_obtained":[],"event_choices":[{"cards_removed":["Strike_B"],"damage_healed":0,"gold_gain":0,"player_choice":"Purged","damage_taken":0,"max_hp_gain":0,"max_hp_loss":0,"event_name":"Purifier","floor":3,"gold_loss":0}],"is_beta":false,"boss_relics":[],"items_purged_floors":[],"is_endless":false,"potions_floor_spawned":[1,4],"killed_by":"3 Sentries","ascension_level":20}}