{"host":"ieyuautd1s8ltypj","time":1608298361,"event":{"mods":["Act Like it!","BaseMod","Colored Powertips","Friendly Minions","Gensokyo","Hermit","Hubris","Infinite Spire","Jorbs\u0027s Wanderer Trilogy","Kiyohime????","Koishi","Marisa????????","Minty Spire (QoL Compilation)","Reimu??????","Remilia??????","Replay The Spire","StSLib","The Construct","The Cursed","The Disciple","The Hierophant","The Necromancer","The Servant 0.9.4"],"gold_per_floor":[113,131,131,141,141,167,167,167,167,167,47,78,49,69,69,69,69],"floor_reached":16,"playtime":996,"items_purged":[],"score":108,"play_id":"79fec42e-8fc4-48a2-a62f-84836a3776bc","local_time":"20201219003241","is_ascension_mode":false,"campfire_choices":[{"data":"MastersStateliness","floor":7,"key":"SMITH"},{"data":"Septette","floor":15,"key":"SMITH"}],"circlet_count":0,"master_deck":["Strike_RM","Strike_RM","Strike_RM","Defend_RM","Defend_RM","Defend_RM","Defend_RM","RedMoon","ScarletShoot","CeilingFear","UnstableMagic","DiffusionOfMisfortune","hubris:NaturalOne","MastersStateliness+1","ForecastOfChange","Septette+1","BombardNight"],"relics":["ScarletHat","Mango","hubris:Icosahedron","infinitespire:Lychee Nut","The Courier","Happy Flower","OrangePellets","hubris:TenFootPole"],"acts_visited":["Exordium"],"potions_floor_usage":[],"damage_taken":[{"damage":0,"enemies":"Gensokyo:2_Kodama","floor":1,"turns":3},{"damage":0,"enemies":"Gensokyo:Gryphon","floor":2,"turns":6},{"damage":0,"enemies":"Gensokyo:3_Fairies","floor":4,"turns":4},{"damage":3,"enemies":"Gensokyo:Mamizou","floor":6,"turns":11},{"damage":9,"enemies":"Gensokyo:Aya","floor":12,"turns":8},{"damage":0,"enemies":"Gensokyo:LivingMonolith","floor":14,"turns":2},{"damage":79,"enemies":"Gensokyo:Kokoro","floor":16,"turns":16}],"seed_played":"-5961709561587355935","potions_obtained":[{"floor":6,"key":"Strength Potion"},{"floor":12,"key":"BlessingOfTheForge"},{"floor":14,"key":"Elixir"}],"is_trial":false,"path_per_floor":["M","M","?","M","?","E","R","?","T","?","$","E","$","M","R","B"],"character_chosen":"REMILIA","items_purchased":["OrangePellets","Septette"],"campfire_rested":0,"item_purchase_floors":[11,13],"current_hp_per_floor":[75,75,68,68,68,66,66,66,66,66,66,58,58,61,61,0,0],"gold":69,"neow_bonus":"ONE_RANDOM_RARE_CARD","is_daily":false,"chose_seed":false,"campfire_upgraded":2,"win_rate":0.0,"timestamp":1608298361,"path_taken":["M","M","?","M","?","E","R","?","T","?","$","E","$","M","R","BOSS"],"items_purchased_type":["Relic","Card"],"build_version":"2020-12-13","purchased_purges":0,"victory":false,"max_hp_per_floor":[75,75,89,89,89,66,66,66,66,66,66,66,66,66,66,66,66],"card_choices":[{"not_picked":["FavorOfDestiny","CharismaGuard"],"picked":"UnstableMagic","floor":1},{"not_picked":["BlasphemousPunishment","EndlessAdversity"],"picked":"DiffusionOfMisfortune","floor":2},{"not_picked":["UnderTheZenith","FavorOfDestiny"],"picked":"SuperhumanBloodyKnife","floor":4},{"not_picked":["UltimateOffering","BloodyMagicSquare"],"picked":"MastersStateliness","floor":6},{"not_picked":["CharismaGuard","ScarletDevil"],"picked":"ForecastOfChange","floor":12},{"not_picked":["VampireKiss","MastersStateliness"],"picked":"BombardNight","floor":14}],"player_experience":99017,"relics_obtained":[{"floor":6,"key":"infinitespire:Lychee Nut"},{"floor":9,"key":"The Courier"},{"floor":12,"key":"hubris:TenFootPole"}],"event_choices":[],"is_beta":false,"boss_relics":[],"items_purged_floors":[],"is_endless":false,"potions_floor_spawned":[6,12,14],"killed_by":"Gensokyo:Kokoro","ascension_level":0}}