{"host":"2461dio7vetlq1z3","time":1608276220,"event":{"mods":["2.2 Compatiblity","AchievementEnabler","BaseMod","Better Third Choice","Hermit","Minty Spire (QoL Compilation)","Relic Stats","Spicy Shops","StSLib","The Animator","Waifu the Spire"],"gold_per_floor":[117,117,76,76,89,118,118,128,206,206,219,249,269,284,284,361,361,376,391,403,420,77,105,105,120,145,20,36,366,366,398,398,473,473,483,502,13,0,19,53,53,80,134,134,152,179,230,249,249,249,249,249,6,41,41,41],"floor_reached":55,"playtime":2513,"items_purged":["Sucker Punch","Skewer","Expertise","Cloak And Dagger"],"score":1562,"play_id":"b5a0b9e7-51a9-4235-ba94-48263fd4364d","local_time":"20201218082340","is_ascension_mode":true,"campfire_choices":[{"data":"Envenom","floor":7,"key":"SMITH"},{"floor":10,"key":"REST"},{"data":"Catalyst","floor":15,"key":"SMITH"},{"floor":24,"key":"REST"},{"floor":30,"key":"REST"},{"data":"Wraith Form v2","floor":32,"key":"SMITH"},{"data":"Wraith Form v2","floor":41,"key":"SMITH"},{"floor":44,"key":"RECALL"},{"data":"Catalyst","floor":49,"key":"SMITH"},{"data":"Catalyst","floor":52,"key":"SMITH"}],"circlet_count":0,"master_deck":["AscendersBane","Survivor","Neutralize","Dagger Spray","Envenom+1","Footwork","Infinite Blades","Poisoned Stab","Noxious Fumes","Deflect","Noxious Fumes","Blur","Deflect","Dash","Catalyst+1","Leg Sweep","Wraith Form v2+1","Catalyst+1","Deflect","Catalyst+1","Catalyst","Deflect","Wraith Form v2+1","Dodge and Roll","Escape Plan","Wraith Form v2+1","Poisoned Stab"],"relics":["Pandora\u0027s Box","Snake Skull","Pear","Shuriken","Runic Pyramid","Oddly Smooth Stone","Ancient Tea Set","Bag of Preparation","Old Coin","Calipers","SlaversCollar","TwistedFunnel","Centennial Puzzle","Red Mask","PreservedInsect","Question Card","Vajra","TungstenRod","DollysMirror","Art of War"],"acts_visited":["Exordium","TheCity","TheBeyond","TheEnding"],"potions_floor_usage":[11,12,16,19,23,40,55],"damage_taken":[{"damage":3,"enemies":"Small Slimes","floor":1,"turns":4},{"damage":5,"enemies":"Jaw Worm","floor":5,"turns":4},{"damage":27,"enemies":"Gremlin Nob","floor":6,"turns":5},{"damage":0,"enemies":"Cultist","floor":8,"turns":3},{"damage":12,"enemies":"Lots of Slimes","floor":11,"turns":3},{"damage":3,"enemies":"Lagavulin","floor":12,"turns":5},{"damage":16,"enemies":"Looter","floor":13,"turns":3},{"damage":2,"enemies":"2 Fungi Beasts","floor":14,"turns":3},{"damage":21,"enemies":"The Guardian","floor":16,"turns":7},{"damage":2,"enemies":"2 Thieves","floor":18,"turns":5},{"damage":11,"enemies":"Shell Parasite","floor":19,"turns":7},{"damage":2,"enemies":"Centurion and Healer","floor":20,"turns":7},{"damage":9,"enemies":"Shelled Parasite and Fungi","floor":21,"turns":5},{"damage":5,"enemies":"Gremlin Leader","floor":23,"turns":6},{"damage":6,"enemies":"Snake Plant","floor":25,"turns":5},{"damage":6,"enemies":"Chosen and Byrds","floor":28,"turns":5},{"damage":17,"enemies":"Book of Stabbing","floor":29,"turns":5},{"damage":7,"enemies":"Gremlin Leader","floor":31,"turns":5},{"damage":3,"enemies":"Automaton","floor":33,"turns":8},{"damage":5,"enemies":"Orb Walker","floor":35,"turns":3},{"damage":3,"enemies":"3 Darklings","floor":36,"turns":6},{"damage":7,"enemies":"Sphere and 2 Shapes","floor":39,"turns":6},{"damage":5,"enemies":"Reptomancer","floor":40,"turns":4},{"damage":6,"enemies":"Nemesis","floor":42,"turns":5},{"damage":8,"enemies":"Writhing Mass","floor":45,"turns":4},{"damage":1,"enemies":"Reptomancer","floor":46,"turns":3},{"damage":10,"enemies":"2 Orb Walkers","floor":47,"turns":5},{"damage":0,"enemies":"Maw","floor":48,"turns":4},{"damage":29,"enemies":"Time Eater","floor":50,"turns":8},{"damage":6,"enemies":"Shield and Spear","floor":54,"turns":5},{"damage":70,"enemies":"The Heart","floor":55,"turns":3}],"seed_played":"-290022542218986380","potions_obtained":[{"floor":6,"key":"SpeedPotion"},{"floor":8,"key":"FearPotion"},{"floor":11,"key":"SpeedPotion"},{"floor":16,"key":"Block Potion"},{"floor":18,"key":"LiquidMemories"},{"floor":21,"key":"SpeedPotion"},{"floor":25,"key":"Ancient Potion"},{"floor":31,"key":"Fruit Juice"},{"floor":40,"key":"Explosive Potion"},{"floor":42,"key":"FairyPotion"}],"is_trial":false,"path_per_floor":["M","?","$","?","M","E","R","M","T","R","M","E","M","M","R","B",null,"M","M","M","M","$","E","R","M","T","$","M","E","R","E","R","B",null,"M","M","$","?","M","E","R","E","T","R","M","E","?","M","R","B",null,"R","$","E","B"],"character_chosen":"THE_SILENT","items_purchased":["Noxious Fumes","Oddly Smooth Stone","TwistedFunnel","Centennial Puzzle","DollysMirror","Dexterity Potion"],"campfire_rested":3,"item_purchase_floors":[3,22,37,37,53,53],"current_hp_per_floor":[56,56,56,56,51,24,24,24,34,56,44,41,25,23,23,2,58,56,45,43,34,34,29,51,45,45,45,39,22,44,37,37,34,66,61,58,58,58,51,51,51,45,45,45,37,36,26,26,26,24,67,67,67,61,0,0],"gold":41,"neow_bonus":"BOSS_RELIC","is_daily":false,"chose_seed":false,"campfire_upgraded":6,"win_rate":0.0,"timestamp":1608276220,"path_taken":["M","?","$","?","M","E","R","?","T","R","M","E","M","M","R","BOSS","M","M","M","M","$","E","R","M","T","?","M","E","R","E","R","BOSS","M","M","$","?","M","E","R","E","T","R","M","E","?","M","R","BOSS","R","$","E","BOSS"],"items_purchased_type":["Card","Relic","Relic","Relic","Relic","Potion"],"build_version":"2020-12-13","purchased_purges":4,"victory":false,"max_hp_per_floor":[66,66,66,66,66,66,66,66,76,76,76,76,76,76,76,76,76,76,76,76,76,76,76,76,76,76,76,76,76,76,76,76,76,76,76,76,76,76,76,81,81,81,81,81,81,81,81,81,81,81,81,81,81,81,81,81],"relic_stats":{"Centennial Puzzle":[27],"counters":[31,151],"Shuriken":[14],"Pandora\u0027s Box":["Dagger Spray","Envenom","Footwork","Infinite Blades","Expertise","Poisoned Stab","Riddle With Holes","Skewer","Sucker Punch","Noxious Fumes"],"Snake Skull":[380],"PreservedInsect":189,"Bag of Preparation":[32],"Art of War":[0],"Question Card":5,"obtain_stats":[{"TwistedFunnel":37,"Pear":9,"Calipers":31,"Oddly Smooth Stone":22,"Vajra":46,"Snake Skull":6,"PreservedInsect":40,"Bag of Preparation":26,"Ancient Tea Set":23,"Question Card":42,"Old Coin":29,"SlaversCollar":34,"Centennial Puzzle":37,"Shuriken":12,"DollysMirror":53,"Pandora\u0027s Box":0,"Red Mask":38,"Art of War":54,"TungstenRod":47,"Ring of the Snake":0,"Runic Pyramid":17},{"TwistedFunnel":21,"Pear":4,"Calipers":18,"Oddly Smooth Stone":13,"Vajra":26,"Snake Skull":3,"PreservedInsect":23,"Bag of Preparation":15,"Ancient Tea Set":14,"Question Card":24,"Old Coin":17,"SlaversCollar":19,"Centennial Puzzle":21,"Shuriken":6,"DollysMirror":29,"Pandora\u0027s Box":0,"Red Mask":21,"Art of War":30,"TungstenRod":27,"Ring of the Snake":0,"Runic Pyramid":9},{"TwistedFunnel":104,"Pear":16,"Calipers":87,"Oddly Smooth Stone":61,"Vajra":126,"Snake Skull":13,"PreservedInsect":114,"Bag of Preparation":72,"Ancient Tea Set":67,"Question Card":119,"Old Coin":82,"SlaversCollar":95,"Centennial Puzzle":104,"Shuriken":24,"DollysMirror":143,"Pandora\u0027s Box":0,"Red Mask":104,"Art of War":148,"TungstenRod":131,"Ring of the Snake":0,"Runic Pyramid":37}],"TungstenRod":17},"card_choices":[{"not_picked":["Dodge and Roll","Catalyst"],"picked":"Deflect","floor":1},{"not_picked":["Expertise","Setup"],"picked":"Blur","floor":5},{"not_picked":["Backflip","Dagger Throw"],"picked":"Deflect","floor":6},{"not_picked":["Bane","Endless Agony","Expertise"],"picked":"SKIP","floor":8},{"not_picked":["Infinite Blades","Tools of the Trade"],"picked":"Dash","floor":11},{"not_picked":["Dagger Throw","Acrobatics"],"picked":"Catalyst","floor":12},{"not_picked":["Dagger Throw","All Out Attack"],"picked":"Cloak And Dagger","floor":13},{"not_picked":["Acrobatics","Quick Slash"],"picked":"Leg Sweep","floor":14},{"not_picked":["Unload","Venomology"],"picked":"Wraith Form v2","floor":16},{"not_picked":["Masterful Stab","Accuracy","Blade Dance"],"picked":"SKIP","floor":18},{"not_picked":["Quick Slash+1","Choke","Backstab"],"picked":"SKIP","floor":19},{"not_picked":["Prepared","Expertise"],"picked":"Catalyst","floor":20},{"not_picked":["Bane","Poisoned Stab"],"picked":"Deflect","floor":21},{"not_picked":["Eviscerate","Outmaneuver","Setup"],"picked":"SKIP","floor":23},{"not_picked":["Eviscerate","Outmaneuver","Setup"],"picked":"SKIP","floor":23},{"not_picked":["Outmaneuver","Dodge and Roll"],"picked":"Catalyst","floor":25},{"not_picked":["Choke","Terror"],"picked":"Catalyst","floor":28},{"not_picked":["Dagger Throw","Sucker Punch","Underhanded Strike"],"picked":"SKIP","floor":29},{"not_picked":["Quick Slash","Doppelganger"],"picked":"Deflect","floor":31},{"not_picked":["A Thousand Cuts","Glass Knife"],"picked":"Wraith Form v2","floor":33},{"not_picked":["Prepared+1","Finisher","Cloak And Dagger"],"picked":"SKIP","floor":35},{"not_picked":["Distraction","Masterful Stab"],"picked":"Dodge and Roll","floor":36},{"not_picked":["Quick Slash","Deflect","Blade Dance"],"picked":"SKIP","floor":39},{"not_picked":["Caltrops","Concentrate","Blur"],"picked":"SKIP","floor":40},{"not_picked":["Underhanded Strike","Masterful Stab+1","Backflip"],"picked":"SKIP","floor":42},{"not_picked":["Sucker Punch","Predator+1","All Out Attack","Concentrate"],"picked":"SKIP","floor":45},{"not_picked":["Infinite Blades","Bane","Acrobatics"],"picked":"Escape Plan","floor":46},{"not_picked":["Backflip","Well Laid Plans","Masterful Stab","Deadly Poison"],"picked":"SKIP","floor":48},{"not_picked":["Accuracy","PiercingWail","Poisoned Stab","Sucker Punch"],"picked":"SKIP","floor":54},{"not_picked":["Accuracy","PiercingWail","Sucker Punch"],"picked":"Poisoned Stab","floor":54}],"player_experience":795972,"relics_obtained":[{"floor":6,"key":"Snake Skull"},{"floor":9,"key":"Pear"},{"floor":12,"key":"Shuriken"},{"floor":23,"key":"Ancient Tea Set"},{"floor":26,"key":"Bag of Preparation"},{"floor":29,"key":"Old Coin"},{"floor":31,"key":"Calipers"},{"floor":40,"key":"PreservedInsect"},{"floor":42,"key":"Question Card"},{"floor":46,"key":"Vajra"},{"floor":47,"key":"TungstenRod"},{"floor":54,"key":"Art of War"}],"event_choices":[{"damage_healed":0,"gold_gain":0,"player_choice":"Ignored","damage_taken":117,"max_hp_gain":0,"max_hp_loss":0,"event_name":"betterThird:BetterSerpent","floor":2,"gold_loss":0},{"cards_removed":["Riddle With Holes"],"damage_healed":0,"gold_gain":0,"player_choice":"Purged","damage_taken":0,"max_hp_gain":0,"max_hp_loss":0,"event_name":"Purifier","floor":4,"gold_loss":0},{"damage_healed":0,"gold_gain":0,"player_choice":"Paid","damage_taken":0,"relics_obtained":["Red Mask"],"max_hp_gain":0,"max_hp_loss":0,"event_name":"Tomb of Lord Red Mask","floor":38,"gold_loss":13},{"damage_healed":0,"gold_gain":0,"player_choice":"Fight","damage_taken":0,"max_hp_gain":0,"max_hp_loss":0,"event_name":"Mysterious Sphere","floor":47,"gold_loss":0}],"is_beta":false,"boss_relics":[{"not_picked":["Sozu","SacredBark"],"picked":"Runic Pyramid"},{"not_picked":["Empty Cage","Cursed Key"],"picked":"SlaversCollar"}],"items_purged_floors":[22,22,27,37],"is_endless":false,"potions_floor_spawned":[6,8,11,16,18,21,25,28,31,40,42,45],"killed_by":"The Heart","ascension_level":17}}