{"host":"ryuep8ewa00k39z9","time":1608258289,"event":{"mods":["AchievementEnabler","BaseMod","Best Route Mod","Colored Map","Colored Powertips","Displayed Cursed Tome","Highlight Path","Minty Spire (QoL Compilation)","Quick Restart","SuperFastMode"],"gold_per_floor":[110,110,35,35,55,90,107,107,107,142,142,158,176,211,211,284,284,304,316,335,353,353,353,353],"floor_reached":23,"playtime":795,"items_purged":[],"score":533,"play_id":"fa5553de-cbdf-49a5-8623-f7c56fd39d51","local_time":"20201217202449","is_ascension_mode":true,"campfire_choices":[{"data":"Inflame","floor":8.0,"key":"SMITH"},{"data":"Limit Break","floor":11.0,"key":"SMITH"},{"data":"Dual Wield","floor":15.0,"key":"SMITH"}],"circlet_count":0,"master_deck":["AscendersBane","Strike_R","Defend_R","Defend_R","Defend_R+1","Defend_R+1","Bash","Inflame+1","Cleave+1","Heavy Blade+1","Limit Break+1","Dual Wield+1","Whirlwind+1","Uppercut+1","Double Tap","Double Tap+1","Ghostly Armor+1","Evolve+1","Headbutt+1","Body Slam+1","Wild Strike+1","Decay"],"relics":["Burning Blood","NeowsBlessing","Paper Frog","Molten Egg 2","Bag of Preparation","Incense Burner","Boot","Astrolabe"],"acts_visited":["Exordium","TheCity"],"potions_floor_usage":[],"damage_taken":[{"damage":0.0,"enemies":"Jaw Worm","floor":1.0,"turns":1.0},{"damage":0.0,"enemies":"Small Slimes","floor":5.0,"turns":2.0},{"damage":0.0,"enemies":"Gremlin Nob","floor":6.0,"turns":1.0},{"damage":0.0,"enemies":"2 Louse","floor":7.0,"turns":2.0},{"damage":5.0,"enemies":"Lagavulin","floor":10.0,"turns":5.0},{"damage":5.0,"enemies":"Looter","floor":12.0,"turns":3.0},{"damage":5.0,"enemies":"Large Slime","floor":13.0,"turns":5.0},{"damage":0.0,"enemies":"Gremlin Nob","floor":14.0,"turns":2.0},{"damage":6.0,"enemies":"Slime Boss","floor":16.0,"turns":6.0},{"damage":27.0,"enemies":"2 Thieves","floor":18.0,"turns":4.0},{"damage":11.0,"enemies":"Chosen","floor":19.0,"turns":4.0},{"damage":32.0,"enemies":"Shelled Parasite and Fungi","floor":20.0,"turns":3.0},{"damage":0.0,"enemies":"Centurion and Healer","floor":21.0,"turns":5.0},{"damage":13,"enemies":"Slavers","floor":23,"turns":2}],"seed_played":"4314026379360724793","potions_obtained":[{"floor":1.0,"key":"EntropicBrew"},{"floor":6.0,"key":"Weak Potion"},{"floor":10.0,"key":"Dexterity Potion"},{"floor":16.0,"key":"SkillPotion"},{"floor":19.0,"key":"Swift Potion"},{"floor":20.0,"key":"EssenceOfSteel"}],"is_trial":false,"path_per_floor":["M","?","?","?","M","E","M","R","T","E","R","M","M","E","R","B",null,"M","M","M","M","?","E"],"character_chosen":"IRONCLAD","items_purchased":[],"campfire_rested":0,"item_purchase_floors":[],"current_hp_per_floor":[74,63,63,40,46,52,58,58,58,59,59,60,61,67,67,67,73,52,47,21,27,27,14,14],"gold":353,"neow_bonus":"THREE_ENEMY_KILL","is_daily":false,"chose_seed":false,"campfire_upgraded":3,"win_rate":0.0,"timestamp":1608258289,"path_taken":["M","?","?","?","M","E","M","R","T","E","R","M","?","E","R","BOSS","M","M","M","M","?","E"],"items_purchased_type":[],"build_version":"2020-12-13","purchased_purges":0,"victory":false,"max_hp_per_floor":[75,75,75,75,75,75,75,75,75,75,75,75,75,75,75,75,75,75,75,75,75,75,75,75],"card_choices":[{"not_picked":["Pummel","Perfected Strike"],"picked":"Inflame","floor":1.0},{"not_picked":["Rage","Anger","Evolve"],"picked":"SKIP","floor":5.0},{"not_picked":["Shockwave","Dark Embrace"],"picked":"Cleave+1","floor":6.0},{"not_picked":["Ghostly Armor","Warcry"],"picked":"Heavy Blade+1","floor":7.0},{"not_picked":["Inflame","Burning Pact"],"picked":"Limit Break","floor":10.0},{"not_picked":["Cleave+1","Armaments"],"picked":"Dual Wield","floor":12.0},{"not_picked":["Rupture","Combust"],"picked":"Whirlwind+1","floor":13.0},{"not_picked":["Shrug It Off","Warcry"],"picked":"Uppercut+1","floor":14.0},{"not_picked":["Offering","Barricade"],"picked":"Double Tap","floor":16.0},{"not_picked":["Armaments","Twin Strike+1"],"picked":"Headbutt+1","floor":18.0},{"not_picked":["Armaments","Sentinel","Shrug It Off"],"picked":"SKIP","floor":19.0},{"not_picked":["Intimidate","Blood for Blood+1"],"picked":"Body Slam+1","floor":20.0},{"not_picked":["Sever Soul+1","Iron Wave+1"],"picked":"Wild Strike+1","floor":21.0}],"player_experience":3262217,"relics_obtained":[{"floor":6.0,"key":"Molten Egg 2"},{"floor":9.0,"key":"Bag of Preparation"},{"floor":10.0,"key":"Incense Burner"},{"floor":14.0,"key":"Boot"}],"event_choices":[{"damage_healed":0.0,"max_hp_gain":0.0,"max_hp_loss":0.0,"gold_gain":0.0,"event_name":"Scrap Ooze","player_choice":"Success","floor":2.0,"gold_loss":0.0,"damage_taken":11.0,"relics_obtained":["Paper Frog"]},{"cards_removed":["Strike_R"],"damage_healed":0.0,"max_hp_gain":0.0,"max_hp_loss":0.0,"gold_gain":0.0,"event_name":"The Cleric","player_choice":"Card Removal","floor":3.0,"gold_loss":75.0,"damage_taken":0.0},{"damage_healed":0.0,"max_hp_gain":0.0,"max_hp_loss":0.0,"gold_gain":0.0,"event_name":"Shining Light","player_choice":"Entered Light","floor":4.0,"gold_loss":0.0,"damage_taken":23.0,"cards_upgraded":["Defend_R","Defend_R"]},{"damage_healed":0.0,"max_hp_gain":0.0,"max_hp_loss":0.0,"gold_gain":0.0,"event_name":"Forgotten Altar","player_choice":"Smashed Altar","floor":22.0,"gold_loss":0.0,"damage_taken":0.0,"cards_obtained":["Decay"]}],"is_beta":false,"boss_relics":[{"not_picked":["Ectoplasm","Philosopher\u0027s Stone"],"picked":"Astrolabe"}],"items_purged_floors":[],"is_endless":false,"potions_floor_spawned":[1,6,10,16,19,20],"killed_by":"Slavers","ascension_level":17}}