{"host":"gk5m6v7zec9neb0j","time":1608333809,"event":{"mods":["AchievementEnabler","AlwaysNeverKeys","BaseMod","BetterRewards","Block Reminder","Minty Spire (QoL Compilation)","Rare Cards Sparkle","Relic Stats","StSLib"],"gold_per_floor":[109,120,120,136,150,150,124,139,139,139,14,26,26,45,45,146,146,159,140,156,32,32,32,49,49,49,49,49,68,97,114,114,114,114],"floor_reached":33,"playtime":830,"items_purged":["Strike_B","Strike_B","Strike_B"],"score":411,"play_id":"464933de-6f74-4e4a-a4c0-f392f13e64d6","local_time":"20201218182329","is_ascension_mode":false,"campfire_choices":[{"floor":6.0,"key":"REST"},{"data":"Dualcast","floor":15.0,"key":"SMITH"},{"data":"Zap","floor":23,"key":"SMITH"},{"data":"Go for the Eyes","floor":25,"key":"SMITH"},{"floor":27,"key":"REST"},{"floor":32,"key":"REST"}],"circlet_count":0,"master_deck":["Strike_B","Defend_B","Defend_B","Defend_B","Defend_B","Zap+1","Dualcast+1","Beam Cell","Swift Strike","FTL","Leap","Beam Cell","Beam Cell","Reinforced Body","Gash","CurseOfTheBell","Beam Cell+1","Conserve Battery","Conserve Battery","Go for the Eyes+1","Leap"],"relics":["Cracked Core","Shuriken","Girya","PreservedInsect","MealTicket","Nunchaku","Singing Bowl","Calling Bell","DataDisk","StrikeDummy","Emotion Chip","MutagenicStrength","Letter Opener","Question Card"],"acts_visited":["Exordium","TheCity"],"potions_floor_usage":[20,30],"damage_taken":[{"damage":0.0,"enemies":"Small Slimes","floor":1.0,"turns":2.0},{"damage":1.0,"enemies":"Jaw Worm","floor":2.0,"turns":2.0},{"damage":1.0,"enemies":"Cultist","floor":4.0,"turns":3.0},{"damage":0.0,"enemies":"Large Slime","floor":5.0,"turns":5.0},{"damage":7.0,"enemies":"Blue Slaver","floor":8.0,"turns":2.0},{"damage":0.0,"enemies":"Exordium Thugs","floor":12.0,"turns":4.0},{"damage":0.0,"enemies":"3 Louse","floor":14.0,"turns":3.0},{"damage":53,"enemies":"Slime Boss","floor":16,"turns":14},{"damage":8,"enemies":"3 Byrds","floor":18,"turns":6},{"damage":10,"enemies":"2 Thieves","floor":19,"turns":4},{"damage":12,"enemies":"Snake Plant","floor":20,"turns":4},{"damage":36,"enemies":"Cultist and Chosen","floor":24,"turns":8},{"damage":7,"enemies":"Centurion and Healer","floor":29,"turns":5},{"damage":20,"enemies":"Slavers","floor":30,"turns":3},{"damage":9,"enemies":"Sentry and Sphere","floor":31,"turns":6},{"damage":82,"enemies":"Collector","floor":33,"turns":9}],"seed_played":"-2361062652892092440","potions_obtained":[{"floor":16,"key":"Swift Potion"},{"floor":24,"key":"DistilledChaos"}],"is_trial":false,"path_per_floor":["M","M","?","M","M","R","$","M","T","T","$","M","?","M","R","B",null,"M","M","M","$","?","R","M","R","T","R","$","M","E","M","R","B"],"character_chosen":"DEFECT","items_purchased":["Shuriken","Beam Cell","Swift Strike","PreservedInsect","Beam Cell","Conserve Battery","Go for the Eyes","Leap"],"campfire_rested":3,"item_purchase_floors":[0,0,0,0,7,21,21,21],"current_hp_per_floor":[32,31,24,23,23,45,60,53,53,53,68,68,73,75,75,24,84,76,68,56,71,71,71,37,37,37,63,78,73,55,48,76,0,0],"gold":114,"neow_bonus":"","is_daily":false,"chose_seed":false,"campfire_upgraded":3,"win_rate":0.0,"timestamp":1608333809,"path_taken":["M","M","?","M","M","R","$","M","T","?","$","M","?","?","R","BOSS","M","?","M","$","?","R","M","R","T","R","$","M","E","M","R","BOSS"],"items_purchased_type":["Relic","Card","Card","Relic","Card","Card","Card","Card"],"build_version":"2020-12-13","purchased_purges":3,"victory":false,"max_hp_per_floor":[75,75,75,75,75,75,75,75,75,75,75,75,80,82,82,84,84,84,86,86,86,86,86,88,88,88,88,88,90,92,94,94,94,94],"relic_stats":{"Nunchaku":[14],"Emotion Chip":[16,16,0,0,0],"Singing Bowl":14,"counters":[585,3034],"Shuriken":[259],"MealTicket":60,"PreservedInsect":39,"Letter Opener":[58],"Question Card":1,"obtain_stats":[{"Whetstone":46,"Ginger":28,"Bottled Tornado":37,"Boot":17,"FrozenCore":17,"Old Coin":46,"Blood Vial":53,"Sundial":7,"MealTicket":26,"Necronomicon":31,"Kunai":17,"Pear":55,"Pen Nib":6,"Akabeko":29,"Cables":43,"SlaversCollar":34,"Bird Faced Urn":0,"MutagenicStrength":29,"StrikeDummy":9,"Unceasing Top":44,"Lantern":30,"Regal Pillow":45,"Torii":17,"Singing Bowl":31,"StoneCalendar":54,"Bag of Preparation":43,"Smiling Mask":9,"Cursed Key":17,"Ancient Tea Set":43,"Shovel":0,"Matryoshka":0,"WingedGreaves":30,"Chemical X":11,"InkBottle":17,"Potion Belt":26,"Inserter":34,"Golden Idol":3,"Thread and Needle":0,"PreservedInsect":43,"Omamori":46,"Frozen Egg 2":0,"MawBank":24,"Nuclear Battery":34,"Busted Crown":34,"Ornamental Fan":42,"Bloody Idol":21,"Orrery":0,"Turnip":41,"Art of War":41,"Bottled Lightning":11,"Toy Ornithopter":53,"Ice Cream":27,"Mark of the Bloom":46,"Calipers":39,"Gremlin Horn":12,"Nilry\u0027s Codex":27,"CeramicFish":26,"Vajra":12,"Runic Capacitor":0,"Sozu":34,"Centennial Puzzle":9,"Lizard Tail":0,"HornCleat":43,"FaceOfCleric":20,"DollysMirror":53,"Strawberry":0,"Prayer Wheel":0,"Toxic Egg 2":0,"Girya":0,"Happy Flower":17,"Dead Branch":0,"Oddly Smooth Stone":10,"Letter Opener":54,"War Paint":25,"Question Card":43,"WarpedTongs":0,"Du-Vu Doll":10,"OrangePellets":0,"Bottled Flame":54,"Shuriken":3,"Bronze Scales":29,"Molten Egg 2":17,"Black Star":34,"Symbiotic Virus":9,"Pocketwatch":54,"Meat on the Bone":9,"Darkstone Periapt":46,"SacredBark":34,"Enchiridion":19,"Mango":43,"Juzu Bracelet":20,"Incense Burner":43,"Empty Cage":17,"PrismaticShard":41,"ClockworkSouvenir":20,"Frozen Eye":11,"SsserpentHead":30,"Nunchaku":55,"Emotion Chip":6,"Dream Catcher":9,"Mummified Hand":26,"Pantograph":52,"Gambling Chip":0,"Tiny Chest":26,"Red Mask":38,"Cracked Core":0,"Runic Pyramid":17,"Orichalcum":9,"White Beast Statue":54,"Mercury Hourglass":44,"Calling Bell":17,"Peace Pipe":17,"Strange Spoon":21,"Cauldron":42,"DataDisk":23,"Anchor":9,"CaptainsWheel":34,"Bag of Marbles":9,"Membership Card":22,"TungstenRod":8,"FossilizedHelix":0},{"Whetstone":86,"Ginger":148,"Bottled Tornado":83,"Boot":73,"FrozenCore":144,"Old Coin":486,"Blood Vial":254,"Sundial":261,"MealTicket":557,"Necronomicon":105,"Kunai":73,"Pear":184,"Pen Nib":467,"Akabeko":79,"Cables":179,"SlaversCollar":150,"Bird Faced Urn":91,"MutagenicStrength":104,"StrikeDummy":237,"Unceasing Top":132,"Lantern":149,"Regal Pillow":252,"Torii":99,"Singing Bowl":175,"StoneCalendar":489,"Bag of Preparation":291,"Smiling Mask":187,"Cursed Key":190,"Ancient Tea Set":360,"Shovel":91,"Matryoshka":214,"WingedGreaves":105,"Chemical X":69,"InkBottle":99,"Potion Belt":124,"Inserter":128,"Golden Idol":186,"Thread and Needle":91,"PreservedInsect":85,"Omamori":435,"Frozen Egg 2":63,"MawBank":77,"Nuclear Battery":106,"Busted Crown":287,"Ornamental Fan":108,"Bloody Idol":348,"Orrery":63,"Turnip":108,"Art of War":179,"Bottled Lightning":262,"Toy Ornithopter":488,"Ice Cream":103,"Mark of the Bloom":110,"Calipers":84,"Gremlin Horn":96,"Nilry\u0027s Codex":124,"CeramicFish":172,"Vajra":188,"Runic Capacitor":160,"Sozu":81,"Centennial Puzzle":95,"Lizard Tail":114,"HornCleat":131,"FaceOfCleric":211,"DollysMirror":135,"Strawberry":185,"Prayer Wheel":63,"Toxic Egg 2":137,"Girya":185,"Happy Flower":347,"Dead Branch":91,"Oddly Smooth Stone":207,"Letter Opener":543,"War Paint":103,"Question Card":155,"WarpedTongs":185,"Du-Vu Doll":96,"OrangePellets":91,"Bottled Flame":318,"Shuriken":115,"Bronze Scales":173,"Molten Egg 2":347,"Black Star":456,"Symbiotic Virus":217,"Pocketwatch":113,"Meat on the Bone":343,"Darkstone Periapt":539,"SacredBark":197,"Enchiridion":473,"Mango":337,"Juzu Bracelet":75,"Incense Burner":108,"Empty Cage":120,"PrismaticShard":457,"ClockworkSouvenir":192,"Frozen Eye":391,"SsserpentHead":533,"Nunchaku":90,"Emotion Chip":117,"Dream Catcher":164,"Mummified Hand":77,"Pantograph":112,"Gambling Chip":114,"Tiny Chest":194,"Red Mask":178,"Cracked Core":0,"Runic Pyramid":303,"Orichalcum":118,"White Beast Statue":517,"Mercury Hourglass":538,"Calling Bell":73,"Peace Pipe":73,"Strange Spoon":75,"Cauldron":563,"DataDisk":102,"Anchor":390,"CaptainsWheel":479,"Bag of Marbles":68,"Membership Card":102,"TungstenRod":141,"FossilizedHelix":295},{"Whetstone":392,"Ginger":722,"Bottled Tornado":372,"Boot":315,"FrozenCore":705,"Old Coin":2578,"Blood Vial":1363,"Sundial":1401,"MealTicket":2917,"Necronomicon":486,"Kunai":315,"Pear":963,"Pen Nib":2461,"Akabeko":350,"Cables":901,"SlaversCollar":736,"Bird Faced Urn":436,"MutagenicStrength":482,"StrikeDummy":1251,"Unceasing Top":642,"Lantern":727,"Regal Pillow":1350,"Torii":466,"Singing Bowl":874,"StoneCalendar":2602,"Bag of Preparation":1576,"Smiling Mask":978,"Cursed Key":993,"Ancient Tea Set":1954,"Shovel":436,"Matryoshka":1129,"WingedGreaves":486,"Chemical X":295,"InkBottle":466,"Potion Belt":572,"Inserter":623,"Golden Idol":976,"Thread and Needle":436,"PreservedInsect":383,"Omamori":2280,"Frozen Egg 2":274,"MawBank":340,"Nuclear Battery":493,"Busted Crown":1558,"Ornamental Fan":500,"Bloody Idol":1884,"Orrery":274,"Turnip":500,"Art of War":901,"Bottled Lightning":1407,"Toy Ornithopter":2596,"Ice Cream":479,"Mark of the Bloom":508,"Calipers":375,"Gremlin Horn":455,"Nilry\u0027s Codex":572,"CeramicFish":855,"Vajra":981,"Runic Capacitor":787,"Sozu":365,"Centennial Puzzle":449,"Lizard Tail":530,"HornCleat":637,"FaceOfCleric":1108,"DollysMirror":658,"Strawberry":973,"Prayer Wheel":274,"Toxic Egg 2":675,"Girya":973,"Happy Flower":1880,"Dead Branch":436,"Oddly Smooth Stone":1077,"Letter Opener":2863,"War Paint":479,"Question Card":753,"WarpedTongs":973,"Du-Vu Doll":455,"OrangePellets":436,"Bottled Flame":1748,"Shuriken":533,"Bronze Scales":863,"Molten Egg 2":1880,"Black Star":2406,"Symbiotic Virus":1138,"Pocketwatch":517,"Meat on the Bone":1852,"Darkstone Periapt":2841,"SacredBark":1024,"Enchiridion":2491,"Mango":1832,"Juzu Bracelet":323,"Incense Burner":500,"Empty Cage":556,"PrismaticShard":2416,"ClockworkSouvenir":999,"Frozen Eye":2094,"SsserpentHead":2813,"Nunchaku":433,"Emotion Chip":541,"Dream Catcher":800,"Mummified Hand":340,"Pantograph":515,"Gambling Chip":530,"Tiny Chest":1005,"Red Mask":896,"Cracked Core":0,"Runic Pyramid":1643,"Orichalcum":543,"White Beast Statue":2747,"Mercury Hourglass":2837,"Calling Bell":315,"Peace Pipe":315,"Strange Spoon":323,"Cauldron":2930,"DataDisk":476,"Anchor":2091,"CaptainsWheel":2530,"Bag of Marbles":293,"Membership Card":476,"TungstenRod":690,"FossilizedHelix":1608}]},"card_choices":[{"not_picked":["Compile Driver","Cold Snap","Sunder"],"picked":"SKIP","floor":1.0},{"not_picked":["Skim","Double Energy"],"picked":"FTL","floor":2.0},{"not_picked":["Steam","Streamline"],"picked":"Leap","floor":4.0},{"not_picked":["Steam Power","FTL"],"picked":"Beam Cell","floor":5.0},{"not_picked":["Hologram","Self Repair"],"picked":"Reinforced Body","floor":8.0},{"not_picked":["Conserve Battery","Chill"],"picked":"Gash","floor":12.0},{"not_picked":["Steam","Reinforced Body","Rebound"],"picked":"Singing Bowl","floor":14.0},{"not_picked":["Buffer","Rainbow","Biased Cognition"],"picked":"Singing Bowl","floor":16},{"not_picked":["Barrage+1","Cold Snap"],"picked":"Beam Cell+1","floor":18},{"not_picked":["Cold Snap","Hologram","Leap"],"picked":"Singing Bowl","floor":19},{"not_picked":["Tempest+1","Steam"],"picked":"Conserve Battery","floor":20},{"not_picked":["Rip and Tear","Compile Driver","Stack"],"picked":"Singing Bowl","floor":24},{"not_picked":["Loop","Rebound","Chaos+1"],"picked":"Singing Bowl","floor":29},{"not_picked":["Reboot","Rip and Tear","Rebound+1"],"picked":"Singing Bowl","floor":30},{"not_picked":["Hello World","Undo","Double Energy+1","Rebound"],"picked":"Singing Bowl","floor":31}],"player_experience":696264,"relics_obtained":[{"floor":9.0,"key":"Nunchaku"},{"floor":10.0,"key":"Singing Bowl"},{"floor":17,"key":"DataDisk"},{"floor":17,"key":"StrikeDummy"},{"floor":17,"key":"Emotion Chip"},{"floor":26,"key":"Letter Opener"},{"floor":30,"key":"Question Card"}],"event_choices":[{"damage_healed":0.0,"max_hp_gain":0.0,"max_hp_loss":0.0,"gold_gain":0.0,"event_name":"Scrap Ooze","player_choice":"Success","floor":3.0,"gold_loss":0.0,"damage_taken":7.0,"relics_obtained":["MealTicket"]},{"damage_healed":0.0,"max_hp_gain":5.0,"max_hp_loss":0.0,"gold_gain":0.0,"event_name":"Big Fish","player_choice":"Donut","floor":13.0,"gold_loss":0.0,"damage_taken":0.0},{"damage_healed":0,"gold_gain":0,"player_choice":"Inject Mutagens","damage_taken":0,"relics_obtained":["MutagenicStrength"],"max_hp_gain":0,"max_hp_loss":0,"event_name":"Drug Dealer","floor":22,"gold_loss":0}],"is_beta":false,"boss_relics":[{"not_picked":["Coffee Dripper","Tiny House"],"picked":"Calling Bell"}],"items_purged_floors":[0,0,11],"is_endless":false,"potions_floor_spawned":[4,8,14,16,19,24,30,31],"killed_by":"Collector","ascension_level":0}}