{"host":"q9718omregw4er46","time":1608306227,"event":{"mods":["BaseMod","Bestiary","Colored Powertips","Custom Start","Highlight Path","Minty Spire (QoL Compilation)","Practice Mode","Quick Restart","Relic Stats"],"gold_per_floor":[111,25,38,52,71,71,104,104,104,104,115,148,160,195,195,272,272,287,135,135,155,205,205,231,231,255,273,273,284,284,108,108,187,187,200,200,200,213,213,243,243,270,347,347,366,24,76,88,88,88,88],"floor_reached":50,"playtime":2921,"items_purged":["Strike_P","Defend_P"],"score":1147,"play_id":"3ac7db7f-0c4e-4c3c-820f-feab7473e3df","local_time":"20201218204347","is_ascension_mode":true,"campfire_choices":[{"data":"TalkToTheHand","floor":6.0,"key":"SMITH"},{"data":"SashWhip","floor":8.0,"key":"SMITH"},{"floor":10.0,"key":"REST"},{"data":"Conclude","floor":15,"key":"SMITH"},{"data":"TalkToTheHand","floor":23,"key":"SMITH"},{"data":"EmptyMind","floor":25,"key":"SMITH"},{"floor":28,"key":"RECALL"},{"data":"Tantrum","floor":30,"key":"SMITH"},{"data":"TalkToTheHand","floor":32,"key":"SMITH"},{"data":"Master of Strategy","floor":41,"key":"SMITH"},{"floor":49,"key":"REST"}],"circlet_count":0,"master_deck":["AscendersBane","Strike_P+1","Strike_P+1","Defend_P+1","Defend_P+1","Defend_P+1","Eruption+1","Vigilance+1","Consecrate+1","TalkToTheHand+1","SashWhip+1","LessonLearned+1","Conclude+1","CarveReality+1","EmptyMind+1","Vault+1","Omniscience+1","Adaptation+1","TalkToTheHand+1","Tantrum+1","TalkToTheHand+1","Omniscience+1","Wireheading+1","Master of Strategy+1","WaveOfTheHand"],"relics":["PureWater","InkBottle","Ornamental Fan","Bag of Preparation","Happy Flower","Snecko Eye","Darkstone Periapt","Toy Ornithopter","Black Star","Mercury Hourglass","Bottled Tornado","Smiling Mask","MealTicket","Incense Burner","CloakClasp"],"acts_visited":["Exordium","TheCity","TheBeyond"],"potions_floor_usage":[12,16,18,47,50],"damage_taken":[{"damage":0.0,"enemies":"Small Slimes","floor":1.0,"turns":2.0},{"damage":0.0,"enemies":"2 Louse","floor":3.0,"turns":3.0},{"damage":7.0,"enemies":"Cultist","floor":4.0,"turns":3.0},{"damage":0.0,"enemies":"3 Louse","floor":5.0,"turns":2.0},{"damage":16.0,"enemies":"Gremlin Nob","floor":7.0,"turns":3.0},{"damage":1.0,"enemies":"Blue Slaver","floor":11.0,"turns":3.0},{"damage":11,"enemies":"Lagavulin","floor":12,"turns":9},{"damage":0,"enemies":"Large Slime","floor":13,"turns":3},{"damage":3,"enemies":"Gremlin Nob","floor":14,"turns":3},{"damage":13,"enemies":"Slime Boss","floor":16,"turns":9},{"damage":0,"enemies":"Spheric Guardian","floor":18,"turns":4},{"damage":0,"enemies":"3 Byrds","floor":21,"turns":4},{"damage":17,"enemies":"Book of Stabbing","floor":24,"turns":5},{"damage":0,"enemies":"Centurion and Healer","floor":27,"turns":7},{"damage":0,"enemies":"Sentry and Sphere","floor":29,"turns":2},{"damage":32,"enemies":"Collector","floor":33,"turns":11},{"damage":0,"enemies":"3 Darklings","floor":35,"turns":4},{"damage":13,"enemies":"3 Shapes","floor":38,"turns":4},{"damage":0,"enemies":"Giant Head","floor":40,"turns":8},{"damage":0,"enemies":"Nemesis","floor":42,"turns":6},{"damage":1,"enemies":"3 Darklings","floor":45,"turns":3},{"damage":34,"enemies":"2 Orb Walkers","floor":47,"turns":6},{"damage":0,"enemies":"Jaw Worm Horde","floor":48,"turns":3},{"damage":54,"enemies":"Awakened One","floor":50,"turns":4}],"seed_played":"-191379109178614328","potions_obtained":[{"floor":5.0,"key":"AttackPotion"},{"floor":7.0,"key":"Strength Potion"},{"floor":13,"key":"Swift Potion"},{"floor":16,"key":"LiquidMemories"},{"floor":27,"key":"Fire Potion"},{"floor":33,"key":"SneckoOil"},{"floor":38,"key":"SkillPotion"}],"is_trial":false,"path_per_floor":["M","$","M","M","M","R","E","R","T","R","M","E","M","E","R","B",null,"M","$","?","M","?","R","E","R","T","M","R","M","R","$","R","B",null,"M","?","?","M","?","E","R","E","T","?","M","$","?","M","R","B"],"character_chosen":"WATCHER","items_purchased":["TalkToTheHand","Adaptation","TalkToTheHand","Incense Burner"],"campfire_rested":2,"item_purchase_floors":[2,19,31,46],"current_hp_per_floor":[67,67,67,60,60,60,44,44,44,66,65,54,54,51,51,38,65,65,65,65,65,65,65,48,48,48,48,48,48,48,48,48,16,60,60,55,55,42,42,42,42,42,42,42,41,56,27,27,48,0,0],"gold":88,"neow_bonus":"TEN_PERCENT_HP_BONUS","is_daily":false,"chose_seed":false,"campfire_upgraded":8,"win_rate":0.0,"timestamp":1608306227,"path_taken":["M","$","M","M","M","R","E","R","T","R","M","E","M","E","R","BOSS","M","$","?","M","?","R","E","R","T","?","R","M","R","$","R","BOSS","M","?","?","M","?","E","R","E","T","?","M","$","?","M","R","BOSS"],"items_purchased_type":["Card","Card","Card","Relic"],"build_version":"2020-12-13","purchased_purges":2,"victory":false,"max_hp_per_floor":[74,74,74,74,74,74,74,74,74,74,74,74,74,74,74,74,74,74,74,74,74,74,74,74,74,74,74,74,74,74,74,74,74,74,74,74,74,74,74,74,74,74,74,70,70,70,70,70,70,70,70],"relic_stats":{"Darkstone Periapt":0,"Happy Flower":[26],"counters":[24,110],"Bag of Preparation":[34],"CloakClasp":[36],"Smiling Mask":0,"Mercury Hourglass":[98],"Ornamental Fan":[224],"Snecko Eye":[146,154,133,159],"MealTicket":15,"Black Star":2,"obtain_stats":[{"Darkstone Periapt":24,"Happy Flower":14,"Bag of Preparation":12,"Incense Burner":46,"CloakClasp":47,"Bottled Tornado":40,"Smiling Mask":42,"Mercury Hourglass":40,"Ornamental Fan":9,"Snecko Eye":17,"MealTicket":42,"Black Star":34,"PureWater":0,"InkBottle":7,"Toy Ornithopter":26},{"Darkstone Periapt":13,"Happy Flower":9,"Bag of Preparation":7,"Incense Burner":21,"CloakClasp":22,"Bottled Tornado":19,"Smiling Mask":20,"Mercury Hourglass":19,"Ornamental Fan":5,"Snecko Eye":10,"MealTicket":20,"Black Star":16,"PureWater":0,"InkBottle":5,"Toy Ornithopter":13},{"Darkstone Periapt":53,"Happy Flower":31,"Bag of Preparation":25,"Incense Burner":97,"CloakClasp":103,"Bottled Tornado":89,"Smiling Mask":94,"Mercury Hourglass":89,"Ornamental Fan":13,"Snecko Eye":40,"MealTicket":94,"Black Star":73,"PureWater":0,"InkBottle":13,"Toy Ornithopter":53}],"InkBottle":[37],"Toy Ornithopter":10},"card_choices":[{"not_picked":["Evaluate","PathToVictory"],"picked":"Consecrate","floor":1.0},{"not_picked":["EmptyBody","Evaluate","Protect"],"picked":"SKIP","floor":3.0},{"not_picked":["Evaluate","ForeignInfluence","PathToVictory"],"picked":"SKIP","floor":4.0},{"not_picked":["EmptyFist","BattleHymn"],"picked":"SashWhip","floor":5.0},{"not_picked":["FollowUp","WindmillStrike"],"picked":"LessonLearned","floor":7.0},{"not_picked":["JustLucky","ClearTheMind"],"picked":"Conclude","floor":11.0},{"not_picked":["CarveReality","Evaluate","FlurryOfBlows"],"picked":"SKIP","floor":12},{"not_picked":["CarveReality","Evaluate","FlurryOfBlows"],"picked":"SKIP","floor":12},{"not_picked":["Evaluate","FlurryOfBlows"],"picked":"CarveReality","floor":12},{"not_picked":["DeceiveReality","Consecrate"],"picked":"EmptyMind","floor":13},{"not_picked":["FearNoEvil","FlurryOfBlows"],"picked":"Vault","floor":14},{"not_picked":["Judgement","ConjureBlade"],"picked":"Omniscience","floor":16},{"not_picked":["FollowUp","Consecrate","FlyingSleeves"],"picked":"SKIP","floor":18},{"not_picked":["ClearTheMind","PathToVictory","EmptyMind"],"picked":"SKIP","floor":21},{"not_picked":["EmptyMind","Conclude","CutThroughFate"],"picked":"SKIP","floor":24},{"not_picked":["SashWhip","EmptyBody+1","ForeignInfluence"],"picked":"SKIP","floor":27},{"not_picked":["CrushJoints","Vengeance"],"picked":"Tantrum","floor":29},{"not_picked":["Devotion","Alpha"],"picked":"Omniscience","floor":33},{"not_picked":["ReachHeaven","CutThroughFate"],"picked":"Wireheading","floor":35},{"not_picked":["Magnetism","Transmutation"],"picked":"Master of Strategy","floor":36},{"not_picked":["Evaluate+1","InnerPeace","EmptyFist"],"picked":"SKIP","floor":38},{"not_picked":["CrushJoints+1","ClearTheMind","SashWhip"],"picked":"SKIP","floor":40},{"not_picked":["FollowUp","Consecrate+1","DeusExMachina"],"picked":"SKIP","floor":42},{"not_picked":["SashWhip","Halt","SignatureMove"],"picked":"SKIP","floor":45},{"not_picked":["EmptyBody","Study"],"picked":"WaveOfTheHand","floor":48}],"player_experience":1038348,"relics_obtained":[{"floor":7.0,"key":"InkBottle"},{"floor":9.0,"key":"Ornamental Fan"},{"floor":12,"key":"Bag of Preparation"},{"floor":14,"key":"Happy Flower"},{"floor":24,"key":"Darkstone Periapt"},{"floor":26,"key":"Toy Ornithopter"},{"floor":40,"key":"Mercury Hourglass"},{"floor":40,"key":"Bottled Tornado"},{"floor":42,"key":"Smiling Mask"},{"floor":42,"key":"MealTicket"},{"floor":47,"key":"CloakClasp"}],"event_choices":[{"damage_healed":0,"gold_gain":0,"player_choice":"Read","damage_taken":0,"max_hp_gain":0,"max_hp_loss":0,"event_name":"The Library","floor":20,"gold_loss":0,"cards_obtained":["TalkToTheHand"]},{"damage_healed":0,"gold_gain":100,"player_choice":"Bet on Murderer","damage_taken":0,"max_hp_gain":0,"max_hp_loss":0,"event_name":"The Joust","floor":22,"gold_loss":50},{"damage_healed":0,"gold_gain":0,"player_choice":"Memory 2","damage_taken":5,"max_hp_gain":0,"max_hp_loss":0,"event_name":"SensoryStone","floor":36,"gold_loss":0},{"damage_healed":0,"gold_gain":0,"player_choice":"Ignored","damage_taken":0,"max_hp_gain":0,"max_hp_loss":0,"event_name":"Tomb of Lord Red Mask","floor":37,"gold_loss":0},{"cards_removed":["Strike_P"],"damage_healed":0,"gold_gain":0,"player_choice":"Removed Attack","damage_taken":0,"max_hp_gain":0,"max_hp_loss":0,"event_name":"Falling","floor":39,"gold_loss":0},{"damage_healed":0,"gold_gain":0,"player_choice":"Max HP","damage_taken":0,"max_hp_gain":0,"max_hp_loss":4,"event_name":"Winding Halls","floor":44,"gold_loss":0},{"damage_healed":0,"gold_gain":0,"player_choice":"Fight","damage_taken":0,"max_hp_gain":0,"max_hp_loss":0,"event_name":"Mysterious Sphere","floor":47,"gold_loss":0}],"is_beta":false,"boss_relics":[{"not_picked":["SlaversCollar","SacredBark"],"picked":"Snecko Eye"},{"not_picked":["Runic Dome","Runic Pyramid"],"picked":"Black Star"}],"items_purged_floors":[19,31],"is_endless":false,"potions_floor_spawned":[5,7,13,16,27,33,38,42,45],"killed_by":"Awakened One","ascension_level":19}}