{"host":"qw1m3zcvi888b4j7","time":1608323499,"event":{"mods":["AchievementEnabler","Act Like it!","BaseMod","Best Route Mod","Block Reminder","Colored Map","Colored Powertips","Curses Come First","DeckTracker","Hermit","Highlight Path","Hubris","Minty Spire (QoL Compilation)","Quick Restart","Rare Cards Sparkle","Relic Sorter","Relic Stats","Replay The Spire","StSLib","SuperFastMode","The Blue Laboratory","The Cursed","The Servant 0.9.4","everything is the same but u backflip on backflip"],"gold_per_floor":[118,133,133,148,148,176,196,196,219,219,219,231,231,11,11,113,113,127,39,39,89,89],"floor_reached":21,"playtime":1058,"items_purged":["Parasite"],"score":177,"play_id":"c20e01bc-532b-4bc4-ad1c-77b428ed0b66","local_time":"20201218213139","is_ascension_mode":false,"campfire_choices":[{"floor":8.0,"key":"REST"},{"floor":10.0,"key":"REST"},{"floor":15.0,"key":"RECALL"}],"circlet_count":0,"master_deck":["Strike_S","Strike_S","Strike_S","Strike_S","Defend_S","Defend_S+1","Defend_S","Defend_S+1","KidneyShot","Exchange","Ricochet","SurpressingFire","ShatteredReality","Regret","TimeWarp","Luminosity","TimeWarp","WasteNot","WasteNot","Initiator","BestPractice+1","Spin"],"relics":["Uniform","NeowsBlessing","Happy Flower","Singing Bowl","War Paint","Orichalcum","Membership Card","Runic Pyramid","HandDrill","SsserpentHead"],"acts_visited":["Exordium","TheCity"],"potions_floor_usage":[21],"damage_taken":[{"damage":0.0,"enemies":"Cultist","floor":1.0,"turns":1.0},{"damage":0.0,"enemies":"2 Louse","floor":2.0,"turns":1.0},{"damage":0.0,"enemies":"Small Slimes","floor":4.0,"turns":1.0},{"damage":46.0,"enemies":"3 Sentries","floor":6.0,"turns":8.0},{"damage":0.0,"enemies":"2 Fungi Beasts","floor":7.0,"turns":3.0},{"damage":0.0,"enemies":"Red Slaver","floor":12.0,"turns":3.0},{"damage":23.0,"enemies":"Slime Boss","floor":16.0,"turns":10.0},{"damage":55,"enemies":"3 Byrds","floor":18,"turns":6},{"damage":10,"enemies":"Spheric Guardian","floor":21,"turns":3}],"seed_played":"-8385324165241206890","potions_obtained":[{"floor":2.0,"key":"Cursed Concoction"},{"floor":4.0,"key":"Adrenaline Potion"},{"floor":7.0,"key":"Ancient Potion"}],"is_trial":false,"path_per_floor":["M","M","?","M","?","E","M","R","T","R","?","M","?","$","R","B",null,"M","$","?","M"],"character_chosen":"THE_SERVANT","items_purchased":["Membership Card","WasteNot","HandDrill","Spin"],"campfire_rested":2,"item_purchase_floors":[14,14,19,19],"current_hp_per_floor":[65,65,47,47,47,1,1,20,20,39,39,39,55,55,55,32,62,7,7,7,0,0],"gold":89,"neow_bonus":"THREE_ENEMY_KILL","is_daily":false,"chose_seed":false,"campfire_upgraded":0,"win_rate":0.0,"timestamp":1608323499,"path_taken":["M","?","?","M","?","E","M","R","T","R","?","?","?","$","R","BOSS","M","$","?","?"],"items_purchased_type":["Relic","Card","Relic","Card"],"build_version":"2020-12-13","purchased_purges":1,"victory":false,"max_hp_per_floor":[65,65,65,65,65,65,65,65,65,65,65,65,65,62,62,62,62,62,62,62,62,62],"relic_stats":{"SsserpentHead":50,"Happy Flower":[11],"Singing Bowl":0,"counters":[9,36],"HandDrill":[0],"War Paint":["Defend_S","Defend_S"],"Orichalcum":[48],"obtain_stats":[{"SsserpentHead":20,"NeowsBlessing":0,"Happy Flower":3,"Singing Bowl":5,"Uniform":0,"HandDrill":19,"Membership Card":14,"War Paint":6,"Orichalcum":11,"Runic Pyramid":17},{"SsserpentHead":8,"NeowsBlessing":0,"Happy Flower":2,"Singing Bowl":3,"Uniform":0,"HandDrill":8,"Membership Card":6,"War Paint":4,"Orichalcum":5,"Runic Pyramid":7},{"SsserpentHead":33,"NeowsBlessing":0,"Happy Flower":2,"Singing Bowl":3,"Uniform":0,"HandDrill":33,"Membership Card":17,"War Paint":11,"Orichalcum":14,"Runic Pyramid":27}]},"card_choices":[{"not_picked":["Spin","BottledTime"],"picked":"Ricochet","floor":1.0},{"not_picked":["Rewind","Misdirection"],"picked":"SurpressingFire","floor":2.0},{"not_picked":["Rearm","Starlight"],"picked":"ShatteredReality","floor":4.0},{"not_picked":["FlawlessForm","Rearm"],"picked":"TimeWarp","floor":6.0},{"not_picked":["Ricochet","Alleviate"],"picked":"Luminosity","floor":7.0},{"not_picked":["Replace","Rearm"],"picked":"TimeWarp","floor":12.0},{"not_picked":["MurderousAura","SoulSculpture"],"picked":"Initiator","floor":16.0},{"not_picked":["DoubleEdge","SurpressingFire"],"picked":"BestPractice+1","floor":18}],"player_experience":114851,"relics_obtained":[{"floor":6.0,"key":"War Paint"}],"event_choices":[{"damage_healed":0.0,"max_hp_gain":0.0,"max_hp_loss":0.0,"gold_gain":0.0,"event_name":"Scrap Ooze","player_choice":"Success","floor":3.0,"gold_loss":0.0,"damage_taken":18.0,"relics_obtained":["Happy Flower"]},{"damage_healed":0.0,"max_hp_gain":0.0,"max_hp_loss":0.0,"gold_gain":0.0,"event_name":"Big Fish","player_choice":"Box","floor":5.0,"gold_loss":0.0,"damage_taken":0.0,"relics_obtained":["Singing Bowl"],"cards_obtained":["Regret"]},{"damage_healed":0.0,"max_hp_gain":0.0,"max_hp_loss":0.0,"gold_gain":0.0,"event_name":"WeMeetAgain","player_choice":"Gave Potion","floor":11.0,"gold_loss":0.0,"damage_taken":0.0,"relics_obtained":["Orichalcum"]},{"damage_healed":16.0,"max_hp_gain":0.0,"max_hp_loss":0.0,"gold_gain":0.0,"event_name":"Mushrooms","player_choice":"Healed and dodged fight","floor":13.0,"gold_loss":0.0,"damage_taken":0.0,"cards_obtained":["Parasite"]},{"damage_healed":0,"gold_gain":0,"player_choice":"Trade","damage_taken":0,"relics_obtained":["SsserpentHead"],"max_hp_gain":0,"max_hp_loss":0,"event_name":"FaceTrader","floor":20,"gold_loss":0}],"is_beta":false,"boss_relics":[{"not_picked":["Replay:Ancient Bell","Busted Crown"],"picked":"Runic Pyramid"}],"items_purged_floors":[14],"is_endless":false,"potions_floor_spawned":[2,4,7],"killed_by":"Spheric Guardian","ascension_level":0}}