{"host":"93zk5v4asb9iz5el","time":1608303802,"event":{"mods":["AchievementEnabler","Act Like it!","Aspiration","Bard","BaseMod","Beaked The Cultist","Better Altar","Better Match","Better Note","Better Sensory Stone","Better Skull","Better Third Choice","BetterRewards","CCEM","Colored Map","Conspire","Fiend Mod","GifTheSpireLib","Googly Eyes","Halation","Hermit","Highlight Path","Hubris","Infinite Spire","Jedi Mod","Jorbs\u0027s Wanderer Trilogy","Mad Scientist","Minty Spire (QoL Compilation)","Permanent Neow","Replay The Spire","Shade Mod","Shop Mod","Spicy Shops","StSLib","Stuff the Spire","The Administrix","The Blackbeard","The Exalted","The Gatherer","The Hierophant","The Judge","The Problem Sleuth","The Runesmith","The Servant 0.9.4","The Spell Scribe","The Witch","Unceasing Turn Reminder","everything is the same but u backflip on backflip","slay the spire mod where everything is the same but ironclad has a cowboy hat"],"gold_per_floor":[116,143,158,158,9,40,119,131,131,481,493,493,493,532,532,652,652,683,712,712,731,731,761,782,782,809,724,738,738],"floor_reached":28,"playtime":1721,"items_purged":[],"score":371,"play_id":"fb0861b7-f545-4132-bb82-4b5dcb372f39","local_time":"20201218160322","is_ascension_mode":false,"campfire_choices":[{"floor":12,"key":"REST"},{"data":"MadScienceMod:FragmentationGrenade","floor":15,"key":"SMITH"},{"floor":25,"key":"REST"}],"circlet_count":0,"master_deck":["MadScienceMod:Strike_MadScience","MadScienceMod:Strike_MadScience","MadScienceMod:Strike_MadScience","MadScienceMod:Defend_MadScience","MadScienceMod:Defend_MadScience","MadScienceMod:Defend_MadScience","MadScienceMod:Defend_MadScience","MadScienceMod:PoweredStrike","MadScienceMod:HideBehindJunk","MadScienceMod:FragmentationGrenade+1","MadScienceMod:ParticleBeam","MadScienceMod:AntimatterBomb","Normality","WordoMod:Accursed","Harmlessness","StuffTheSpire:GnomedCurse","MadScienceMod:LabAccident","MadScienceMod:BoxOfScraps","MadScienceMod:RecyclingStation","MadScienceMod:OilDrum","UnluckySeven","MadScienceMod:Detonate"],"relics":["blackbeard:LoadTheCannons","Bromod:Ordis","Blood Vial","infinitespire:Cubic Diamond","halation:Thesaurus","Sling","Pen Nib","Oddly Smooth Stone","StuffTheSpire:DarkSteelAnvil","Ring of Searing","Ring of Greed","Old Coin","infinitespire:Midas Blood","Bromod:ArcanePistoleer","aspiration:FetidBarrel","beaked:MawFillet","jedi:kaleidoscope","Nunchaku","aspiration:ChemicalBlood"],"acts_visited":["Exordium","TheCity"],"potions_floor_usage":[6,14,14,14,14,16,19,21],"damage_taken":[{"damage":1,"enemies":"Cultist","floor":1,"turns":4},{"damage":1,"enemies":"Small Slimes","floor":3,"turns":3},{"damage":12,"enemies":"Gremlin Nob","floor":6,"turns":3},{"damage":4,"enemies":"conspire:RoseBush","floor":8,"turns":2},{"damage":1,"enemies":"Blue Slaver","floor":11,"turns":4},{"damage":5,"enemies":"3 Sentries","floor":14,"turns":4},{"damage":44,"enemies":"Hexaghost","floor":16,"turns":8},{"damage":31,"enemies":"Shell Parasite","floor":18,"turns":5},{"damage":9,"enemies":"3 Byrds","floor":19,"turns":2},{"damage":6,"enemies":"Snecko","floor":21,"turns":4},{"damage":0,"enemies":"conspire:Head Lice","floor":23,"turns":7},{"damage":27,"enemies":"Sentry and Sphere","floor":24,"turns":4},{"damage":34,"enemies":"Snake Plant","floor":28,"turns":4}],"seed_played":"5676626818116714034","potions_obtained":[{"floor":1,"key":"AttackPotion"},{"floor":6,"key":"BlessingOfTheForge"},{"floor":7,"key":"Flashbang"},{"floor":7,"key":"EntropicBrew"},{"floor":18,"key":"Explosive Potion"},{"floor":19,"key":"ColorlessPotion"}],"is_trial":false,"path_per_floor":["M","T","M","?","$","E","?","M","T","?","M","R","T","E","R","B",null,"M","M","?","M","?","E","M","R","T","?","M"],"character_chosen":"MAD_SCIENTIST","items_purchased":["halation:Thesaurus"],"campfire_rested":2,"item_purchase_floors":[5],"current_hp_per_floor":[74,74,74,74,74,63,33,31,31,31,32,54,54,51,51,9,75,44,37,37,33,33,35,10,32,32,32,0,0],"gold":738,"neow_bonus":"NOSTALGIA","is_daily":false,"chose_seed":false,"campfire_upgraded":1,"win_rate":0.0,"timestamp":1608303802,"path_taken":["M","?","M","?","$","E","?","?","T","?","M","R","?","E","R","BOSS","M","M","?","?","?","E","M","R","T","?","M"],"items_purchased_type":["Relic"],"build_version":"2020-12-13","purchased_purges":0,"victory":false,"max_hp_per_floor":[75,75,75,75,75,75,75,75,75,75,75,75,75,75,75,75,75,75,75,75,75,75,75,75,75,75,75,75,75],"card_choices":[{"not_picked":["MadScienceMod:FlexibleSpear","MadScienceMod:JunkLaser"],"picked":"MadScienceMod:FragmentationGrenade","floor":1},{"not_picked":["MadScienceMod:Detonate","MadScienceMod:ExtractOil","MadScienceMod:Strafe"],"picked":"SKIP","floor":3},{"not_picked":["MadScienceMod:EnergyBarrier","MadScienceMod:FlammableWall","MadScienceMod:Refuel"],"picked":"SKIP","floor":6},{"not_picked":["MadScienceMod:TimeDilationField","MadScienceMod:LightOnFire"],"picked":"MadScienceMod:ParticleBeam","floor":7},{"not_picked":["MadScienceMod:LightOnFire","MadScienceMod:Sprocket"],"picked":"MadScienceMod:AntimatterBomb","floor":8},{"not_picked":["MadScienceMod:PowerArmor","MadScienceMod:FumeBlast","MadScienceMod:NowOrNever"],"picked":"SKIP","floor":11},{"not_picked":["MadScienceMod:FumeHood","MadScienceMod:FlexibleSpear","MadScienceMod:Refuel"],"picked":"SKIP","floor":14},{"not_picked":["MadScienceMod:CondenseVapors","MadScienceMod:GlassCannon"],"picked":"MadScienceMod:LabAccident","floor":16},{"not_picked":["MadScienceMod:Refuel","MadScienceMod:FlameCannon"],"picked":"MadScienceMod:BoxOfScraps","floor":18},{"not_picked":["MadScienceMod:AcidSpray+1","MadScienceMod:AntimatterBomb"],"picked":"MadScienceMod:RecyclingStation","floor":19},{"not_picked":["MadScienceMod:FumeBlast","MadScienceMod:ShrinkRay","MadScienceMod:NowOrNever"],"picked":"SKIP","floor":21},{"not_picked":["MadScienceMod:Browse","MadScienceMod:FumeBlast+1","MadScienceMod:CondenseVapors"],"picked":"SKIP","floor":23},{"not_picked":["MadScienceMod:AcidSpray","MadScienceMod:RadioactiveSword"],"picked":"MadScienceMod:Detonate","floor":24}],"player_experience":347153,"relics_obtained":[{"floor":2,"key":"Blood Vial"},{"floor":6,"key":"Pen Nib"},{"floor":7,"key":"Oddly Smooth Stone"},{"floor":9,"key":"StuffTheSpire:DarkSteelAnvil"},{"floor":10,"key":"Ring of Searing"},{"floor":10,"key":"Ring of Greed"},{"floor":10,"key":"Old Coin"},{"floor":10,"key":"infinitespire:Midas Blood"},{"floor":13,"key":"Bromod:ArcanePistoleer"},{"floor":14,"key":"aspiration:FetidBarrel"},{"floor":23,"key":"jedi:kaleidoscope"},{"floor":26,"key":"Nunchaku"}],"event_choices":[{"damage_healed":0,"gold_gain":0,"cards_transformed":["MadScienceMod:Strike_MadScience"],"player_choice":"Transformed","damage_taken":0,"max_hp_gain":0,"max_hp_loss":0,"event_name":"Transmorgrifier","floor":20,"gold_loss":0,"cards_obtained":["MadScienceMod:OilDrum"]},{"cards_removed":["Normality"],"damage_healed":0,"gold_gain":0,"player_choice":"Give","damage_taken":0,"max_hp_gain":0,"max_hp_loss":0,"event_name":"betterNote:BetterNote","floor":22,"gold_loss":0,"cards_obtained":["Doubt"]},{"damage_healed":0,"gold_gain":0,"player_choice":"Obtained Relic","damage_taken":0,"relics_obtained":["aspiration:ChemicalBlood"],"max_hp_gain":0,"max_hp_loss":0,"event_name":"Addict","floor":27,"gold_loss":85}],"is_beta":false,"boss_relics":[{"not_picked":["hubris:TerracottaHorce","Empty Cage"],"picked":"beaked:MawFillet"}],"items_purged_floors":[],"is_endless":false,"potions_floor_spawned":[1,6,18,19],"killed_by":"Snake Plant","ascension_level":0}}