{"host":"a61r67bv2jut9r88","time":1608269085,"event":{"mods":["BaseMod","Minty Spire (QoL Compilation)","Replay The Spire","Shop Mod","StSLib","SuperFastMode","The Runesmith"],"gold_per_floor":[119,294,313,313,331,331,354,387,387,387,312,327,345,358,358,478,478,492,492,492,517,530,530,574,574,574],"floor_reached":25,"playtime":1044,"items_purged":["Doubt"],"score":215,"play_id":"ccb67b36-16ce-4254-8bca-e5cc75468606","local_time":"20201218132445","is_ascension_mode":false,"campfire_choices":[{"floor":6,"key":"REST"},{"floor":15,"key":"REST"},{"floor":23,"key":"REST"}],"circlet_count":0,"master_deck":["Strike_G","Strike_G","Strike_G","Strike_G","Defend_G","Defend_G","Defend_G","Defend_G","Defend_G","Survivor","Neutralize","Toxin Wave","Deadly Poison","Bouncing Flask","Venomology","Prepared","Poison Darts"],"relics":["HoveringKite","Golden Idol","Odd Mushroom","Orichalcum","Ring of Chaos","Anchor","Pocketwatch"],"acts_visited":["Exordium","TheCity"],"potions_floor_usage":[14,14,16,18,22,24,24,24],"damage_taken":[{"damage":3,"enemies":"2 Louse","floor":1,"turns":3},{"damage":5,"enemies":"Small Slimes","floor":3,"turns":4},{"damage":13,"enemies":"Cultist","floor":5,"turns":4},{"damage":10,"enemies":"Large Slime","floor":7,"turns":6},{"damage":18,"enemies":"The Mushroom Lair","floor":8,"turns":5},{"damage":8,"enemies":"Exordium Wildlife","floor":12,"turns":4},{"damage":4,"enemies":"Exordium Thugs","floor":13,"turns":5},{"damage":11,"enemies":"Large Slime","floor":14,"turns":5},{"damage":40,"enemies":"Fading Forest","floor":16,"turns":11},{"damage":7,"enemies":"3 Byrds","floor":18,"turns":3},{"damage":0,"enemies":"Spheric Guardian","floor":21,"turns":2},{"damage":27,"enemies":"Centurion and Healer","floor":22,"turns":6},{"damage":34,"enemies":"Slavers","floor":24,"turns":6},{"damage":31,"enemies":"Cultist and Chosen","floor":25,"turns":4}],"seed_played":"-3864830241881857335","potions_obtained":[{"floor":5,"key":"Dexterity Potion"},{"floor":12,"key":"LiquidBronze"},{"floor":13,"key":"Fire Potion"},{"floor":16,"key":"AttackPotion"},{"floor":24,"key":"Fruit Juice"}],"is_trial":false,"path_per_floor":["M","?","M","?","M","R","M","?","T","?","$","M","M","M","R","B",null,"M","?","T","M","M","R","E","M"],"character_chosen":"THE_SILENT","items_purchased":[],"campfire_rested":3,"item_purchase_floors":[],"current_hp_per_floor":[67,67,62,45,32,53,43,25,25,25,25,17,13,2,23,1,70,63,63,63,63,36,57,28,0,0],"gold":574,"neow_bonus":"BOSS_RELIC","is_daily":false,"chose_seed":false,"campfire_upgraded":0,"win_rate":0.0,"timestamp":1608269085,"path_taken":["M","?","M","?","M","R","M","?","T","?","$","M","M","?","R","BOSS","M","?","?","M","M","R","E","?"],"items_purchased_type":[],"build_version":"2020-12-13","purchased_purges":1,"victory":false,"max_hp_per_floor":[70,70,70,70,70,70,70,70,70,70,70,70,70,70,70,70,70,70,70,70,70,70,70,75,75,75],"card_choices":[{"not_picked":["Blade Dance","PiercingWail"],"picked":"Toxin Wave","floor":1},{"not_picked":["Dagger Throw","Dodge and Roll","Cloak And Dagger"],"picked":"SKIP","floor":3},{"not_picked":["Backflip","Dagger Spray"],"picked":"Deadly Poison","floor":5},{"not_picked":["Footwork","Acrobatics","Backflip"],"picked":"SKIP","floor":7},{"not_picked":["Terror","Quick Slash"],"picked":"Bouncing Flask","floor":8},{"not_picked":["Flying Knee","Sucker Punch"],"picked":"Prepared","floor":12},{"not_picked":["PiercingWail","ReplayTheSpireMod:Exploit Weakness","Fluid Movement"],"picked":"SKIP","floor":13},{"not_picked":["Quick Slash","Slice","ReplayTheSpireMod:The Works"],"picked":"SKIP","floor":14},{"not_picked":["Unload","Tools of the Trade"],"picked":"Poison Darts","floor":16},{"not_picked":["Cloak And Dagger+1","Dodge and Roll","Backflip"],"picked":"SKIP","floor":18},{"not_picked":["Slice+1","Dagger Spray","Blade Dance"],"picked":"SKIP","floor":21},{"not_picked":["Backflip","Underhanded Strike","Dagger Spray"],"picked":"SKIP","floor":22},{"not_picked":["Finisher+1","Acrobatics","Bane"],"picked":"SKIP","floor":24}],"player_experience":355758,"relics_obtained":[{"floor":8,"key":"Odd Mushroom"},{"floor":9,"key":"Orichalcum"},{"floor":20,"key":"Anchor"},{"floor":24,"key":"Pocketwatch"}],"event_choices":[{"damage_healed":0,"gold_gain":175,"player_choice":"AGREE","damage_taken":0,"max_hp_gain":0,"max_hp_loss":0,"event_name":"Liars Game","floor":2,"gold_loss":0,"cards_obtained":["Doubt"]},{"damage_healed":0,"gold_gain":0,"player_choice":"Take Damage","damage_taken":17,"relics_obtained":["Golden Idol"],"max_hp_gain":0,"max_hp_loss":0,"event_name":"Golden Idol","floor":4,"gold_loss":0},{"damage_healed":0,"gold_gain":0,"player_choice":"Fought Mushrooms","damage_taken":0,"max_hp_gain":0,"max_hp_loss":0,"event_name":"Mushrooms","floor":8,"gold_loss":0},{"damage_healed":0,"gold_gain":0,"cards_transformed":["Strike_G"],"player_choice":"Transformed","damage_taken":0,"max_hp_gain":0,"max_hp_loss":0,"event_name":"Transmorgrifier","floor":10,"gold_loss":0,"cards_obtained":["Venomology"]},{"damage_healed":0,"gold_gain":0,"player_choice":"Ignored","damage_taken":0,"max_hp_gain":0,"max_hp_loss":0,"event_name":"Ghosts","floor":19,"gold_loss":0}],"is_beta":false,"boss_relics":[{"not_picked":["Black Star","Coffee Dripper"],"picked":"Ring of Chaos"}],"items_purged_floors":[11],"is_endless":false,"potions_floor_spawned":[5,12,13,16,24],"killed_by":"Cultist and Chosen","ascension_level":0}}