{"host":"gp6kafy53r5vaktt","time":1608297611,"event":{"mods":["BaseMod","Colored Map","Highlight Path","Minty Spire (QoL Compilation)"],"gold_per_floor":[115,131,144,156,169,201,201,236,236,246,280,131,148,148,148],"floor_reached":14,"playtime":1115,"items_purged":["Strike_B"],"score":120,"play_id":"37bdc06a-534e-4489-b653-993818c5b4c5","local_time":"20201218152011","is_ascension_mode":true,"campfire_choices":[{"data":"Streamline","floor":7,"key":"SMITH"}],"circlet_count":0,"master_deck":["Strike_B","Strike_B","Strike_B","Defend_B","Defend_B","Defend_B","Defend_B","Zap","Dualcast","Melter","Redo","Conserve Battery","Stack","Streamline+1","Chill","Sweeping Beam","Genetic Algorithm","Loop"],"relics":["Cracked Core","Lantern","StoneCalendar","Ornamental Fan","Dream Catcher"],"acts_visited":["Exordium"],"potions_floor_usage":[6,8,11,13,14],"damage_taken":[{"damage":1,"enemies":"Cultist","floor":1,"turns":3},{"damage":3,"enemies":"Jaw Worm","floor":2,"turns":4},{"damage":2,"enemies":"Small Slimes","floor":3,"turns":3},{"damage":10,"enemies":"Looter","floor":4,"turns":3},{"damage":0,"enemies":"2 Fungi Beasts","floor":5,"turns":4},{"damage":15,"enemies":"3 Sentries","floor":6,"turns":5},{"damage":22,"enemies":"Gremlin Nob","floor":8,"turns":4},{"damage":0,"enemies":"Exordium Wildlife","floor":10,"turns":3},{"damage":10,"enemies":"Lagavulin","floor":11,"turns":6},{"damage":23,"enemies":"Large Slime","floor":13,"turns":4},{"damage":11,"enemies":"Gremlin Nob","floor":14,"turns":2}],"seed_played":"-7517978443437956968","potions_obtained":[{"floor":1,"key":"Block Potion"},{"floor":4,"key":"DistilledChaos"},{"floor":6,"key":"LiquidMemories"},{"floor":8,"key":"LiquidBronze"},{"floor":11,"key":"Regen Potion"}],"is_trial":false,"path_per_floor":["M","M","M","M","M","E","R","E","T","M","E","$","M","E"],"character_chosen":"DEFECT","items_purchased":["Loop"],"campfire_rested":0,"item_purchase_floors":[12],"current_hp_per_floor":[81,78,76,66,66,51,51,29,29,29,19,19,8,0,0],"gold":148,"neow_bonus":"TEN_PERCENT_HP_BONUS","is_daily":false,"chose_seed":false,"campfire_upgraded":1,"win_rate":0.0,"timestamp":1608297611,"path_taken":["M","M","M","?","M","E","R","E","T","M","E","?","M","E"],"items_purchased_type":["Card"],"build_version":"2020-12-13","purchased_purges":1,"victory":false,"max_hp_per_floor":[82,82,82,82,82,82,82,82,82,82,82,82,82,82,82],"card_choices":[{"not_picked":["Steam Power","Gash"],"picked":"Melter","floor":1},{"not_picked":["Steam","Streamline"],"picked":"Redo","floor":2},{"not_picked":["Glacier","All For One"],"picked":"Conserve Battery","floor":3},{"not_picked":["Turbo","Steam"],"picked":"Stack","floor":4},{"not_picked":["Turbo","Steam"],"picked":"Streamline","floor":5},{"not_picked":["Chaos","Beam Cell"],"picked":"Chill","floor":6},{"not_picked":["Blizzard","Go for the Eyes","Turbo"],"picked":"SKIP","floor":8},{"not_picked":["Conserve Battery","Scrape"],"picked":"Sweeping Beam","floor":10},{"not_picked":["Hyperbeam","Reinforced Body"],"picked":"Genetic Algorithm","floor":11},{"not_picked":["Stack","Fusion","Rebound"],"picked":"SKIP","floor":13}],"player_experience":43566,"relics_obtained":[{"floor":6,"key":"Lantern"},{"floor":8,"key":"StoneCalendar"},{"floor":9,"key":"Ornamental Fan"},{"floor":11,"key":"Dream Catcher"}],"event_choices":[],"is_beta":false,"boss_relics":[],"items_purged_floors":[12],"is_endless":false,"potions_floor_spawned":[1,4,6,8,11],"killed_by":"Gremlin Nob","ascension_level":1}}