{"host":"sv2o2io561l6x04h","time":1608280293,"event":{"mods":["BaseMod","Bestiary","Better Altar","Better Match","Better Note","Better Sensory Stone","Colored Map","Conspire","Custom Start","DeckTracker","Highlight Path","Hubris","Minty Spire (QoL Compilation)","Replay The Spire","Shop Mod","StSLib","The Runesmith"],"gold_per_floor":[116,116,116,131,151,151,40,56,83,83,113,113,133,113,113,213,213,153,168,188,88,105,105,24,44,44,44,59,59,59],"floor_reached":29,"playtime":2537,"items_purged":["Runesmith:Strike_RS","Runesmith:Strike_RS"],"score":217,"play_id":"9c74aaca-1493-4f83-a10f-a5ba08b20d5d","local_time":"20201218033133","is_ascension_mode":false,"campfire_choices":[{"data":"Runesmith:BackupBattery","floor":6,"key":"SMITH"},{"data":"Runesmith:Empowerment","floor":10,"key":"SMITH"},{"data":"Runesmith:LithiumIon","floor":12,"key":"SMITH"},{"data":"Runesmith:Augment","floor":15,"key":"SMITH"},{"data":"Runesmith:Grindstone","floor":23,"key":"SMITH"}],"circlet_count":0,"master_deck":["Runesmith:Strike_RS","Runesmith:Defend_RS","Runesmith:Defend_RS","Runesmith:Defend_RS","Runesmith:Defend_RS","Runesmith:CraftFirestone","Runesmith:Fortify","Runesmith:Terraform","Runesmith:LithiumIon+1","Runesmith:Empowerment+1","Runesmith:Grindstone","Runesmith:Augment+1","Runesmith:ArcReactor","Runesmith:Grindstone+1","Runesmith:RuneHurl","Runesmith:Grindstone+1","Runesmith:CraftMagma","Runesmith:LithiumIon","hubris:DuctTapeCard"],"relics":["Runesmith:BrokenRuby","NeowsBlessing","hubris:Icosahedron","Anchor","conspire:SpecialSausage","hubris:DuctTape"],"acts_visited":["Exordium","TheCity"],"potions_floor_usage":[8,8,16,22,29],"damage_taken":[{"damage":0,"enemies":"Cultist","floor":1,"turns":1},{"damage":0,"enemies":"Jaw Worm","floor":4,"turns":1},{"damage":0,"enemies":"2 Louse","floor":5,"turns":1},{"damage":0,"enemies":"2 Fungi Beasts","floor":8,"turns":7},{"damage":14,"enemies":"Exordium Wildlife","floor":13,"turns":6},{"damage":3,"enemies":"Exordium Thugs","floor":14,"turns":4},{"damage":32,"enemies":"The Guardian","floor":16,"turns":12},{"damage":4,"enemies":"2 Thieves","floor":18,"turns":4},{"damage":12,"enemies":"3 Byrds","floor":19,"turns":8},{"damage":10,"enemies":"Shelled Parasite and Fungi","floor":20,"turns":9},{"damage":2,"enemies":"Snecko","floor":22,"turns":6},{"damage":2,"enemies":"Snake Plant","floor":25,"turns":7},{"damage":8,"enemies":"Centurion and Healer","floor":28,"turns":9},{"damage":70,"enemies":"Slavers","floor":29,"turns":7}],"seed_played":"5970053849355032320","potions_obtained":[{"floor":1,"key":"Venom Potion"},{"floor":4,"key":"SkillPotion"},{"floor":13,"key":"conspire:TimeTravelPotion"},{"floor":19,"key":"SpeedPotion"},{"floor":20,"key":"FairyPotion"},{"floor":25,"key":"Explosive Potion"}],"is_trial":false,"path_per_floor":["M","?","?","M","M","R","$","M","T","R","?","R","M","M","R","B",null,"M","M","M","$","M","R","$","M","T","?","M","E"],"character_chosen":"RUNESMITH_CLASS","items_purchased":["Runesmith:LithiumIon","Runesmith:LithiumIon"],"campfire_rested":0,"item_purchase_floors":[7,24],"current_hp_per_floor":[70,70,70,70,70,70,70,70,70,70,70,70,56,53,53,53,70,66,54,44,44,42,42,42,40,40,40,32,0,0],"gold":59,"neow_bonus":"THREE_ENEMY_KILL","is_daily":false,"chose_seed":false,"campfire_upgraded":5,"win_rate":0.0,"timestamp":1608280293,"path_taken":["M","?","?","M","M","R","$","M","T","R","?","R","M","M","R","BOSS","M","M","M","$","M","R","$","M","T","?","?","E"],"items_purchased_type":["Card","Card"],"build_version":"2020-12-13","purchased_purges":2,"victory":false,"max_hp_per_floor":[70,70,70,70,70,70,70,70,70,70,70,70,70,70,70,70,70,70,70,70,70,70,70,70,70,70,70,70,70,70],"card_choices":[{"not_picked":["Runesmith:DoubleUp","Runesmith:Malloc"],"picked":"Runesmith:Terraform","floor":1},{"not_picked":["Runesmith:ShiftingStrike","Runesmith:EnergizedChisel"],"picked":"Runesmith:BackupBattery","floor":4},{"not_picked":["Runesmith:HeatedChisel","Runesmith:EnergizedChisel"],"picked":"Runesmith:BackupBattery","floor":5},{"not_picked":["Runesmith:HeatedChisel","Runesmith:Grindstone"],"picked":"Runesmith:Empowerment","floor":8},{"not_picked":["Runesmith:StaticCage","Runesmith:HeatedChisel"],"picked":"Runesmith:Grindstone","floor":13},{"not_picked":["Runesmith:ShiftingStrike","Runesmith:MakeshiftArmor"],"picked":"Runesmith:Augment","floor":14},{"not_picked":["Runesmith:CraftIndustria","Runesmith:Supernova"],"picked":"Runesmith:ArcReactor","floor":16},{"not_picked":["Runesmith:CraftObretio","Runesmith:StaticCage+1"],"picked":"Runesmith:Grindstone","floor":18},{"not_picked":["Runesmith:CraftVitae","Runesmith:Augment"],"picked":"Runesmith:RuneHurl","floor":19},{"not_picked":["Runesmith:Accelerate","Runesmith:ChaoticBlast+1"],"picked":"Runesmith:Grindstone+1","floor":20},{"not_picked":["Runesmith:HeatExchange","Runesmith:ShiftingStrike"],"picked":"Runesmith:CraftMagma","floor":22},{"not_picked":["Runesmith:FrozenChisel","Runesmith:ChiselStab+1","Runesmith:Repurpose+1"],"picked":"SKIP","floor":25},{"not_picked":["Runesmith:ChiselStab","Runesmith:RuneHurl","Runesmith:HeatedChisel+1"],"picked":"SKIP","floor":28}],"player_experience":196890,"relics_obtained":[{"floor":9,"key":"Anchor"},{"floor":26,"key":"hubris:DuctTape"}],"event_choices":[{"cards_removed":["Runesmith:Strike_RS"],"damage_healed":0,"gold_gain":0,"player_choice":"Forget","damage_taken":0,"max_hp_gain":0,"max_hp_loss":0,"event_name":"Living Wall","floor":2,"gold_loss":0},{"damage_healed":0,"gold_gain":30,"player_choice":"Searched \u00272\u0027 times","damage_taken":0,"max_hp_gain":0,"max_hp_loss":0,"event_name":"Dead Adventurer","floor":11,"gold_loss":0},{"cards_removed":["Runesmith:Strike_RS"],"damage_healed":0,"gold_gain":0,"player_choice":"Give","damage_taken":0,"max_hp_gain":0,"max_hp_loss":0,"event_name":"betterNote:BetterNote","floor":27,"gold_loss":0,"cards_obtained":["Runesmith:Defend_RS"]}],"is_beta":false,"boss_relics":[{"not_picked":["Runic Pyramid","hubris:CrackedHourglass"],"picked":"conspire:SpecialSausage"}],"items_purged_floors":[7,21],"is_endless":false,"potions_floor_spawned":[1,4,13,19,20,25],"killed_by":"Slavers","ascension_level":0}}