{"host":"kw4o7b3ro2ktmmbe","time":1608256948,"event":{"mods":["BaseMod","Lobotomy","Minty Spire (QoL Compilation)","Treasure Hunter"],"gold_per_floor":[138,138,138,138,148,148,176,176,199,216,216,216,216,231,231,331,331,349,87,87,107,122,122,147,147,147,180,180,26,26,26,26,132,132,157,207,228,4,4,48,48,64,64,95,110,134,134,154,154,159,159],"floor_reached":50,"playtime":5689,"items_purged":[],"score":817,"play_id":"e65f910b-de68-499d-bfce-82a9f20eeaed","local_time":"20201218150228","is_ascension_mode":true,"campfire_choices":[{"data":"Regret_ego","floor":47,"key":"SMITH"},{"data":"Regret","floor":49,"key":"PURGE"}],"circlet_count":0,"master_deck":["SpecialBullet","SpecialBullet","SpecialBullet","SpecialBullet","SpecialBullet","SpecialBullet","SpecialBullet","InformationCode","SecurityCode","ExtractionCode","TH:PixieDust","TH:BikiniMail","Mimicry","Regret_ego+1","OSAHOGD","GreedKing","Twilight+1","TH:TreasureMap+1","GoldRush+1","Hornet+1","BigBird","RecordCode","Wellcheers","LifeForTheDareDevil+1","Regret_ego+1","VoidDream","TH:TreasureMap+1","FourthMatchFlame+1","Scarecrow","TH:PixieDust+1","MeltingLove","TH:CopperCoins+1","CENSORED_ego+1","TH:EnergyPotion+1","TrainingCode","MHz","Twilight+1","TH:CopperCoins+1","GoldRush+1","GoldRush+1","FieryBird","WristCuter+1","Soda+1","SilentOrchestra","Heaven+1","CherryBlossom+1","LifeForTheDareDevil+1","WallGazer","CherryBlossoms","TH:Mimic+1","WristCuter+1","FourthMatchFlame+1","BodiesMountain","GoldRush+1","Ecstasy+1","TH:Mimic+1","RedShoes","TH:Mimic+1","FourthMatchFlame+1","Soda+1","CrumblingArmor","SnowQueen","Christmas+1","Penitence+1","SpiderBud","Lantern+1","Gaze+1","DespairKnight","GrinderMk4+1","Adoration+1"],"relics":["CogitoBucket","Omamori","HornCleat","Blood Vial","Eternal Feather","Dream Catcher","Runic Dome","HellTrain","Meat on the Bone","Matryoshka","Toxic Egg 2","Lantern","Centennial Puzzle","Smiling Mask","TH:HealthInsurance","Ice Cream","PreservedInsect","Cursed Key","SkinProphecy","Peace Pipe","Membership Card","Orichalcum","Blue Candle","Sundial","Oddly Smooth Stone"],"acts_visited":["Exordium","TheCity","TheBeyond"],"potions_floor_usage":[45,45,50],"damage_taken":[{"damage":6.0,"enemies":"2 Louse","floor":1.0,"turns":2.0},{"damage":11.0,"enemies":"Jaw Worm","floor":5.0,"turns":2.0},{"damage":22.0,"enemies":"Lagavulin","floor":7.0,"turns":5.0},{"damage":0.0,"enemies":"Cultist","floor":10.0,"turns":3.0},{"damage":12.0,"enemies":"2 Fungi Beasts","floor":14.0,"turns":3.0},{"damage":79.0,"enemies":"Slime Boss","floor":16.0,"turns":19.0},{"damage":27.0,"enemies":"Spheric Guardian","floor":18.0,"turns":4.0},{"damage":19.0,"enemies":"Chosen","floor":21.0,"turns":4.0},{"damage":4.0,"enemies":"Shelled Parasite and Fungi","floor":22.0,"turns":2.0},{"damage":0.0,"enemies":"Book of Stabbing","floor":24.0,"turns":4.0},{"damage":10.0,"enemies":"Gremlin Leader","floor":27.0,"turns":3.0},{"damage":7.0,"enemies":"Automaton","floor":33.0,"turns":6.0},{"damage":15,"enemies":"3 Shapes","floor":35,"turns":4},{"damage":0,"enemies":"Mind Bloom Boss Battle","floor":36,"turns":2},{"damage":0,"enemies":"3 Darklings","floor":37,"turns":3},{"damage":4,"enemies":"Nemesis","floor":40,"turns":3},{"damage":0,"enemies":"Spire Growth","floor":42,"turns":2},{"damage":0,"enemies":"Reptomancer","floor":44,"turns":2},{"damage":38,"enemies":"Writhing Mass","floor":45,"turns":3},{"damage":39,"enemies":"Transient","floor":46,"turns":4},{"damage":1,"enemies":"Maw","floor":48,"turns":1},{"damage":202,"enemies":"FixerMidnight","floor":50,"turns":2}],"seed_played":"6092961713968882267","potions_obtained":[{"floor":1.0,"key":"Fire Potion"},{"floor":14.0,"key":"EntropicBrew"},{"floor":22.0,"key":"AttackPotion"},{"floor":42,"key":"SteroidPotion"},{"floor":46,"key":"SteroidPotion"}],"is_trial":false,"path_per_floor":["M","$","?","?","M","R","E","R","T","M","$","R","?","M","R","B",null,"M","$","?","M","M","R","E","R","T","E","?","$","$","T","R","B",null,"M","?","M","$","?","E","$","M","T","E","M","M","R","M","R","B"],"character_chosen":"Angela","items_purchased":["Meat on the Bone","TH:HealthInsurance","Membership Card","Orichalcum"],"campfire_rested":0,"item_purchase_floors":[19,29,38,38],"current_hp_per_floor":[70,70,63,63,62,62,50,56,56,70,70,74,74,74,78,33,82,59,59,59,66,68,83,92,98,98,100,100,100,100,100,102,102,106,110,116,122,122,122,124,124,134,134,140,136,130,158,164,164,0,0],"gold":159,"neow_bonus":"RANDOM_COMMON_RELIC","is_daily":false,"chose_seed":false,"campfire_upgraded":1,"win_rate":0.0,"timestamp":1608256948,"path_taken":["M","$","?","?","?","R","E","R","T","M","$","R","?","?","R","BOSS","M","$","?","M","M","R","E","R","T","E","?","?","$","?","R","BOSS","M","?","M","$","?","E","?","M","T","E","?","M","R","M","R","BOSS"],"items_purchased_type":["Relic","Relic","Relic","Relic"],"build_version":"2020-12-13","purchased_purges":0,"victory":false,"max_hp_per_floor":[70,70,70,70,70,70,70,70,70,74,74,74,74,78,78,82,82,86,86,86,90,94,94,98,98,98,102,102,102,102,102,102,106,106,110,116,122,122,122,128,128,134,134,140,152,158,158,164,164,166,166],"card_choices":[{"not_picked":["CrimsonScar","BearPaw"],"picked":"SKIP","floor":1.0},{"not_picked":["RedEyes","Wingbeat"],"picked":"SKIP","floor":5.0},{"not_picked":["TH:Mimic"],"picked":"TH:PixieDust","floor":7.0},{"not_picked":["FourthMatchFlame","BlackSwan_ego"],"picked":"SKIP","floor":7.0},{"not_picked":["TH:EnergyPotion"],"picked":"TH:BikiniMail","floor":9.0},{"not_picked":["CherryBlossom"],"picked":"Mimicry","floor":10.0},{"not_picked":["Scorched","Mercenary"],"picked":"CherryBlossoms","floor":10.0},{"not_picked":["Christmas","Hypocrisy"],"picked":"SKIP","floor":10.0},{"not_picked":["BlueScar","Harmony"],"picked":"Regret_ego","floor":14.0},{"not_picked":["MHz","PunishingBird","Freischutz"],"picked":"Singing Bowl","floor":14.0},{"not_picked":["Bloodbath","OldLady"],"picked":"OSAHOGD","floor":14.0},{"not_picked":["PunishingBird","Murderer","LittlePrince"],"picked":"Singing Bowl","floor":16.0},{"not_picked":["FairyFestival","BeautyBeast"],"picked":"GreedKing","floor":16.0},{"not_picked":["Adoration+1","CENSORED_ego+1"],"picked":"Twilight+1","floor":16.0},{"not_picked":["TH:CopperCoins"],"picked":"TH:TreasureMap","floor":16.0},{"not_picked":["Mimicry+1","ParadiseLost+1"],"picked":"GoldRush+1","floor":16.0},{"not_picked":["Wingbeat+1","Amita+1"],"picked":"Hornet+1","floor":18.0},{"not_picked":["LittlePrince","FairyFestival"],"picked":"BigBird","floor":18.0},{"not_picked":["SingingMachine","WallGazer"],"picked":"Wellcheers","floor":21.0},{"not_picked":["RedEyes+1","Gaze+1"],"picked":"LifeForTheDareDevil+1","floor":21.0},{"not_picked":["Beak+1","Penitence+1"],"picked":"Regret_ego+1","floor":21.0},{"not_picked":["PunishingBird","SpiderBud"],"picked":"VoidDream","floor":22.0},{"not_picked":["Beak+1","FrostShard+1","Harmony+1"],"picked":"SKIP","floor":22.0},{"not_picked":["Beak+1","FrostShard+1","Harmony+1"],"picked":"SKIP","floor":22.0},{"not_picked":["TH:DeckOfManyThings"],"picked":"TH:TreasureMap","floor":24.0},{"not_picked":["Lamp+1","BearPaw+1"],"picked":"FourthMatchFlame+1","floor":24.0},{"not_picked":["LongBird","HeroicMonk"],"picked":"Scarecrow","floor":24.0},{"not_picked":["TH:ArmorSpikes"],"picked":"TH:PixieDust","floor":26.0},{"not_picked":["LittlePrince","BeautyBeast","LittleHelper"],"picked":"Singing Bowl","floor":27.0},{"not_picked":["Murderer","Alriune"],"picked":"MeltingLove","floor":27.0},{"not_picked":["TH:ElvenBoots"],"picked":"TH:CopperCoins","floor":27.0},{"not_picked":["TheSmile+1","BlackSwan_ego+1"],"picked":"CENSORED_ego+1","floor":27.0},{"not_picked":["Loneliness+1","RedEyes+1","Horn+1"],"picked":"SKIP","floor":27.0},{"not_picked":["TH:ElvenBoots"],"picked":"TH:EnergyPotion","floor":31.0},{"not_picked":["UniverseFragment","DespairKnight","BigBadWolf"],"picked":"Singing Bowl","floor":33.0},{"not_picked":["Rudolta","BigBadWolf"],"picked":"MHz","floor":33.0},{"not_picked":["DaCapo+1","CENSORED_ego+1"],"picked":"Twilight+1","floor":33.0},{"not_picked":["TH:EnergyPotion"],"picked":"TH:CopperCoins","floor":33.0},{"not_picked":["Justitia+1","Twilight+1"],"picked":"GoldRush+1","floor":33.0},{"not_picked":["TheSmile+1","DaCapo+1"],"picked":"GoldRush+1","floor":33.0},{"not_picked":["LittleHelper","Bloodbath","NakedNest"],"picked":"Singing Bowl","floor":35},{"not_picked":["Murderer","QueenBee"],"picked":"FieryBird","floor":35},{"not_picked":["Horn+1","Loneliness+1"],"picked":"WristCuter+1","floor":35},{"not_picked":["RapturousDream+1","SoundOfStar+1"],"picked":"Soda+1","floor":35},{"not_picked":["SingingMachine","BeautyBeast"],"picked":"SilentOrchestra","floor":36},{"not_picked":["Gaze+1","SoundOfStar+1"],"picked":"Heaven+1","floor":36},{"not_picked":["Logging+1","Noise+1"],"picked":"CherryBlossom+1","floor":36},{"not_picked":["Diffraction+1","RapturousDream+1"],"picked":"LifeForTheDareDevil+1","floor":37},{"not_picked":["LongBird","DespairKnight"],"picked":"WallGazer","floor":37},{"not_picked":["RedEyes+1","SwordSharpenedByTears+1","Galaxy+1"],"picked":"SKIP","floor":37},{"not_picked":["BeautyBeast","Scorched"],"picked":"CherryBlossoms","floor":40},{"not_picked":["TH:EnergyPotion"],"picked":"TH:Mimic","floor":40},{"not_picked":["Spore+1","Lamp+1"],"picked":"WristCuter+1","floor":40},{"not_picked":["FeatherOfHonor+1","Lantern+1"],"picked":"FourthMatchFlame+1","floor":40},{"not_picked":["SpiderBud","FairyFestival"],"picked":"BodiesMountain","floor":42},{"not_picked":["CherryBlossom+1","Wingbeat+1"],"picked":"GoldRush+1","floor":42},{"not_picked":["CUTE+1","Lantern+1"],"picked":"Ecstasy+1","floor":42},{"not_picked":["TH:BikiniMail"],"picked":"TH:Mimic","floor":43},{"not_picked":["Rudolta","QueenBee","Yin"],"picked":"Singing Bowl","floor":44},{"not_picked":["SpiderBud","Variant"],"picked":"RedShoes","floor":44},{"not_picked":["TH:EnergyPotion"],"picked":"TH:Mimic","floor":44},{"not_picked":["Beak+1","RedEyes+1"],"picked":"FourthMatchFlame+1","floor":44},{"not_picked":["Pleasure+1","Gaze+1"],"picked":"Soda+1","floor":44},{"not_picked":["AdjustmentMirrorRelic","TheresiaRelic","ChangeAnythingRelic"],"picked":"Singing Bowl","floor":45},{"not_picked":["GalaxyChild","Bloodbath"],"picked":"CrumblingArmor","floor":45},{"not_picked":["BigBadWolf","SingingMachine"],"picked":"SnowQueen","floor":45},{"not_picked":["Horn+1","Lamp+1"],"picked":"Christmas+1","floor":45},{"not_picked":["Laetitia_ego+1","BearPaw+1"],"picked":"Penitence+1","floor":45},{"not_picked":["FairyFestival","UniverseFragment"],"picked":"SpiderBud","floor":46},{"not_picked":["InTheNameOfLoveAndHate+1","Diffraction+1"],"picked":"Lantern+1","floor":46},{"not_picked":["BearPaw+1","Horn+1"],"picked":"Gaze+1","floor":46},{"not_picked":["OldLady","QueenOfHatred"],"picked":"DespairKnight","floor":48},{"not_picked":["TodaysExpression+1","CUTE+1"],"picked":"GrinderMk4+1","floor":48},{"not_picked":["BloodyDesire+1","Noise+1"],"picked":"Adoration+1","floor":48}],"player_experience":1764463,"relics_obtained":[{"floor":7.0,"key":"Eternal Feather"},{"floor":9.0,"key":"Dream Catcher"},{"floor":24.0,"key":"Toxic Egg 2"},{"floor":26.0,"key":"Lantern"},{"floor":26.0,"key":"Centennial Puzzle"},{"floor":27.0,"key":"Smiling Mask"},{"floor":31.0,"key":"Ice Cream"},{"floor":31.0,"key":"PreservedInsect"},{"floor":36,"key":"Peace Pipe"},{"floor":40,"key":"Blue Candle"},{"floor":43,"key":"Sundial"},{"floor":44,"key":"Oddly Smooth Stone"}],"event_choices":[{"damage_healed":0.0,"max_hp_gain":0.0,"max_hp_loss":0.0,"gold_gain":0.0,"event_name":"Scrap Ooze","player_choice":"Success","floor":3.0,"gold_loss":0.0,"damage_taken":7.0,"relics_obtained":["HornCleat"]},{"damage_healed":0.0,"max_hp_gain":0.0,"max_hp_loss":0.0,"gold_gain":0.0,"event_name":"WeMeetAgain","player_choice":"Gave Potion","floor":4.0,"gold_loss":0.0,"damage_taken":0.0,"relics_obtained":["Blood Vial"]},{"damage_healed":0.0,"max_hp_gain":0.0,"max_hp_loss":0.0,"gold_gain":0.0,"event_name":"Wheel of Change","player_choice":"Cursed","floor":13.0,"gold_loss":0.0,"damage_taken":0.0,"cards_obtained":["Decay"]},{"damage_healed":0.0,"max_hp_gain":0.0,"max_hp_loss":0.0,"gold_gain":0.0,"event_name":"The Mausoleum","player_choice":"Opened","floor":20.0,"gold_loss":0.0,"damage_taken":0.0,"relics_obtained":["Matryoshka"],"cards_obtained":["Writhe"]},{"damage_healed":0.0,"max_hp_gain":0.0,"max_hp_loss":0.0,"gold_gain":0.0,"event_name":"Beggar","player_choice":"Ignored","floor":28.0,"gold_loss":0.0,"damage_taken":0.0},{"damage_healed":0,"gold_gain":0,"player_choice":"Fight","damage_taken":0,"max_hp_gain":0,"max_hp_loss":0,"event_name":"MindBloom","floor":36,"gold_loss":0},{"cards_removed":["SpecialBullet"],"damage_healed":0,"gold_gain":0,"player_choice":"Removed Attack","damage_taken":0,"max_hp_gain":0,"max_hp_loss":0,"event_name":"Falling","floor":39,"gold_loss":0}],"is_beta":false,"boss_relics":[{"not_picked":["Tiny House","Astrolabe"],"picked":"Runic Dome"},{"not_picked":["Runic Pyramid","Black Star"],"picked":"Cursed Key"}],"items_purged_floors":[],"is_endless":false,"potions_floor_spawned":[1,14,22,42,46],"killed_by":"FixerMidnight","ascension_level":1}}