{"host":"kav75jn2167pb2t0","time":1608319615,"event":{"mods":["AchievementEnabler","BaseMod","Colored Map","Colored Powertips","FTL Soundtrack","Minty Spire (QoL Compilation)","Quick Restart","StSLib","SuperFastMode"],"gold_per_floor":[115,115,115,40,53,84,104,104,186,186,196,226,252,272,272,272,272],"floor_reached":16,"playtime":489,"items_purged":["Defend_G"],"score":286,"play_id":"7f170da7-a1aa-4882-995d-e9e66d4c18aa","local_time":"20201218142655","is_ascension_mode":true,"campfire_choices":[{"data":"Die Die Die","floor":8.0,"key":"SMITH"},{"data":"Cloak And Dagger","floor":10.0,"key":"SMITH"},{"data":"Blade Dance","floor":15,"key":"SMITH"}],"circlet_count":0,"master_deck":["AscendersBane","Strike_G","Strike_G","Strike_G","Strike_G","Strike_G","Defend_G","Defend_G","Defend_G+1","Defend_G","Survivor","Neutralize","Cloak And Dagger+1","Cloak And Dagger+1","Die Die Die+1","Blade Dance+1","Escape Plan","Deflect"],"relics":["Ring of the Snake","NeowsBlessing","Question Card","Odd Mushroom","WingedGreaves","PreservedInsect"],"acts_visited":["Exordium"],"potions_floor_usage":[12,13,13],"damage_taken":[{"damage":0.0,"enemies":"Small Slimes","floor":1.0,"turns":1.0},{"damage":0.0,"enemies":"Jaw Worm","floor":5.0,"turns":1.0},{"damage":0.0,"enemies":"Lagavulin","floor":6.0,"turns":1.0},{"damage":5.0,"enemies":"The Mushroom Lair","floor":7.0,"turns":4.0},{"damage":0.0,"enemies":"2 Louse","floor":11.0,"turns":1.0},{"damage":15,"enemies":"3 Sentries","floor":12,"turns":7},{"damage":20,"enemies":"Gremlin Nob","floor":13,"turns":4},{"damage":0,"enemies":"Exordium Wildlife","floor":14,"turns":1},{"damage":38,"enemies":"Hexaghost","floor":16,"turns":9}],"seed_played":"-3048675215832844561","potions_obtained":[{"floor":5.0,"key":"Weak Potion"},{"floor":6.0,"key":"Regen Potion"},{"floor":12,"key":"Explosive Potion"}],"is_trial":false,"path_per_floor":["M","?","?","$","M","E","?","R","T","R","M","E","E","M","R","B"],"character_chosen":"THE_SILENT","items_purchased":[],"campfire_rested":0,"item_purchase_floors":[],"current_hp_per_floor":[59,39,61,61,61,61,56,56,56,56,56,56,36,36,36,0,0],"gold":272,"neow_bonus":"THREE_ENEMY_KILL","is_daily":false,"chose_seed":false,"campfire_upgraded":3,"win_rate":0.0,"timestamp":1608319615,"path_taken":["M","?","?","?","?","E","?","R","T","R","M","E","E","M","R","BOSS"],"items_purchased_type":[],"build_version":"2020-12-13","purchased_purges":1,"victory":false,"max_hp_per_floor":[66,66,66,66,66,66,66,66,66,66,66,66,66,66,66,66,66],"card_choices":[{"not_picked":["Well Laid Plans","Noxious Fumes"],"picked":"Cloak And Dagger","floor":1.0},{"not_picked":["Dodge and Roll","Underhanded Strike"],"picked":"Cloak And Dagger","floor":5.0},{"not_picked":["Cloak And Dagger","Slice"],"picked":"Die Die Die","floor":6.0},{"not_picked":["Slice","Underhanded Strike","Cloak And Dagger"],"picked":"Blade Dance","floor":11},{"not_picked":["Backflip","Backstab","Poisoned Stab"],"picked":"Escape Plan","floor":12},{"not_picked":["Backflip","Acrobatics","Sucker Punch","Dagger Spray"],"picked":"SKIP","floor":13},{"not_picked":["Cloak And Dagger","Bouncing Flask","Predator"],"picked":"Deflect","floor":14}],"player_experience":559557,"relics_obtained":[{"floor":6.0,"key":"Question Card"},{"floor":7.0,"key":"Odd Mushroom"},{"floor":12,"key":"WingedGreaves"},{"floor":13,"key":"PreservedInsect"}],"event_choices":[{"damage_healed":0.0,"max_hp_gain":0.0,"max_hp_loss":0.0,"gold_gain":0.0,"event_name":"Shining Light","player_choice":"Entered Light","floor":2.0,"gold_loss":0.0,"damage_taken":20.0,"cards_upgraded":["Cloak And Dagger","Defend_G"]},{"damage_healed":22.0,"max_hp_gain":0.0,"max_hp_loss":0.0,"gold_gain":0.0,"event_name":"Big Fish","player_choice":"Banana","floor":3.0,"gold_loss":0.0,"damage_taken":0.0},{"damage_healed":0.0,"max_hp_gain":0.0,"max_hp_loss":0.0,"gold_gain":0.0,"event_name":"Mushrooms","player_choice":"Fought Mushrooms","floor":7.0,"gold_loss":0.0,"damage_taken":0.0}],"is_beta":false,"boss_relics":[],"items_purged_floors":[4],"is_endless":false,"potions_floor_spawned":[5,6,12],"killed_by":"Hexaghost","ascension_level":20}}