{"host":"eez7vtcxu2i37lck","time":1608285214,"event":{"mods":["AchievementEnabler","BaseMod","Colored Map","Colored Powertips","Downfall","Hermit","Highlight Path","Hubris","Infinite Spire","Jorbs\u0027s Wanderer Trilogy","Minty Spire (QoL Compilation)","Quick Restart","Rare Cards Sparkle","Replay The Spire","Shop Mod","StSLib","The IronCluck"],"gold_per_floor":[112,112,187,187,205,205,263,263,263,288,67,84,94,106,106,203,203,220,220,220,220,239,239,271,271,342,342,342,357,386,386,386,481,481,500,500,500],"floor_reached":36,"playtime":1132,"items_purged":["Defend_G","Defend_G+1"],"score":423,"play_id":"0770a403-4e48-40c4-9b77-c5cf3db06961","local_time":"20201218045334","is_ascension_mode":false,"campfire_choices":[{"floor":6,"key":"REST"},{"floor":8,"key":"REST"},{"data":"infinitespire:FinalStrike","floor":15,"key":"SMITH"},{"data":"infinitespire:FinalStrike","floor":23,"key":"SMITH"},{"data":"Die Die Die","floor":25,"key":"SMITH"},{"data":"Fluid Movement","floor":27,"key":"SMITH"},{"data":"Survivor","floor":32,"key":"SMITH"}],"circlet_count":0,"master_deck":["Strike_G+1","Strike_G+1","Strike_G+1","Strike_G+1","Defend_G+1","Defend_G+1","Defend_G+1","Survivor+1","infinitespire:FinalStrike+1","Draining Mist+1","Die Die Die+1","Fluid Movement+1","infinitespire:FinalStrike+1","ReplayTheSpireMod:Haul","Dodge and Roll","Atom Bomb"],"relics":["Velvet Choker","Bag of Preparation","Replay:Baseball","Lantern","Lee\u0027s Waffle","hubris:Backtick","Another Sword","Question Card","Garlic","hubris:TinFlute","Art of War","Bottled Tornado","hubris:ScarierMask"],"acts_visited":["Exordium","TheCity","TheBeyond"],"potions_floor_usage":[16,36,36,36,36,36,36],"damage_taken":[{"damage":0,"enemies":"2 Louse","floor":1,"turns":4},{"damage":0,"enemies":"Jaw Worm","floor":5,"turns":1},{"damage":20,"enemies":"3 Sentries","floor":7,"turns":7},{"damage":2,"enemies":"Lagavulin","floor":10,"turns":5},{"damage":0,"enemies":"Small Slimes","floor":12,"turns":2},{"damage":3,"enemies":"Exordium Thugs","floor":13,"turns":4},{"damage":3,"enemies":"Exordium Wildlife","floor":14,"turns":3},{"damage":21,"enemies":"The Guardian","floor":16,"turns":8},{"damage":5,"enemies":"Shell Parasite","floor":18,"turns":3},{"damage":0,"enemies":"Spheric Guardian","floor":22,"turns":1},{"damage":10,"enemies":"Gremlin Leader","floor":24,"turns":3},{"damage":0,"enemies":"Shelled Parasite and Fungi","floor":29,"turns":2},{"damage":0,"enemies":"Nightmare","floor":30,"turns":4},{"damage":8,"enemies":"Champ","floor":33,"turns":4},{"damage":0,"enemies":"Orb Walker","floor":35,"turns":1},{"damage":0,"enemies":"infinitespire:Three Voidlings","floor":36,"turns":2},{"damage":77,"enemies":"Nightmare_Alpha","floor":36,"turns":5}],"seed_played":"-6657746682441146726","potions_obtained":[{"floor":5,"key":"SteroidPotion"},{"floor":7,"key":"Languid Potion"},{"floor":12,"key":"Toxic Potion"},{"floor":16,"key":"champ:CounterPotion"},{"floor":29,"key":"EntropicBrew"}],"is_trial":false,"path_per_floor":["M","?","?","?","M","R","?","R","T","E","$","M","M","M","R","B",null,"M","?","?","AVR","M","R","E","R","T","R","?","M","NM","T","R","B",null,"M","?"],"character_chosen":"THE_SILENT","items_purchased":["Lee\u0027s Waffle"],"campfire_rested":2,"item_purchase_floors":[11],"current_hp_per_floor":[70,70,59,43,43,64,44,65,65,63,77,77,74,71,71,50,77,72,72,72,72,72,72,62,62,62,62,62,62,62,62,62,54,77,77,0,0],"gold":500,"neow_bonus":"BOSS_RELIC","is_daily":false,"chose_seed":false,"campfire_upgraded":5,"win_rate":0.0,"timestamp":1608285214,"path_taken":["M","?","?","?","M","R","?","R","T","E","$","M","M","?","R","BOSS","M","?","?","AVR","M","R","E","R","T","R","?","?","NM","?","R","BOSS","M","?"],"items_purchased_type":["Relic"],"build_version":"2020-12-13","purchased_purges":2,"victory":false,"max_hp_per_floor":[70,70,70,70,70,70,70,70,70,70,77,77,77,77,77,77,77,77,77,77,77,77,77,77,77,77,77,77,77,77,77,77,77,77,77,77,77],"card_choices":[{"not_picked":["Escape Plan","Hidden Blade","Toxin Wave"],"picked":"SKIP","floor":1},{"not_picked":["infinitespire:FutureSight","ReplayTheSpireMod:Echoes of Time"],"picked":"infinitespire:FinalStrike","floor":4},{"not_picked":["Poisoned Stab","Blade Dance","Quick Slash"],"picked":"SKIP","floor":5},{"not_picked":["Blade Dance","Dodge and Roll"],"picked":"Draining Mist","floor":7},{"not_picked":["Distraction","Well Laid Plans","Cloak And Dagger"],"picked":"SKIP","floor":10},{"not_picked":["hubris:TrickCloak","Prepared","Cloak And Dagger"],"picked":"SKIP","floor":12},{"not_picked":["Slice","Bane"],"picked":"Die Die Die","floor":13},{"not_picked":["ReplayTheSpireMod:Shiv Toss","Deflect","Predator"],"picked":"SKIP","floor":14},{"not_picked":["Poisoned Stab","Blur","Fluid Movement"],"picked":"SKIP","floor":18},{"not_picked":["Poisoned Stab","Blur"],"picked":"Fluid Movement","floor":18},{"not_picked":["Masterful Stab","Blade Dance","Crippling Poison+1","Deflect"],"picked":"SKIP","floor":22},{"not_picked":["Blade Dance","Doppelganger","Catalyst","Flying Knee"],"picked":"SKIP","floor":24},{"not_picked":["Deadly Poison","ReplayTheSpireMod:Exploit Weakness","Noxious Fumes","Skewer+1"],"picked":"SKIP","floor":29},{"not_picked":["Deadly Poison+1","ReplayTheSpireMod:Tripwire","PiercingWail","Dodge and Roll+1"],"picked":"SKIP","floor":30},{"not_picked":["infinitespire:Neurotoxin","Doppelganger","Die Die Die"],"picked":"Atom Bomb","floor":33},{"not_picked":["Eviscerate","Deflect+1","Prepared","Sucker Punch"],"picked":"SKIP","floor":35}],"player_experience":218176,"relics_obtained":[{"floor":7,"key":"Bag of Preparation"},{"floor":9,"key":"Replay:Baseball"},{"floor":10,"key":"Lantern"},{"floor":24,"key":"Garlic"},{"floor":26,"key":"hubris:TinFlute"},{"floor":30,"key":"Art of War"},{"floor":31,"key":"Bottled Tornado"}],"event_choices":[{"damage_healed":0,"gold_gain":75,"player_choice":"Gather Gold","damage_taken":11,"max_hp_gain":0,"max_hp_loss":0,"event_name":"World of Goop","floor":3,"gold_loss":0},{"damage_healed":0,"gold_gain":0,"player_choice":"Searched \u00271\u0027 times","damage_taken":0,"max_hp_gain":0,"max_hp_loss":0,"event_name":"Dead Adventurer","floor":7,"gold_loss":0},{"damage_healed":0,"gold_gain":0,"player_choice":"Simplicity","damage_taken":0,"max_hp_gain":0,"max_hp_loss":0,"event_name":"Back to Basics","floor":20,"gold_loss":0,"cards_upgraded":["Strike_G","Strike_G","Strike_G","Strike_G","Defend_G","Defend_G","Defend_G","Defend_G"]},{"damage_healed":0,"gold_gain":0,"cards_transformed":["Neutralize"],"player_choice":"Transformed","damage_taken":0,"max_hp_gain":0,"max_hp_loss":0,"event_name":"Transmorgrifier","floor":28,"gold_loss":0,"cards_obtained":["Dodge and Roll"]}],"is_beta":false,"boss_relics":[{"not_picked":["Snecko Scales","hubris:BlackHole"],"picked":"hubris:Backtick"},{"not_picked":["Tiny House","SacredBark"],"picked":"hubris:ScarierMask"}],"items_purged_floors":[11,21],"is_endless":true,"potions_floor_spawned":[5,7,12,14,16,22,29,30],"killed_by":"Nightmare_Alpha","ascension_level":0}}