{"host":"egyxg9lnjq7g2hmw","time":1608259243,"event":{"mods":["AchievementEnabler","BaseMod","Block Reminder","Colored Map","Colored Powertips","Highlight Path","Minty Spire (QoL Compilation)","Rare Cards Sparkle","StSLib"],"gold_per_floor":[117,130,88,103,113,148,148,166,166,166,166,166,201,228,240,323,385,416,428,428],"floor_reached":19,"playtime":1321,"items_purged":[],"score":340,"play_id":"769451f8-76f5-4cd6-ae51-9350dd317e25","local_time":"20201217184043","is_ascension_mode":true,"campfire_choices":[{"floor":7.0,"key":"REST"},{"floor":12.0,"key":"REST"},{"data":"Eviscerate","floor":15.0,"key":"SMITH"}],"circlet_count":0,"master_deck":["AscendersBane","Strike_G","Strike_G","Strike_G","Strike_G","Defend_G","Defend_G","Defend_G","Defend_G","Defend_G","Survivor","Neutralize","Finesse","Eviscerate+1","Prepared","Phantasmal Killer","Caltrops","Masterful Stab+1","Acrobatics","Burst","Blur","Outmaneuver"],"relics":["Ring of the Snake","InkBottle","White Beast Statue","MawBank","Tiny House"],"acts_visited":["Exordium","TheCity"],"potions_floor_usage":[18],"damage_taken":[{"damage":0.0,"enemies":"2 Louse","floor":1.0,"turns":3.0},{"damage":1.0,"enemies":"Small Slimes","floor":2.0,"turns":5.0},{"damage":2.0,"enemies":"Cultist","floor":4.0,"turns":4.0},{"damage":0.0,"enemies":"2 Fungi Beasts","floor":5.0,"turns":4.0},{"damage":51.0,"enemies":"Gremlin Nob","floor":6.0,"turns":6.0},{"damage":2.0,"enemies":"3 Louse","floor":8.0,"turns":3.0},{"damage":10.0,"enemies":"3 Sentries","floor":13.0,"turns":8.0},{"damage":4.0,"enemies":"Exordium Wildlife","floor":14.0,"turns":5.0},{"damage":30.0,"enemies":"The Guardian","floor":16.0,"turns":15.0},{"damage":37,"enemies":"Chosen","floor":18,"turns":7},{"damage":26,"enemies":"Shell Parasite","floor":19,"turns":6}],"seed_played":"55311423967159461","potions_obtained":[{"floor":2.0,"key":"EntropicBrew"},{"floor":5.0,"key":"Regen Potion"},{"floor":13.0,"key":"EssenceOfSteel"},{"floor":14.0,"key":"Regen Potion"},{"floor":16.0,"key":"DuplicationPotion"},{"floor":17.0,"key":"Dexterity Potion"},{"floor":18,"key":"Fire Potion"}],"is_trial":false,"path_per_floor":["M","M","?","M","M","E","R","M","T","?","?","R","E","M","R","B",null,"M","M"],"character_chosen":"THE_SILENT","items_purchased":[],"campfire_rested":2,"item_purchase_floors":[],"current_hp_per_floor":[59,58,58,56,56,5,24,22,22,15,15,34,39,35,35,20,60,23,0,0],"gold":428,"neow_bonus":"RANDOM_COLORLESS","is_daily":false,"chose_seed":false,"campfire_upgraded":1,"win_rate":0.0,"timestamp":1608259243,"path_taken":["M","M","?","M","M","E","R","M","T","?","?","R","E","?","R","BOSS","M","M"],"items_purchased_type":[],"build_version":"2020-12-13","purchased_purges":0,"victory":false,"max_hp_per_floor":[66,66,66,66,66,66,66,66,66,66,66,66,66,66,66,66,71,71,71,71],"card_choices":[{"not_picked":["Purity","Mind Blast"],"picked":"Finesse","floor":0.0},{"not_picked":["Acrobatics","Blade Dance"],"picked":"Eviscerate","floor":1.0},{"not_picked":["Sucker Punch","Flying Knee"],"picked":"Prepared","floor":2.0},{"not_picked":["PiercingWail","Dodge and Roll"],"picked":"Phantasmal Killer","floor":4.0},{"not_picked":["Slice","Concentrate"],"picked":"Caltrops","floor":5.0},{"not_picked":["Deflect","Skewer"],"picked":"Masterful Stab","floor":6.0},{"not_picked":["Blade Dance","Dodge and Roll"],"picked":"Acrobatics","floor":8.0},{"not_picked":["Dodge and Roll","Grand Finale","Slice"],"picked":"SKIP","floor":13.0},{"not_picked":["Catalyst","Deflect"],"picked":"Blur","floor":14.0},{"not_picked":["Cloak And Dagger","Distraction"],"picked":"Outmaneuver","floor":17.0},{"not_picked":["Catalyst","Dagger Throw","Cloak And Dagger"],"picked":"SKIP","floor":18}],"player_experience":499339,"relics_obtained":[{"floor":6.0,"key":"InkBottle"},{"floor":9.0,"key":"White Beast Statue"},{"floor":13.0,"key":"MawBank"}],"event_choices":[{"damage_healed":0.0,"max_hp_gain":0.0,"max_hp_loss":0.0,"gold_gain":0.0,"event_name":"World of Goop","player_choice":"Left Gold","floor":3.0,"gold_loss":42.0,"damage_taken":0.0},{"cards_removed":["Strike_G"],"damage_healed":0.0,"max_hp_gain":0.0,"max_hp_loss":0.0,"gold_gain":0.0,"event_name":"Golden Wing","player_choice":"Card Removal","floor":10.0,"gold_loss":0.0,"damage_taken":7.0},{"damage_healed":0.0,"max_hp_gain":0.0,"max_hp_loss":0.0,"gold_gain":0.0,"event_name":"Match and Keep!","player_choice":"1 cards matched","floor":11.0,"gold_loss":0.0,"damage_taken":0.0,"cards_obtained":["Burst"]}],"is_beta":false,"boss_relics":[{"not_picked":["Fusion Hammer","Black Star"],"picked":"Tiny House"}],"items_purged_floors":[],"is_endless":false,"potions_floor_spawned":[2,5,13,14,16,18],"killed_by":"Shell Parasite","ascension_level":18}}