{"host":"jak4ncvfzor9mys0","time":1608264443,"event":{"mods":["2.2 Compatiblity","AchievementEnabler","BaseMod","Better Altar","Better Match","Better Note","Better Sensory Stone","Better Skull","Better Third Choice","BetterRewards","Block Reminder","Colored Map","Colored Powertips","Energized Spire","Gold Saver","Hubris","Infinite Spire","Key Reminder","Minty Spire (QoL Compilation)","Rare Cards Sparkle","Red Circlet Mod","Relic Sorter","Relic Stats","Replay The Spire","Retaliation","StSLib","SuperFastMode","The Blue Laboratory"],"gold_per_floor":[704,714,714,734,606,606,427,427,427,427,444,444,444,473,473,575,575,593,119,119,119,132,132,158,183,183,216,228,239,255,283,283,403,403,449,489,537,586,635,702,702,767,767,828,878,878,967,1042,1042,1042,1042],"floor_reached":50,"playtime":2501,"items_purged":["Gash","Strike_B","Strike_B"],"score":639,"play_id":"44161c0b-d8b6-4801-9d05-eff93a1aeac1","local_time":"20201217200723","is_ascension_mode":false,"campfire_choices":[{"data":"Zap","floor":6.0,"key":"SMITH"},{"data":"infinitespire:Oblivion","floor":8.0,"key":"SMITH"},{"data":"Dualcast","floor":10.0,"key":"SMITH"},{"data":"Go for the Eyes","floor":12.0,"key":"SMITH"},{"data":"BootSequence","floor":15.0,"key":"SMITH"},{"data":"Leap","floor":23.0,"key":"SMITH"},{"floor":32.0,"key":"REST"},{"floor":41,"key":"REST"},{"floor":46,"key":"REST"},{"data":"Streamline","floor":49,"key":"SMITH"}],"circlet_count":0,"master_deck":["Strike_B","Strike_B","Defend_B","Defend_B","Defend_B","Defend_B","Zap+1","Dualcast+1","Go for the Eyes+1","infinitespire:Oblivion+1","Ball Lightning","BootSequence+1","Streamline+1","Leap+1","Cold Snap","Redo+1","Chill","Glacier+1","Doom and Gloom+1","Leap+1","Leap"],"relics":["Cracked Core","hubris:Icosahedron","Ornamental Fan","hubris:Teleporter","Pen Nib","hubris:64BitClover","NeowsBlessing","ReplayTheSpireMod:Lightbulb","infinitespire:PuzzleCube","Sozu","Calipers","Golden Egg","Boot","Replay:Baseball","hubris:SphereOfDissonance","Molten Egg 2","infinitespire:EvilPickle","energizedSpire:OldTV","hubris:DisguiseKit","Blood Vial"],"acts_visited":["Exordium","TheCity","TheBeyond"],"potions_floor_usage":[40],"damage_taken":[{"damage":0.0,"enemies":"infinitespire:Voidling","floor":1.0,"turns":1.0},{"damage":0.0,"enemies":"Jaw Worm","floor":2.0,"turns":1.0},{"damage":0.0,"enemies":"2 Louse","floor":4.0,"turns":1.0},{"damage":0.0,"enemies":"Blue Slaver","floor":11.0,"turns":2.0},{"damage":1.0,"enemies":"Replay:BlueRogue","floor":14.0,"turns":4.0},{"damage":12.0,"enemies":"Slime Boss","floor":16.0,"turns":8.0},{"damage":0.0,"enemies":"3 Byrds","floor":18.0,"turns":3.0},{"damage":0.0,"enemies":"Shell Parasite","floor":22.0,"turns":4.0},{"damage":0.0,"enemies":"Gremlin Leader","floor":25.0,"turns":5.0},{"damage":14.0,"enemies":"Slavers","floor":27.0,"turns":4.0},{"damage":0.0,"enemies":"Chosen and Byrds","floor":28.0,"turns":4.0},{"damage":13.0,"enemies":"Snake Plant","floor":29.0,"turns":3.0},{"damage":0.0,"enemies":"Centurion and Healer","floor":30.0,"turns":5.0},{"damage":0.0,"enemies":"Nightmare","floor":31.0,"turns":5.0},{"damage":44.0,"enemies":"Pondfish","floor":33.0,"turns":14.0},{"damage":11.0,"enemies":"3 Shapes","floor":35.0,"turns":4.0},{"damage":0.0,"enemies":"Orb Walker","floor":36.0,"turns":2.0},{"damage":0.0,"enemies":"4 Shapes","floor":37.0,"turns":6.0},{"damage":0.0,"enemies":"Transient","floor":38.0,"turns":5.0},{"damage":7,"enemies":"Maw","floor":39,"turns":7},{"damage":25,"enemies":"Giant Head","floor":40,"turns":11},{"damage":3,"enemies":"Spire Growth","floor":42,"turns":3},{"damage":0,"enemies":"Transient","floor":44,"turns":5},{"damage":4,"enemies":"Mind Bloom Boss Battle","floor":45,"turns":5},{"damage":16,"enemies":"R_Hoarder","floor":47,"turns":9},{"damage":0,"enemies":"Writhing Mass","floor":48,"turns":6},{"damage":71,"enemies":"Time Eater","floor":50,"turns":14}],"seed_played":"3469081771611653687","potions_obtained":[{"floor":2.0,"key":"blueLaboratory:Moonshine"},{"floor":11.0,"key":"blueLaboratory:HummingbirdPotion"},{"floor":14.0,"key":"blueLaboratory:BubblePotion"}],"is_trial":false,"path_per_floor":["M","M","?","M","$","R","$","R","T","R","M","R","?","E","R","B",null,"M","$","?","T","M","R","T","E","T","E","M","M","M","NM","R","B",null,"M","M","M","M","M","E","R","M","T","M","?","R","E","M","R","B"],"character_chosen":"DEFECT","items_purchased":["Ball Lightning","BootSequence","Calipers","Leap"],"campfire_rested":3,"item_purchase_floors":[5,7,19,19],"current_hp_per_floor":[75,75,57,57,57,57,57,57,57,57,57,57,57,56,56,44,75,75,75,75,75,75,75,75,75,75,61,61,48,48,48,70,26,75,64,64,64,64,57,32,54,51,51,51,47,69,67,69,69,0,0],"gold":1042,"neow_bonus":"THREE_ENEMY_KILL","is_daily":false,"chose_seed":false,"campfire_upgraded":7,"win_rate":0.0,"timestamp":1608264443,"path_taken":["M","?","?","M","$","R","$","R","T","R","M","R","?","E","R","BOSS","M","$","?","?","M","R","?","E","T","E","M","M","M","NM","R","BOSS","M","M","M","M","M","E","R","M","T","M","?","R","E","M","R","BOSS"],"items_purchased_type":["Card","Card","Relic","Card"],"build_version":"2020-12-13","purchased_purges":3,"victory":false,"max_hp_per_floor":[75,75,75,75,75,75,75,75,75,75,75,75,75,75,75,75,75,75,75,75,75,75,75,75,75,75,75,75,75,75,75,75,75,75,75,75,75,75,75,75,75,75,75,75,75,75,75,75,75,75,75],"relic_stats":{"Sozu":4,"Blood Vial":4,"counters":[27,141],"Ornamental Fan":[72],"Pen Nib":[14],"Boot":[49],"obtain_stats":[{"Golden Egg":21,"hubris:DisguiseKit":43,"Calipers":19,"hubris:Teleporter":45,"NeowsBlessing":0,"hubris:64BitClover":27,"hubris:SphereOfDissonance":26,"Pen Nib":37,"Boot":24,"Sozu":17,"infinitespire:EvilPickle":33,"Blood Vial":47,"Replay:Baseball":25,"hubris:Icosahedron":13,"Ornamental Fan":40,"Molten Egg 2":31,"Cracked Core":0,"ReplayTheSpireMod:Lightbulb":9,"infinitespire:PuzzleCube":14,"energizedSpire:OldTV":34},{"Golden Egg":7,"hubris:DisguiseKit":22,"Calipers":7,"hubris:Teleporter":24,"NeowsBlessing":0,"hubris:64BitClover":10,"hubris:SphereOfDissonance":9,"Pen Nib":18,"Boot":8,"Sozu":6,"infinitespire:EvilPickle":15,"Blood Vial":25,"Replay:Baseball":9,"hubris:Icosahedron":4,"Ornamental Fan":21,"Molten Egg 2":14,"Cracked Core":0,"ReplayTheSpireMod:Lightbulb":3,"infinitespire:PuzzleCube":5,"energizedSpire:OldTV":15},{"Golden Egg":20,"hubris:DisguiseKit":102,"Calipers":20,"hubris:Teleporter":112,"NeowsBlessing":0,"hubris:64BitClover":33,"hubris:SphereOfDissonance":29,"Pen Nib":76,"Boot":24,"Sozu":17,"infinitespire:EvilPickle":64,"Blood Vial":121,"Replay:Baseball":29,"hubris:Icosahedron":5,"Ornamental Fan":99,"Molten Egg 2":50,"Cracked Core":0,"ReplayTheSpireMod:Lightbulb":3,"infinitespire:PuzzleCube":9,"energizedSpire:OldTV":64}]},"card_choices":[{"not_picked":["Leap","ReplayTheSpireMod:GoodbyeWorld"],"picked":"Gash","floor":1.0},{"not_picked":["Turbo","Stack"],"picked":"Go for the Eyes","floor":2.0},{"not_picked":["infinitespire:SealOfDarkness+","ReplayTheSpireMod:Haul"],"picked":"infinitespire:Oblivion","floor":3.0},{"not_picked":["Ball Lightning","Reinforced Body","Loop"],"picked":"SKIP","floor":4.0},{"not_picked":["BasicCrystalCard","Gash","Streamline"],"picked":"SKIP","floor":11.0},{"not_picked":["Hologram","ReplayTheSpireMod:System Scan","Beam Cell"],"picked":"SKIP","floor":14.0},{"not_picked":["Gash","Rip and Tear"],"picked":"Streamline","floor":18.0},{"not_picked":["Rip and Tear","Steam+1","Gash"],"picked":"SKIP","floor":22.0},{"not_picked":["White Noise+1","Turbo"],"picked":"Cold Snap","floor":25.0},{"not_picked":["Leap","Stack+1"],"picked":"Redo+1","floor":27.0},{"not_picked":["Ball Lightning","Core Surge"],"picked":"Chill","floor":28.0},{"not_picked":["ReplayTheSpireMod:Repulse+1","Undo","Panic Button"],"picked":"SKIP","floor":29.0},{"not_picked":["Redo+1","Coolheaded+1","Rebound"],"picked":"SKIP","floor":30.0},{"not_picked":["BasicCrystalCard","Stack","Redo+1"],"picked":"SKIP","floor":31.0},{"not_picked":["Hologram+1","Cold Snap+1"],"picked":"Glacier+1","floor":35.0},{"not_picked":["Force Field+1","Conserve Battery+1","Steam+1"],"picked":"SKIP","floor":36.0},{"not_picked":["Cold Snap+1","Hologram","Streamline+1"],"picked":"SKIP","floor":37.0},{"not_picked":["Gash+1","hubris:PowerSurge+1","Ball Lightning+1"],"picked":"SKIP","floor":38},{"not_picked":["Loop","Melter+1","Crystallizer+1"],"picked":"SKIP","floor":39},{"not_picked":["Streamline+1","Ball Lightning+1"],"picked":"Doom and Gloom+1","floor":40},{"not_picked":["Streamline+1","Blizzard+1"],"picked":"Leap+1","floor":42},{"not_picked":["Go for the Eyes+1","Gash+1","Panic Button+1","Ghostly Armor"],"picked":"SKIP","floor":44},{"not_picked":["Steam","Multi-Cast","DDmod:PokeAttack"],"picked":"Leap","floor":45},{"not_picked":["Heatsinks","Conserve Battery","Compile Driver+1","Twin Strike"],"picked":"SKIP","floor":47},{"not_picked":["Gash+1","Barrage+1","Recycle+1","Dual Wield"],"picked":"SKIP","floor":48}],"player_experience":2633648,"relics_obtained":[{"floor":9.0,"key":"ReplayTheSpireMod:Lightbulb"},{"floor":14.0,"key":"infinitespire:PuzzleCube"},{"floor":21.0,"key":"Golden Egg"},{"floor":24.0,"key":"Boot"},{"floor":25.0,"key":"Replay:Baseball"},{"floor":26.0,"key":"hubris:SphereOfDissonance"},{"floor":27.0,"key":"hubris:64BitClover"},{"floor":31.0,"key":"Molten Egg 2"},{"floor":37.0,"key":"Pen Nib"},{"floor":40,"key":"Ornamental Fan"},{"floor":43,"key":"hubris:DisguiseKit"},{"floor":45,"key":"hubris:Teleporter"},{"floor":47,"key":"Blood Vial"}],"event_choices":[{"damage_healed":0.0,"max_hp_gain":0.0,"max_hp_loss":0.0,"gold_gain":0.0,"event_name":"FaceTrader","player_choice":"Leave","floor":20.0,"gold_loss":0.0,"damage_taken":0.0},{"damage_healed":0,"gold_gain":0,"player_choice":"Fight","damage_taken":0,"max_hp_gain":0,"max_hp_loss":0,"event_name":"MindBloom","floor":45,"gold_loss":0}],"is_beta":false,"boss_relics":[{"not_picked":["Replay:Drink Me","energizedSpire:NeverEndingSparkler"],"picked":"Sozu"},{"not_picked":["Painkiller Herb","Honey Jar"],"picked":"energizedSpire:OldTV"}],"items_purged_floors":[5,7,19],"is_endless":true,"potions_floor_spawned":[2,11,14,25,29,30,35,38,44,45],"killed_by":"Time Eater","ascension_level":0}}