{"host":"c6uvvgqwlxq4k23y","time":1608322316,"event":{"mods":["BaseMod","CapriCore","DeckTracker","Hermit","Minty Spire (QoL Compilation)","StSLib","SuperFastMode"],"gold_per_floor":[109,120,130,141,154,154,169,195,219,169,169,34,34,34,34,134,134,150,32,44,57,57,57,57],"floor_reached":23,"playtime":423,"items_purged":[],"score":193,"play_id":"cffa85cd-1c6c-4323-8625-1b01e2f10ba8","local_time":"20201219051156","is_ascension_mode":false,"campfire_choices":[{"data":"Genetic Algorithm","floor":6.0,"key":"SMITH"},{"data":"Hologram","floor":11.0,"key":"SMITH"},{"data":"Coolheaded","floor":13.0,"key":"SMITH"},{"data":"Streamline","floor":15.0,"key":"SMITH"}],"circlet_count":0,"master_deck":["Strike_B","Defend_B","Defend_B","Defend_B","Defend_B","Zap","Dualcast","Gash","Streamline+1","Genetic Algorithm+1","Gash","Hologram+1","Coolheaded+1","Sweeping Beam","Core Surge","CurseOfTheBell","Hologram","Finesse","Rebound","Defragment","Self Repair+1","Ball Lightning","Rip and Tear"],"relics":["Cracked Core","Gremlin Horn","Calling Bell","Omamori","Mummified Hand","Turnip"],"acts_visited":["Exordium","TheCity"],"potions_floor_usage":[23,23],"damage_taken":[{"damage":1.0,"enemies":"Cultist","floor":1.0,"turns":3.0},{"damage":0.0,"enemies":"2 Louse","floor":2.0,"turns":3.0},{"damage":1.0,"enemies":"Jaw Worm","floor":3.0,"turns":3.0},{"damage":4.0,"enemies":"3 Louse","floor":4.0,"turns":4.0},{"damage":3.0,"enemies":"Exordium Wildlife","floor":5.0,"turns":4.0},{"damage":5.0,"enemies":"Looter","floor":7.0,"turns":3.0},{"damage":23.0,"enemies":"Gremlin Nob","floor":8.0,"turns":4.0},{"damage":7.0,"enemies":"Slime Boss","floor":16.0,"turns":7.0},{"damage":13.0,"enemies":"Spheric Guardian","floor":18.0,"turns":4.0},{"damage":26.0,"enemies":"2 Thieves","floor":20.0,"turns":4.0},{"damage":21.0,"enemies":"Snake Plant","floor":21.0,"turns":6.0},{"damage":28,"enemies":"Slavers","floor":23,"turns":2}],"seed_played":"1859772421662578295","potions_obtained":[{"floor":5.0,"key":"EssenceOfSteel"},{"floor":7.0,"key":"Explosive Potion"},{"floor":8.0,"key":"BlessingOfTheForge"},{"floor":16.0,"key":"BlessingOfTheForge"},{"floor":20.0,"key":"PotionOfCapacity"},{"floor":21.0,"key":"Energy Potion"}],"is_trial":false,"path_per_floor":["M","M","M","M","M","R","M","E","T","?","R","$","R","$","R","B",null,"M","$","M","M","?","E"],"character_chosen":"DEFECT","items_purchased":["Core Surge","Finesse","Rebound"],"campfire_rested":0,"item_purchase_floors":[12,19,19],"current_hp_per_floor":[81,81,80,76,73,73,68,45,45,45,45,45,45,45,45,38,82,69,69,43,22,22,0,0],"gold":57,"neow_bonus":"TEN_PERCENT_HP_BONUS","is_daily":false,"chose_seed":false,"campfire_upgraded":4,"win_rate":0.0,"timestamp":1608322316,"path_taken":["M","M","?","M","M","R","M","E","T","?","R","$","R","$","R","BOSS","M","$","M","M","?","E"],"items_purchased_type":["Card","Card","Card"],"build_version":"2020-12-13","purchased_purges":0,"victory":false,"max_hp_per_floor":[82,82,82,82,82,82,82,82,82,82,82,82,82,82,82,82,82,82,82,82,82,82,82,82],"card_choices":[{"not_picked":["Conserve Battery","Blizzard"],"picked":"Gash","floor":1.0},{"not_picked":["Barrage","Fusion"],"picked":"Streamline","floor":2.0},{"not_picked":["Turbo","Coolheaded"],"picked":"Genetic Algorithm","floor":3.0},{"not_picked":["Self Repair","Creative AI"],"picked":"Gash","floor":4.0},{"not_picked":["Compile Driver","Coolheaded"],"picked":"Hologram","floor":5.0},{"not_picked":["Redo","Barrage"],"picked":"Coolheaded","floor":7.0},{"not_picked":["Rebound","Thunder Strike"],"picked":"Sweeping Beam","floor":8.0},{"not_picked":["BootSequence+1","Chaos"],"picked":"Hologram","floor":18.0},{"not_picked":["Sunder","Consume"],"picked":"Defragment","floor":20.0},{"not_picked":["Rebound+1","Loop+1"],"picked":"Self Repair+1","floor":21.0}],"player_experience":326177,"relics_obtained":[{"floor":8.0,"key":"Gremlin Horn"},{"floor":17.0,"key":"Omamori"},{"floor":17.0,"key":"Mummified Hand"},{"floor":17.0,"key":"Turnip"}],"event_choices":[{"cards_removed":["Strike_B"],"damage_healed":0.0,"max_hp_gain":0.0,"max_hp_loss":0.0,"gold_gain":0.0,"event_name":"The Cleric","player_choice":"Card Removal","floor":10.0,"gold_loss":50.0,"damage_taken":0.0},{"damage_healed":0.0,"max_hp_gain":0.0,"max_hp_loss":0.0,"gold_gain":0.0,"cards_transformed":["Strike_B","Strike_B"],"event_name":"Drug Dealer","player_choice":"Became Test Subject","floor":22.0,"gold_loss":0.0,"damage_taken":0.0,"cards_obtained":["Ball Lightning","Rip and Tear"]}],"is_beta":false,"boss_relics":[{"not_picked":["Cursed Key","Velvet Choker"],"picked":"Calling Bell"}],"items_purged_floors":[],"is_endless":false,"potions_floor_spawned":[5,7,8,16,20,21],"killed_by":"Slavers","ascension_level":0}}