{"host":"nn0usk9aafse27ii","time":1608306188,"event":{"mods":["BaseMod","Colored Map","Highlight Path","Minty Spire (QoL Compilation)","Replay The Spire","Shop Mod","StSLib"],"gold_per_floor":[112,37,53,63,63,63,78,78,91,91,91,91,120,132,150,178,190,299,311,333,345,374,399,421,433,158,174,201,2,20,32,65,85,85,183,183,198,214,214,231,231,231,256,256,256,256,256,256,276,310,310,310,310,310,22,52,52,52],"floor_reached":57,"playtime":7350,"items_purged":["Strike_G","Strike_B","Defend_P"],"score":823,"play_id":"ef3e433e-d9d0-4a62-98a8-5777e5c9c3ef","local_time":"20201218074308","is_ascension_mode":false,"campfire_choices":[{"data":"Crow Ritual","floor":8.0,"key":"SMITH"},{"data":"Steam Power","floor":10.0,"key":"SMITH"},{"data":"Zap","floor":12.0,"key":"SMITH"},{"floor":17.0,"key":"REST"},{"floor":25.0,"key":"RECALL"},{"data":"Reboot","floor":34.0,"key":"SMITH"},{"data":"Panic Button","floor":42.0,"key":"SMITH"},{"data":"Turbo","floor":44.0,"key":"SMITH"},{"data":"Beam Cell","floor":46.0,"key":"SMITH"},{"data":"Core Surge","floor":51.0,"key":"SMITH"},{"data":"All For One","floor":51.0,"key":"SMITH"},{"data":"Dualcast","floor":54.0,"key":"SMITH"},{"data":"BootSequence","floor":54.0,"key":"SMITH"}],"circlet_count":0,"master_deck":["Defend_B+1","Defend_B","Defend_B","Defend_B","Zap+1","Dualcast+1","Crow Ritual+1","Compile Driver","Steam Power+1","Beam Cell+1","Steam+1","Sweeping Beam","Sweeping Beam","Conserve Battery","All For One+1","Core Surge+1","Go for the Eyes+1","Go for the Eyes","Hologram+1","BootSequence+1","Scrape+1","Reboot+1","Fission+1","Panic Button+1","Turbo+1","Looming Evil","Turbo+1","BootSequence+1"],"relics":["Cracked Core","Letter Opener","Matryoshka","MawBank","Replay:Drink Me","Medical Kit","Bag of Marbles","Happy Flower","Replay:Wax Seal","Replay:Bronze Core","Darkstone Periapt","DataDisk","Ring of Peace","Replay:Arrowhead","Strange Spoon","Pen Nib","War Paint"],"acts_visited":["Exordium","TheCity","TheBeyond","TheEnding"],"potions_floor_usage":[57],"damage_taken":[{"damage":9.0,"enemies":"Cultist","floor":1.0,"turns":4.0},{"damage":0.0,"enemies":"Small Slimes","floor":3.0,"turns":3.0},{"damage":1.0,"enemies":"2 Louse","floor":4.0,"turns":2.0},{"damage":2.0,"enemies":"Looter","floor":7.0,"turns":4.0},{"damage":1.0,"enemies":"2 Fungi Beasts","floor":9.0,"turns":3.0},{"damage":7.0,"enemies":"3 Sentries","floor":13.0,"turns":4.0},{"damage":0.0,"enemies":"Exordium Wildlife","floor":14.0,"turns":2.0},{"damage":7.0,"enemies":"3 Louse","floor":15.0,"turns":2.0},{"damage":20.0,"enemies":"Lagavulin","floor":16.0,"turns":4.0},{"damage":18.0,"enemies":"Fading Forest","floor":18.0,"turns":11.0},{"damage":1.0,"enemies":"Chosen","floor":20.0,"turns":3.0},{"damage":4.0,"enemies":"3 Byrds","floor":22.0,"turns":3.0},{"damage":2.0,"enemies":"Snake Plant","floor":23.0,"turns":4.0},{"damage":0.0,"enemies":"Cultist and Chosen","floor":24.0,"turns":4.0},{"damage":2.0,"enemies":"Shelled Parasite and Fungi","floor":27.0,"turns":4.0},{"damage":2.0,"enemies":"Snecko","floor":30.0,"turns":5.0},{"damage":0.0,"enemies":"Chosen and Byrds","floor":31.0,"turns":3.0},{"damage":3.0,"enemies":"Gremlin Leader","floor":32.0,"turns":5.0},{"damage":7.0,"enemies":"Snake Plant","floor":33.0,"turns":3.0},{"damage":33.0,"enemies":"Automaton","floor":35.0,"turns":8.0},{"damage":6.0,"enemies":"3 Shapes","floor":37.0,"turns":2.0},{"damage":0.0,"enemies":"3 Darklings","floor":38.0,"turns":4.0},{"damage":0.0,"enemies":"4 Shapes","floor":40.0,"turns":3.0},{"damage":4.0,"enemies":"R_Hoarder","floor":43.0,"turns":4.0},{"damage":0.0,"enemies":"Maw","floor":49.0,"turns":3.0},{"damage":0.0,"enemies":"Nemesis","floor":50.0,"turns":3.0},{"damage":20.0,"enemies":"Time Eater","floor":52.0,"turns":4.0},{"damage":0.0,"enemies":"Shield and Spear","floor":56.0,"turns":7.0},{"damage":99,"enemies":"The Heart","floor":57,"turns":9}],"seed_played":"-3074758548537603680","potions_obtained":[{"floor":3.0,"key":"SteroidPotion"},{"floor":7.0,"key":"Explosive Potion"},{"floor":14.0,"key":"Elixir"},{"floor":16.0,"key":"Death Potion"},{"floor":18.0,"key":"Dexterity Potion"},{"floor":32.0,"key":"FairyPotion"},{"floor":56.0,"key":"Reflective Coating"}],"is_trial":false,"path_per_floor":["M","$","M","M","PTL","PTL","M","R","M","R","T","R","E","M","M","E","R","B",null,"M","?","M","M","M","R","$","M","T","$","M","M","E","M","R","B",null,"M","M","?","M","$","R","E","R","T","R","$","?","M","E","R","B",null,"R","$","E","B"],"character_chosen":"DEFECT","items_purchased":["Medical Kit","Go for the Eyes+1","LiquidMemories","Strange Spoon","Pen Nib"],"campfire_rested":1,"item_purchase_floors":[26,26,29,55,55],"current_hp_per_floor":[66,66,66,65,65,65,63,63,62,62,62,62,55,55,48,28,50,32,57,56,56,52,50,50,50,50,48,48,48,46,46,43,36,36,3,57,51,51,51,51,51,51,54,54,54,54,54,60,60,60,60,40,63,63,63,63,0,0],"gold":52,"neow_bonus":"RANDOM_COLORLESS_2","is_daily":false,"chose_seed":false,"campfire_upgraded":11,"win_rate":0.0,"timestamp":1608306188,"path_taken":["M","$","M","M","PTL","PTL","M","R","M","R","T","R","E","?","?","E","R","BOSS","M","?","M","?","M","R","?","M","T","$","M","M","E","M","R","BOSS","M","M","?","?","?","R","E","R","T","R","$","?","M","E","R","BOSS","R","$","E","BOSS"],"items_purchased_type":["Relic","Card","Potion","Relic","Relic"],"build_version":"2020-12-13","purchased_purges":3,"victory":false,"max_hp_per_floor":[75,75,75,75,75,75,75,75,75,75,75,75,75,75,75,75,75,75,57,57,57,57,57,57,57,57,57,57,57,57,57,57,57,57,57,57,57,57,57,57,57,57,57,57,57,57,57,63,63,63,63,63,63,63,63,63,63,63],"card_choices":[{"not_picked":["Transmutation","Midas Touch"],"picked":"Crow Ritual","floor":0.0},{"not_picked":["Consume","Gash"],"picked":"Compile Driver","floor":1.0},{"not_picked":["Leap","Rebound"],"picked":"Steam Power","floor":3.0},{"not_picked":["ReplayTheSpireMod:System Scan","ReplayTheSpireMod:Calculation Training"],"picked":"Beam Cell","floor":4.0},{"not_picked":["Beam Cell","Barrage"],"picked":"Steam","floor":7.0},{"not_picked":["Barrage","Glacier"],"picked":"Sweeping Beam","floor":9.0},{"not_picked":["Genetic Algorithm","ReplaySolidLightProjector"],"picked":"Sweeping Beam","floor":13.0},{"not_picked":["Go for the Eyes","Stack"],"picked":"Conserve Battery","floor":14.0},{"not_picked":["Coolheaded","Loop"],"picked":"All For One","floor":15.0},{"not_picked":["Compile Driver","Cold Snap","Fusion"],"picked":"SKIP","floor":16.0},{"not_picked":["Thunder Strike","Mirror Shield"],"picked":"Core Surge","floor":18.0},{"not_picked":["ReplayTheSpireMod:Calculation Training","Beam Cell","Panic Button+1"],"picked":"SKIP","floor":20.0},{"not_picked":["Go for the Eyes","Beam Cell+1","Steam"],"picked":"SKIP","floor":22.0},{"not_picked":["Sunder","Redo","Leap"],"picked":"SKIP","floor":23.0},{"not_picked":["Cold Snap","Turbo+1","Barrage+1"],"picked":"SKIP","floor":24.0},{"not_picked":["Compile Driver+1","Tempest"],"picked":"Go for the Eyes","floor":27.0},{"not_picked":["Panic Button","Coolheaded"],"picked":"Hologram+1","floor":30.0},{"not_picked":["Defragment","Chill"],"picked":"BootSequence","floor":31.0},{"not_picked":["Lockon","ReplaySolidLightProjector"],"picked":"Scrape+1","floor":32.0},{"not_picked":["Rebound","Panic Button"],"picked":"Reboot","floor":33.0},{"not_picked":["Electrodynamics","ReplayTheSpireMod:Fabricate Wheel"],"picked":"Fission","floor":35.0},{"not_picked":["Doom and Gloom","Glacier","Streamline+1"],"picked":"SKIP","floor":37.0},{"not_picked":["Coolheaded+1","Beam Cell","Hologram+1"],"picked":"SKIP","floor":38.0},{"not_picked":["Chill","Genetic Algorithm+1"],"picked":"Panic Button","floor":40.0},{"not_picked":["ReplayTheSpireMod:System Scan+1","Go for the Eyes"],"picked":"Turbo","floor":43.0},{"not_picked":["Beam Cell","Auto Shields+1"],"picked":"Turbo+1","floor":49.0},{"not_picked":["Aggregate","Cold Snap"],"picked":"BootSequence+1","floor":50.0},{"not_picked":["ReplayTheSpireMod:Reroute Power","Compile Driver+1","Leap+1"],"picked":"SKIP","floor":56.0}],"player_experience":320338,"relics_obtained":[{"floor":11.0,"key":"Letter Opener"},{"floor":13.0,"key":"Matryoshka"},{"floor":16.0,"key":"MawBank"},{"floor":28.0,"key":"Bag of Marbles"},{"floor":28.0,"key":"Happy Flower"},{"floor":32.0,"key":"Replay:Wax Seal"},{"floor":43.0,"key":"Darkstone Periapt"},{"floor":45.0,"key":"DataDisk"},{"floor":48.0,"key":"Ring of Peace"},{"floor":50.0,"key":"Replay:Arrowhead"},{"floor":56.0,"key":"War Paint"}],"event_choices":[{"damage_healed":0.0,"max_hp_gain":0.0,"max_hp_loss":0.0,"gold_gain":0.0,"event_name":"The Woman in Blue","player_choice":"Bought 0 Potions","floor":21.0,"gold_loss":0.0,"damage_taken":0.0},{"damage_healed":0.0,"max_hp_gain":0.0,"max_hp_loss":0.0,"gold_gain":0.0,"event_name":"Accursed Blacksmith","player_choice":"Forge","floor":39.0,"gold_loss":0.0,"damage_taken":0.0,"cards_upgraded":["Fission"]}],"is_beta":false,"boss_relics":[{"not_picked":["Painkiller Herb","SacredBark"],"picked":"Replay:Drink Me"},{"not_picked":["SlaversCollar","Snecko Eye"],"picked":"Replay:Bronze Core"}],"items_purged_floors":[2,26,29],"is_endless":false,"potions_floor_spawned":[3,7,14,16,18,22,27,32,35,38,43,56],"killed_by":"The Heart","ascension_level":0}}