{"host":"gcgybqvjrjs283ro","time":1608311508,"event":{"mods":["BaseMod","Beaked The Cultist","Downfall","GifTheSpireLib","Glutton Mod","Hermit","Jorbs\u0027s Wanderer Trilogy","Minty Spire (QoL Compilation)","READ ME - Guardian Mod","READ ME - Snecko Mod","Replay The Spire","Shade Mod","StSLib","The Construct","The Cursed","The Death Knight","The Disciple","The Jungle","The Mystic","The Necromancer","The Runesmith","vexMod"],"gold_per_floor":[109,127,127,44,22,52,52,65,88,98,116,136,165,184,184,288,288,298,314,327,167,186,186,195,222,222,222,34,52,52,63,63,146,146,162,173,173,173],"floor_reached":37,"playtime":3188,"items_purged":[],"score":482,"play_id":"2be94a1e-6197-4f5f-ad4e-3eedc492cfca","local_time":"20201218181148","is_ascension_mode":false,"campfire_choices":[{"data":"Shade:TouchOfTheGrave","floor":7,"key":"SMITH"},{"floor":15,"key":"DIG"},{"floor":23,"key":"REST"},{"floor":32,"key":"REST"}],"circlet_count":0,"master_deck":["Shade:AnimateDead","Shade:CarefulCut","Shade:Bonestorm","Shade:CallOfTheGrave","Shade:ExtraLimbs","Shade:Frenzy","Shade:TouchOfTheGrave+1","Shade:FuneraryJewels","Shade:SoulToxin","Shade:Asphyxiate","Shade:UnbarTheGrave","Shade:AuraOfUnlife","Shade:CommandSoldier","Shade:GreaterAnimation","Shade:FleshLikeOak","Shade:PoundOfFlesh","Shade:Trample","Shade:StitchTogether","Shade:WallOfFlesh","Shade:Asphyxiate","Shade:FreshBones","Shade:AncientSpear+1","Shade:RavenousHorde","Shade:FingerOfDeath","Bite","Bite","Bite","Bite","Bite","Shade:DangerousRitual","Shade:DangerousRitual","Shade:FleshToFlesh","Shade:AuraOfUnlife","Shade:OminousRitual","Shade:Carnophage","Shade:AnimateDead","Shade:GreyBargain+1","Shade:AncientSpear+1","Shade:Putrefaction","Shade:AuraOfUnlife","Shade:FleshToFlesh","Shade:Frenzy","Shade:Coordination","Shade:CommandSoldier+1","Shade:Frenzy+1"],"relics":["Shade:YorickSkull","NeowsBlessing","Omamori","ReplayFunnel","Anchor","Dream Catcher","Mango","vexMod:DeviousBotling","ReplayTheSpireMod:Lightbulb","Question Card","Pandora\u0027s Box"],"acts_visited":["Exordium","TheCity","TheBeyond"],"potions_floor_usage":[12,16,18,25,29,33,33,36],"damage_taken":[{"damage":0,"enemies":"Small Slimes","floor":1,"turns":1},{"damage":0,"enemies":"Cultist","floor":2,"turns":1},{"damage":0,"enemies":"Replay:BlueRogue","floor":6,"turns":1},{"damage":4,"enemies":"Jaw Worm","floor":8,"turns":3},{"damage":0,"enemies":"Exordium Wildlife","floor":10,"turns":3},{"damage":0,"enemies":"Gremlin Gang","floor":11,"turns":2},{"damage":0,"enemies":"Lots of Slimes","floor":12,"turns":3},{"damage":11,"enemies":"3 Sentries","floor":13,"turns":4},{"damage":0,"enemies":"3 Louse","floor":14,"turns":5},{"damage":6,"enemies":"Fading Forest","floor":16,"turns":11},{"damage":8,"enemies":"Shell Parasite","floor":18,"turns":4},{"damage":0,"enemies":"Chosen","floor":19,"turns":5},{"damage":14,"enemies":"Snecko","floor":20,"turns":4},{"damage":0,"enemies":"Chosen and Byrds","floor":22,"turns":5},{"damage":6,"enemies":"Snake Plant","floor":24,"turns":5},{"damage":22,"enemies":"Gremlin Leader","floor":25,"turns":7},{"damage":18,"enemies":"Centurion and Healer","floor":29,"turns":6},{"damage":0,"enemies":"Shelled Parasite and Fungi","floor":31,"turns":5},{"damage":36,"enemies":"Champ","floor":33,"turns":10},{"damage":3,"enemies":"Orb Walker","floor":35,"turns":3},{"damage":40,"enemies":"3 Darklings","floor":36,"turns":6},{"damage":35,"enemies":"Maw","floor":37,"turns":8}],"seed_played":"6486225356083235644","potions_obtained":[{"floor":2,"key":"Ancient Potion"},{"floor":6,"key":"LiquidMemories"},{"floor":8,"key":"Swift Potion"},{"floor":11,"key":"Flashbang"},{"floor":13,"key":"Dexterity Potion"},{"floor":14,"key":"Weak Potion"},{"floor":20,"key":"DeathKnight:RimePotion"},{"floor":29,"key":"AttackPotion"},{"floor":31,"key":"Fire Potion"},{"floor":33,"key":"Elixir"},{"floor":35,"key":"Weak Potion"}],"is_trial":false,"path_per_floor":["M","M","?","$","$","E","R","M","T","M","M","M","E","M","R","B",null,"M","M","M","$","M","R","M","E","T","?","$","M","?","M","R","B",null,"M","M","M"],"character_chosen":"SHADE","items_purchased":["Shade:CallOfTheGrave","Shade:ExtraLimbs","Shade:Frenzy","Shade:StitchTogether","Shade:WallOfFlesh","Shade:Asphyxiate","Shade:DangerousRitual","Shade:FleshToFlesh","Shade:AuraOfUnlife"],"campfire_rested":2,"item_purchase_floors":[4,4,5,21,21,21,28,28,28],"current_hp_per_floor":[65,65,65,65,65,65,65,61,61,61,61,61,50,50,64,68,79,71,71,57,57,64,79,73,51,51,51,51,41,41,45,55,23,55,53,15,0,0],"gold":173,"neow_bonus":"THREE_ENEMY_KILL","is_daily":false,"chose_seed":false,"campfire_upgraded":1,"win_rate":0.0,"timestamp":1608311508,"path_taken":["M","M","?","?","$","E","R","M","T","M","M","M","E","?","R","BOSS","M","M","M","$","M","R","M","E","T","?","$","M","?","?","R","BOSS","M","M","?"],"items_purchased_type":["Card","Card","Card","Card","Card","Card","Card","Card","Card"],"build_version":"2020-12-13","purchased_purges":0,"victory":false,"max_hp_per_floor":[65,65,65,65,65,65,65,65,65,65,65,65,65,65,79,79,79,79,79,79,79,79,79,79,79,79,55,55,55,55,55,55,55,55,55,55,55,55],"card_choices":[{"not_picked":["Shade:ExtraLimbs","Shade:Patience"],"picked":"Shade:Bonestorm","floor":1},{"not_picked":["Shade:Haruspicy","Shade:GreyBargain"],"picked":"Shade:ExtraLimbs","floor":2},{"not_picked":["Shade:CommandSoldier","Shade:FeralStrike"],"picked":"Shade:TouchOfTheGrave","floor":6},{"not_picked":["Shade:BoneShards","Shade:FleshOffering"],"picked":"Shade:FuneraryJewels","floor":8},{"not_picked":["Shade:FuneraryJewels","Shade:ExtraLimbs"],"picked":"Shade:SoulToxin","floor":10},{"not_picked":["Shade:GreyBargain","Shade:BoneShards"],"picked":"Shade:Asphyxiate","floor":11},{"not_picked":["Shade:FingerOfDeath","Shade:FleshToFlesh"],"picked":"Shade:UnbarTheGrave","floor":12},{"not_picked":["Shade:Trample","Shade:GoDigging"],"picked":"Shade:AuraOfUnlife","floor":13},{"not_picked":["Shade:Haruspicy","Shade:BoneShards"],"picked":"Shade:CommandSoldier","floor":14},{"not_picked":["Shade:OminousRitual","Shade:LastGasp"],"picked":"Shade:GreaterAnimation","floor":16},{"not_picked":["Shade:GraveStillness","Shade:ExtraLimbs"],"picked":"Shade:FleshLikeOak","floor":18},{"not_picked":["Shade:SkeletonHug","Shade:AncientSpear"],"picked":"Shade:PoundOfFlesh","floor":19},{"not_picked":["Shade:SpontaneousRitual","Shade:SkeletonHug"],"picked":"Shade:Trample","floor":20},{"not_picked":["Shade:RitualOffering","Shade:FeralStrike"],"picked":"Shade:FreshBones","floor":22},{"not_picked":["Shade:TouchOfTheGrave+1","Shade:ExtraLimbs"],"picked":"Shade:AncientSpear+1","floor":23},{"not_picked":["Shade:Brains","Shade:FleshToFlesh"],"picked":"Shade:RavenousHorde","floor":24},{"not_picked":["Shade:Premonition","Shade:CommandSoldier"],"picked":"Shade:FingerOfDeath","floor":25},{"not_picked":["Shade:Bonestorm","Shade:DangerousRitual+1","Shade:Bite_Shade"],"picked":"Shade:OminousRitual","floor":29},{"not_picked":["Shade:SpontaneousRitual","Shade:Asphyxiate","Shade:Premonition+1"],"picked":"Shade:GreyBargain+1","floor":31},{"not_picked":["Shade:GreyBargain","Shade:LyeBath","Shade:Bonestorm"],"picked":"Shade:AncientSpear+1","floor":32},{"not_picked":["Shade:DarkOfNight","Shade:OneIsEnough","Shade:OminousRitual"],"picked":"Shade:Putrefaction","floor":33},{"not_picked":["Shade:FleshToFlesh+1","Shade:CloudOfShrapnel","Shade:CoffinDance"],"picked":"Shade:CommandSoldier+1","floor":35},{"not_picked":["Shade:CoffinDance+1","Shade:Patience+1","Shade:GraveStillness"],"picked":"Shade:Frenzy+1","floor":36}],"player_experience":152163,"relics_obtained":[{"floor":6,"key":"ReplayFunnel"},{"floor":9,"key":"Anchor"},{"floor":13,"key":"Dream Catcher"},{"floor":15,"key":"Mango"},{"floor":25,"key":"ReplayTheSpireMod:Lightbulb"},{"floor":26,"key":"Question Card"}],"event_choices":[{"cards_removed":["Shade:ExtraLimbs"],"damage_healed":0,"gold_gain":0,"player_choice":"Gave Card","damage_taken":0,"relics_obtained":["Omamori"],"max_hp_gain":0,"max_hp_loss":0,"event_name":"WeMeetAgain","floor":3,"gold_loss":0},{"damage_healed":0,"gold_gain":0,"player_choice":"Became a vampire","damage_taken":0,"max_hp_gain":0,"max_hp_loss":24,"event_name":"Vampires","floor":27,"gold_loss":0,"cards_obtained":["Bite","Bite","Bite","Bite","Bite"]},{"damage_healed":0,"gold_gain":0,"player_choice":"2 cards matched","damage_taken":0,"max_hp_gain":0,"max_hp_loss":0,"event_name":"Match and Keep!","floor":30,"gold_loss":0,"cards_obtained":["Shade:Carnophage","Shade:AnimateDead"]}],"is_beta":false,"boss_relics":[{"not_picked":["beaked:MawFillet","Replay:Bronze Core"],"picked":"vexMod:DeviousBotling"},{"not_picked":["Runic Dome","Replay:Drink Me"],"picked":"Pandora\u0027s Box"}],"items_purged_floors":[],"is_endless":false,"potions_floor_spawned":[2,6,8,11,13,14,20,29,31,33,35],"killed_by":"Maw","ascension_level":0}}