{"host":"4lebci84u2l5u89t","time":1608330472,"event":{"mods":["AchievementEnabler","Aspiration","Bard","BaseMod","Beaked The Cultist","Better Altar","Better Match","Better Note","Better Sensory Stone","Better Skull","Better Third Choice","BetterRewards","CCEM","Colored Map","Conspire","Downfall","GifTheSpireLib","Googly Eyes","Halation","Hermit","Highlight Path","Hubris","Hunter ??","Jedi Mod","Jorbs\u0027s Wanderer Trilogy","Lobotomy","Mad Scientist","Marisa????????","Mimic Mod","Minty Spire (QoL Compilation)","Permanent Neow","Replay The Spire","Shade Mod","Spicy Shops","StSLib","Stuff the Spire","Unceasing Turn Reminder"],"gold_per_floor":[110,210,227,227,241,268,268,47,120,133,133,241,261,381,381,381,381],"floor_reached":16,"playtime":1706,"items_purged":[],"score":120,"play_id":"f54e69a4-fef4-4c7a-bc54-d5d3d3bdfea8","local_time":"20201218232752","is_ascension_mode":false,"campfire_choices":[{"data":"stsjorbsmod:MistyStep","floor":7,"key":"SMITH"},{"floor":15,"key":"REST"}],"circlet_count":0,"master_deck":["stsjorbsmod:ForbiddenGrimoire+1","stsjorbsmod:Strike_Wanderer","stsjorbsmod:Strike_Wanderer","stsjorbsmod:Strike_Wanderer","stsjorbsmod:Strike_Wanderer","stsjorbsmod:Defend_Wanderer","stsjorbsmod:Defend_Wanderer","stsjorbsmod:Defend_Wanderer","stsjorbsmod:FreshAdventure","stsjorbsmod:EyeOfTheStorm","stsjorbsmod:MageArmor","GalaxyChild","stsjorbsmod:HedgeWizard","stsjorbsmod:SmithingStrike","stsjorbsmod:MistyStep+1","MeatLantern","stsjorbsmod:ArcaneWeapon","stsjorbsmod:ChatteringStrike","stsjorbsmod:Stalwart","stsjorbsmod:MageArmor","VoidDream","stsjorbsmod:RefuseToForget","NakedNest","stsjorbsmod:ArcaneWeapon"],"relics":["stsjorbsmod:GrimoireRelic","CogitoBucket","CCEMRelics:DissonantTune","StuffTheSpire:TintedRock","Shuriken","Gremlin Horn","AdjustmentMirror","StuffTheSpire:GrapeVine"],"acts_visited":["Exordium"],"potions_floor_usage":[13,14,14,14],"damage_taken":[{"damage":3,"enemies":"Small Slimes","floor":1,"turns":3},{"damage":0,"enemies":"Cultist","floor":3,"turns":4},{"damage":0,"enemies":"Jaw Worm","floor":5,"turns":4},{"damage":22,"enemies":"Lagavulin","floor":6,"turns":9},{"damage":0,"enemies":"Large Slime","floor":10,"turns":5},{"damage":7,"enemies":"3 Sentries","floor":12,"turns":6},{"damage":5,"enemies":"Blue Slaver","floor":13,"turns":2},{"damage":31,"enemies":"Gremlin Nob","floor":14,"turns":5},{"damage":42,"enemies":"The Guardian","floor":16,"turns":1}],"seed_played":"-6749765143269414849","potions_obtained":[{"floor":3,"key":"SpeedPotion"},{"floor":5,"key":"hexamod:EctoCoolerPotion"},{"floor":12,"key":"Dexterity Potion"},{"floor":13,"key":"LifebloodPotion"}],"is_trial":false,"path_per_floor":["M","?","M","?","M","E","R","$","T","M","?","E","M","E","R","B"],"character_chosen":"WANDERER","items_purchased":["StuffTheSpire:TintedRock","stsjorbsmod:ArcaneWeapon","stsjorbsmod:ChatteringStrike"],"campfire_rested":1,"item_purchase_floors":[8,8,8],"current_hp_per_floor":[67,67,68,68,68,46,46,46,46,48,48,42,38,8,28,0,0],"gold":381,"neow_bonus":"","is_daily":false,"chose_seed":false,"campfire_upgraded":1,"win_rate":0.0,"timestamp":1608330472,"path_taken":["M","?","?","?","M","E","R","$","T","?","?","E","?","E","R","BOSS"],"items_purchased_type":["Relic","Card","Card"],"build_version":"2020-12-13","purchased_purges":0,"victory":false,"max_hp_per_floor":[68,68,68,68,68,68,68,68,68,68,68,68,68,68,68,68,68],"card_choices":[{"not_picked":["stsjorbsmod:ParryingBlow","stsjorbsmod:Prepare"],"picked":"stsjorbsmod:MageArmor","floor":1},{"not_picked":["OSAHOGD","Scorched"],"picked":"GalaxyChild","floor":1},{"not_picked":["stsjorbsmod:Prestidigitation","stsjorbsmod:Materialize"],"picked":"stsjorbsmod:HedgeWizard","floor":3},{"not_picked":["stsjorbsmod:WanderingMind","stsjorbsmod:Hibernate"],"picked":"stsjorbsmod:SmithingStrike","floor":5},{"not_picked":["stsjorbsmod:Message","stsjorbsmod:BurningFlask"],"picked":"stsjorbsmod:MistyStep","floor":6},{"not_picked":["OSAHOGD","Bloodbath"],"picked":"MeatLantern","floor":6},{"not_picked":["stsjorbsmod:Message","stsjorbsmod:TrueStrike"],"picked":"stsjorbsmod:Stalwart","floor":10},{"not_picked":["stsjorbsmod:Rediscovery","stsjorbsmod:Index"],"picked":"stsjorbsmod:MageArmor","floor":12},{"not_picked":["QueenBee","ShyLook"],"picked":"VoidDream","floor":12},{"not_picked":["stsjorbsmod:BurningFlask","stsjorbsmod:Message"],"picked":"stsjorbsmod:RefuseToForget","floor":13},{"not_picked":["CrumblingArmor","Porccubus"],"picked":"NakedNest","floor":14},{"not_picked":["stsjorbsmod:WanderingMind","stsjorbsmod:FlameWard"],"picked":"stsjorbsmod:ArcaneWeapon","floor":14}],"player_experience":263884,"relics_obtained":[{"floor":6,"key":"CCEMRelics:DissonantTune"},{"floor":9,"key":"Shuriken"},{"floor":12,"key":"Gremlin Horn"},{"floor":14,"key":"StuffTheSpire:GrapeVine"}],"event_choices":[{"damage_healed":0,"gold_gain":100,"player_choice":"Pray","damage_taken":0,"max_hp_gain":0,"max_hp_loss":0,"event_name":"Golden Shrine","floor":2,"gold_loss":0},{"cards_removed":["stsjorbsmod:Defend_Wanderer"],"damage_healed":0,"gold_gain":0,"player_choice":"Purged","damage_taken":0,"max_hp_gain":0,"max_hp_loss":0,"event_name":"Purifier","floor":4,"gold_loss":0},{"damage_healed":0,"gold_gain":0,"player_choice":"Bought 0 Potions","damage_taken":0,"max_hp_gain":0,"max_hp_loss":0,"event_name":"The Woman in Blue","floor":11,"gold_loss":0}],"is_beta":false,"boss_relics":[],"items_purged_floors":[],"is_endless":false,"potions_floor_spawned":[3,5,12,13],"killed_by":"The Guardian","ascension_level":0}}