{"host":"6he3f0ic6yesrium","time":1608250308,"event":{"mods":["BaseMod","Better Altar","Better Match","Better Note","Better Sensory Stone","Better Skull","Better Third Choice","Colored Map","Conspire","Hermit","Hubris","Marisa????????","Mimic Mod","Minty Spire (QoL Compilation)","Replay The Spire","Shade Mod","StSLib","The Alterego","The Runesmith"],"gold_per_floor":[216,216,231,231,244,279,279,314,338,338,370,388,388,405,405,405,405],"floor_reached":16,"playtime":588,"items_purged":[],"score":126,"play_id":"0ff4b471-fa1e-463e-a8da-073b5c22b565","local_time":"20201217191148","is_ascension_mode":true,"campfire_choices":[{"floor":7,"key":"REST"},{"floor":10,"key":"REST"},{"floor":13,"key":"REST"},{"data":"alterego_mod:Exercise","floor":15,"key":"SMITH"}],"circlet_count":0,"master_deck":["alterego_mod:Strike","alterego_mod:Strike","alterego_mod:Strike","alterego_mod:Strike","alterego_mod:Defend","alterego_mod:Defend","alterego_mod:Defend","alterego_mod:Defend","alterego_mod:Impale","alterego_mod:BigMeatyClaws","alterego_mod:BrynhildrsRune+1","alterego_mod:Exercise+1","alterego_mod:Birthday","Burn","alterego_mod:Bounce","alterego_mod:Venus","alterego_mod:Clones","alterego_mod:Birthday"],"relics":["alterego_mod:MasochisticConstitution","hubris:TenFootPole","ReplayTheSpireMod:Lightbulb","Blood Vial","Gremlin Food"],"acts_visited":["Exordium"],"potions_floor_usage":[6,8,16],"damage_taken":[{"damage":19.0,"enemies":"Jaw Worm","floor":1.0,"turns":4.0},{"damage":5.0,"enemies":"2 Louse","floor":3.0,"turns":2.0},{"damage":0.0,"enemies":"Small Slimes","floor":5.0,"turns":3.0},{"damage":20,"enemies":"3 Sentries","floor":6,"turns":4},{"damage":56,"enemies":"Lagavulin","floor":8,"turns":9},{"damage":8,"enemies":"Gremlin Nob","floor":11,"turns":3},{"damage":12,"enemies":"Exordium Wildlife","floor":12,"turns":3},{"damage":12,"enemies":"Looter","floor":14,"turns":3},{"damage":53,"enemies":"Hexaghost","floor":16,"turns":7}],"seed_played":"-813186963404126178","potions_obtained":[{"floor":3.0,"key":"SkillPotion"},{"floor":5.0,"key":"Block Potion"},{"floor":11,"key":"Dexterity Potion"}],"is_trial":false,"path_per_floor":["M","?","M","?","M","E","R","E","T","R","E","M","R","M","R","B"],"character_chosen":"The_Alterego","items_purchased":[],"campfire_rested":3,"item_purchase_floors":[],"current_hp_per_floor":[52,57,53,53,55,38,61,8,8,31,26,26,50,43,43,0,0],"gold":405,"neow_bonus":"HUNDRED_GOLD","is_daily":false,"chose_seed":false,"campfire_upgraded":1,"win_rate":0.0,"timestamp":1608250308,"path_taken":["M","?","M","?","M","E","R","E","T","R","E","M","R","M","R","BOSS"],"items_purchased_type":[],"build_version":"2020-12-13","purchased_purges":0,"victory":false,"max_hp_per_floor":[71,76,77,77,77,78,78,79,79,79,80,81,81,82,82,82,82],"card_choices":[{"not_picked":["alterego_mod:HighServant","alterego_mod:Collar"],"picked":"alterego_mod:Exercise","floor":1.0},{"not_picked":["alterego_mod:Complex","alterego_mod:Belle"],"picked":"alterego_mod:Birthday","floor":3.0},{"not_picked":["alterego_mod:Complex","alterego_mod:Bloomers","alterego_mod:Crossover"],"picked":"SKIP","floor":5.0},{"not_picked":["alterego_mod:MagicResistance","alterego_mod:Complex"],"picked":"alterego_mod:Bounce","floor":6},{"not_picked":["alterego_mod:RidiculouslyBig","alterego_mod:Rip"],"picked":"alterego_mod:Venus","floor":8},{"not_picked":["alterego_mod:Santa","alterego_mod:Table","alterego_mod:PurpleHair"],"picked":"SKIP","floor":11},{"not_picked":["alterego_mod:Bloomers","alterego_mod:Maid"],"picked":"alterego_mod:Clones","floor":12},{"not_picked":["alterego_mod:Schoolgirl","alterego_mod:PresenceConcealment"],"picked":"alterego_mod:Birthday","floor":14}],"player_experience":295967,"relics_obtained":[{"floor":6,"key":"hubris:TenFootPole"},{"floor":8,"key":"ReplayTheSpireMod:Lightbulb"},{"floor":9,"key":"Blood Vial"},{"floor":11,"key":"Gremlin Food"}],"event_choices":[{"damage_healed":0.0,"max_hp_gain":5.0,"max_hp_loss":0.0,"gold_gain":0.0,"event_name":"Big Fish","player_choice":"Donut","floor":2.0,"gold_loss":0.0,"damage_taken":0.0},{"damage_healed":53.0,"max_hp_gain":0.0,"max_hp_loss":77.0,"gold_gain":0.0,"event_name":"betterThird:BetterShining","player_choice":"Embrace Burn","floor":4.0,"gold_loss":0.0,"damage_taken":0.0}],"is_beta":false,"boss_relics":[],"items_purged_floors":[],"is_endless":false,"potions_floor_spawned":[3,5,11],"killed_by":"Hexaghost","ascension_level":1}}