{"host":"gbop6m4qugddaz18","time":1608318771,"event":{"mods":["2.2 Compatiblity","BaseMod","Better Third Choice","Block Reminder","Downfall","GifTheSpireLib","Highlight Path","Minty Spire (QoL Compilation)","Replay The Spire","StSLib"],"gold_per_floor":[15,15,26,45,57,91,91,120,145,26,26,43,43,43],"floor_reached":13,"playtime":529,"items_purged":[],"score":100,"play_id":"979d37c9-3db0-4acb-8cce-c51a696a5ec7","local_time":"20201218141251","is_ascension_mode":true,"campfire_choices":[{"floor":7,"key":"REST"}],"circlet_count":0,"master_deck":["Strike_B+1","Strike_B","Strike_B","Defend_B","Defend_B+1","Defend_B","Defend_B","Zap","Dualcast","Fusion","Leap","Gash","Redo","BootSequence","Electrodynamics","ReplayTheSpireMod:IOU","Self Repair","Leap"],"relics":["Cracked Core","Cables","Replay:Wax Seal","Pen Nib","Potion Belt"],"acts_visited":["Exordium"],"potions_floor_usage":[13,13],"damage_taken":[{"damage":0,"enemies":"2 Louse","floor":1,"turns":3},{"damage":6,"enemies":"Jaw Worm","floor":3,"turns":4},{"damage":1,"enemies":"Cultist","floor":4,"turns":4},{"damage":14,"enemies":"2 Fungi Beasts","floor":5,"turns":4},{"damage":30,"enemies":"Lagavulin","floor":6,"turns":7},{"damage":27,"enemies":"Gremlin Nob","floor":8,"turns":5},{"damage":0,"enemies":"Exordium Wildlife","floor":12,"turns":2},{"damage":36,"enemies":"Lagavulin","floor":13,"turns":3}],"seed_played":"-7806324514383854154","potions_obtained":[{"floor":5,"key":"FearPotion"},{"floor":8,"key":"champ:CounterPotion"}],"is_trial":false,"path_per_floor":["M","?","M","M","M","E","R","E","T","$","?","M","E"],"character_chosen":"DEFECT","items_purchased":["Potion Belt","Self Repair"],"campfire_rested":1,"item_purchase_floors":[10,10],"current_hp_per_floor":[89,71,65,64,50,20,46,19,19,19,19,19,0,0],"gold":43,"neow_bonus":"TWENTY_PERCENT_HP_BONUS","is_daily":false,"chose_seed":false,"campfire_upgraded":0,"win_rate":0.0,"timestamp":1608318771,"path_taken":["M","?","M","M","M","E","R","E","T","$","?","?","E"],"items_purchased_type":["Relic","Card"],"build_version":"2020-12-13","purchased_purges":0,"victory":false,"max_hp_per_floor":[89,89,89,89,89,89,89,89,89,89,89,89,89,89],"card_choices":[{"not_picked":["Streamline","Beam Cell"],"picked":"Fusion","floor":1},{"not_picked":["Sunder","Steam"],"picked":"Leap","floor":3},{"not_picked":["Panic Button","All For One"],"picked":"Gash","floor":4},{"not_picked":["Beam Cell","FIFO Queue"],"picked":"Redo","floor":5},{"not_picked":["FIFO Queue","Undo"],"picked":"BootSequence","floor":6},{"not_picked":["Darkness","Streamline"],"picked":"Electrodynamics","floor":8},{"not_picked":["Hologram","Steam"],"picked":"Leap","floor":12}],"player_experience":458831,"relics_obtained":[{"floor":6,"key":"Cables"},{"floor":8,"key":"Replay:Wax Seal"},{"floor":9,"key":"Pen Nib"}],"event_choices":[{"damage_healed":89,"gold_gain":0,"player_choice":"Upgrade","damage_taken":18,"max_hp_gain":0,"max_hp_loss":89,"event_name":"betterThird:BetterShining","floor":2,"gold_loss":0,"cards_upgraded":["Defend_B","Strike_B"]},{"cards_removed":["Strike_B"],"damage_healed":0,"gold_gain":0,"player_choice":"Card Removal","damage_taken":0,"max_hp_gain":0,"max_hp_loss":0,"event_name":"Wheel of Change","floor":11,"gold_loss":0}],"is_beta":false,"boss_relics":[],"items_purged_floors":[],"is_endless":false,"potions_floor_spawned":[5,8],"killed_by":"Lagavulin","ascension_level":1}}