{"host":"ou23awlgcm0pi7o1","time":1608329937,"event":{"mods":["BaseMod","Colored Map","Downfall","Minty Spire (QoL Compilation)","StSLib","Unceasing Turn Reminder"],"gold_per_floor":[99,249,174,201,6,31,55,67,67,95,110,122,222,222,235,330,330,255,273,273,273,6,6,6,40,40,75,75,7,26,46,66,170,170,95,80,93,106,119,135,135,160,76,76,76,76,87,53,72,72,72,107,96,96,96],"floor_reached":56,"playtime":3854,"items_purged":["Slimebound:Icky","champ:Strike"],"score":1963,"play_id":"434ff265-383a-4732-8d4d-f74dff850854","local_time":"20201218221857","is_ascension_mode":true,"campfire_choices":[{"floor":1,"key":"RECALL"},{"data":"champ:Execute","floor":3,"key":"SMITH"},{"data":"champ:DefensiveStyle","floor":9,"key":"SMITH"},{"data":"champ:EnGarde","floor":18,"key":"SMITH"},{"data":"champ:Control","floor":21,"key":"SMITH"},{"data":"champ:Taunt","floor":23,"key":"SMITH"},{"data":"champ:Control","floor":26,"key":"SMITH"},{"data":"champ:SkillfulDodge","floor":35,"key":"SMITH"},{"data":"champ:Taunt","floor":44,"key":"SMITH"},{"data":"champ:TornadoPunch","floor":54,"key":"SMITH"}],"circlet_count":0,"master_deck":["champ:Strike","champ:Strike","champ:Strike","champ:Defend+1","champ:Defend","champ:Defend+1","champ:Defend","champ:Execute+1","champ:Taunt+1","champ:Circumvent","champ:DefensiveStyle+1","champ:Backstep","champ:TornadoPunch+1","champ:EnGarde+1","champ:BringItOn","champ:Control+1","Mayhem","champ:Control+1","champ:SkillfulDodge+1","champ:Taunt+1","champ:DefensiveStyle","champ:Circumvent","champ:Backstep+1","champ:Circumvent","champ:TornadoPunch+1"],"relics":["Busted Crown","downfall:HeartBlessingRed","Shuriken","Bottled Lightning","Oddly Smooth Stone","Kunai","CloakClasp","Sozu","downfall:HeartBlessingGreen","Matryoshka","Bag of Marbles","champ:ChampionCrownUpgraded","downfall:HeartBlessingBlue","CeramicFish","Peace Pipe","The Courier","OrangePellets","Ancient Tea Set","hexamod:BolsterEngine","Lantern","TungstenRod","Pen Nib"],"acts_visited":["Exordium","TheCity","TheBeyond","TheEnding"],"potions_floor_usage":[10,55,55,55],"damage_taken":[{"damage":41,"enemies":"Lagavulin","floor":4,"turns":7},{"damage":15,"enemies":"downfall:FleeingMerchant","floor":5,"turns":4},{"damage":11,"enemies":"3 Sentries","floor":6,"turns":7},{"damage":5,"enemies":"Small Slimes","floor":8,"turns":3},{"damage":8,"enemies":"Gremlin Nob","floor":10,"turns":6},{"damage":0,"enemies":"2 Louse","floor":11,"turns":2},{"damage":0,"enemies":"Jaw Worm","floor":12,"turns":3},{"damage":11,"enemies":"Jaw Worm","floor":13,"turns":9},{"damage":0,"enemies":"Lots of Slimes","floor":15,"turns":1},{"damage":24,"enemies":"downfall:Silent","floor":16,"turns":10},{"damage":1,"enemies":"3 Byrds","floor":19,"turns":4},{"damage":5,"enemies":"downfall:FleeingMerchant","floor":22,"turns":4},{"damage":3,"enemies":"Slavers","floor":25,"turns":5},{"damage":0,"enemies":"Book of Stabbing","floor":27,"turns":4},{"damage":8,"enemies":"downfall:FleeingMerchant","floor":29,"turns":4},{"damage":5,"enemies":"Sentry and Sphere","floor":30,"turns":3},{"damage":0,"enemies":"Snecko","floor":31,"turns":2},{"damage":0,"enemies":"Cultist and Chosen","floor":32,"turns":6},{"damage":5,"enemies":"downfall:Watcher","floor":33,"turns":6},{"damage":46,"enemies":"downfall:FleeingMerchant","floor":36,"turns":4},{"damage":15,"enemies":"Orb Walker","floor":37,"turns":2},{"damage":14,"enemies":"3 Shapes","floor":38,"turns":5},{"damage":20,"enemies":"Jaw Worm Horde","floor":39,"turns":4},{"damage":13,"enemies":"Sphere and 2 Shapes","floor":40,"turns":5},{"damage":20,"enemies":"Nemesis","floor":42,"turns":8},{"damage":15,"enemies":"downfall:FleeingMerchant","floor":43,"turns":2},{"damage":23,"enemies":"Maw","floor":47,"turns":5},{"damage":14,"enemies":"Spire Growth","floor":49,"turns":3},{"damage":38,"enemies":"downfall:Defect","floor":50,"turns":8},{"damage":77,"enemies":"downfall:CharBossMerchant","floor":52,"turns":11},{"damage":16,"enemies":"downfall:NeowBoss","floor":55,"turns":28}],"seed_played":"3958210521475078913","potions_obtained":[{"floor":6,"key":"AttackPotion"},{"floor":11,"key":"Energy Potion"},{"floor":12,"key":"sneckomod:MuddlingPotion"},{"floor":13,"key":"LiquidBronze"},{"floor":15,"key":"Fire Potion"}],"is_trial":false,"path_per_floor":["R","?","R","E","$","E","T","M","R","E","M","M","?","?","M","B",null,"R","M","?","R","$","R","T","E","R","E","?","$","M","M","M","B",null,"R","$","M","M","M","M","T","E","$","R","T","?","M","$","M","B",null,"E","$","R","B",null],"character_chosen":"THE_CHAMP","items_purchased":["champ:DefensiveStyle","champ:Backstep","Mayhem","champ:Control","champ:Circumvent","OrangePellets","Ancient Tea Set","hexamod:BolsterEngine","champ:Circumvent","champ:TornadoPunch"],"campfire_rested":0,"item_purchase_floors":[5,5,22,22,29,43,43,43,48,53],"current_hp_per_floor":[90,90,90,64,59,58,58,58,58,55,55,55,49,49,49,33,90,90,89,89,89,89,89,89,86,86,86,86,86,86,86,90,90,90,100,100,100,100,100,99,99,95,95,95,95,95,94,94,100,85,100,71,71,71,80],"gold":96,"neow_bonus":"BOSS_RELIC","is_daily":false,"chose_seed":false,"campfire_upgraded":9,"win_rate":0.0,"timestamp":1608329937,"path_taken":["R","?","R","E","$","E","T","M","R","E","M","M","?","?","M","BOSS","R","M","?","R","$","R","T","E","R","E","?","$","M","M","M","BOSS","R","$","?","M","M","M","T","E","$","R","?","?","?","?","M","BOSS","E","$","R","BOSS"],"items_purchased_type":["Card","Card","Card","Card","Card","Relic","Relic","Relic","Card","Card"],"build_version":"2020-12-13","purchased_purges":2,"victory":true,"max_hp_per_floor":[90,90,90,90,90,90,90,90,90,90,90,90,90,90,90,90,90,90,90,90,90,90,90,90,90,90,90,90,90,90,90,90,90,90,100,100,100,100,100,100,100,100,100,100,100,100,100,100,100,100,100,100,100,100,100],"card_choices":[{"not_picked":[],"picked":"champ:Circumvent","floor":4},{"not_picked":["champ:PerfectedStrike"],"picked":"SKIP","floor":5},{"not_picked":["champ:LastStand"],"picked":"SKIP","floor":6},{"not_picked":["champ:Encircle"],"picked":"SKIP","floor":8},{"not_picked":["champ:FanOfKnives"],"picked":"SKIP","floor":10},{"not_picked":[],"picked":"champ:TornadoPunch","floor":11},{"not_picked":[],"picked":"champ:EnGarde","floor":12},{"not_picked":[],"picked":"champ:BringItOn","floor":13},{"not_picked":["champ:BringItOn"],"picked":"SKIP","floor":15},{"not_picked":[],"picked":"champ:Control","floor":19},{"not_picked":["champ:AdrenalArmor"],"picked":"SKIP","floor":22},{"not_picked":[],"picked":"champ:SkillfulDodge","floor":25},{"not_picked":["champ:PerfectedStrike+1"],"picked":"SKIP","floor":27},{"not_picked":["champ:BringItOn"],"picked":"SKIP","floor":29},{"not_picked":["champ:EnragedBash"],"picked":"SKIP","floor":30},{"not_picked":["champ:Backstep+1"],"picked":"SKIP","floor":31},{"not_picked":["champ:BladeFlurry"],"picked":"SKIP","floor":32},{"not_picked":["champ:CheapShot"],"picked":"SKIP","floor":36},{"not_picked":["champ:BladeFlurry+1"],"picked":"SKIP","floor":37},{"not_picked":["champ:PreciseThrust+1"],"picked":"SKIP","floor":38},{"not_picked":["champ:PreciseThrust+1"],"picked":"SKIP","floor":39},{"not_picked":[],"picked":"champ:Backstep+1","floor":40},{"not_picked":["champ:FlashCut"],"picked":"SKIP","floor":42},{"not_picked":["champ:FanOfKnives"],"picked":"SKIP","floor":43},{"not_picked":["champ:AdrenalArmor+1"],"picked":"SKIP","floor":47},{"not_picked":["champ:Haymaker"],"picked":"SKIP","floor":49},{"not_picked":["champ:GladiatorsShout"],"picked":"SKIP","floor":52}],"player_experience":316819,"relics_obtained":[{"floor":4,"key":"Shuriken"},{"floor":6,"key":"Bottled Lightning"},{"floor":7,"key":"Oddly Smooth Stone"},{"floor":10,"key":"Kunai"},{"floor":13,"key":"CloakClasp"},{"floor":25,"key":"Matryoshka"},{"floor":27,"key":"Bag of Marbles"},{"floor":41,"key":"CeramicFish"},{"floor":41,"key":"Peace Pipe"},{"floor":42,"key":"The Courier"},{"floor":45,"key":"Lantern"},{"floor":45,"key":"TungstenRod"},{"floor":52,"key":"Pen Nib"}],"event_choices":[{"cards_removed":["Regret"],"damage_healed":0,"gold_gain":0,"player_choice":"Elegance","damage_taken":0,"max_hp_gain":0,"max_hp_loss":0,"event_name":"Back to Basics","floor":20,"gold_loss":0}],"is_beta":false,"boss_relics":[{"not_picked":["Tiny House","Empty Cage"],"picked":"Sozu"},{"not_picked":["Black Star","Runic Dome"],"picked":"champ:ChampionCrownUpgraded"}],"items_purged_floors":[5,43],"is_endless":false,"potions_floor_spawned":[6,11,12,13,15,16,27,30,31,32,33,38,47,52],"ascension_level":1}}