{"host":"Qube","time":1608326626,"event":{"mods":["AchievementEnabler","BaseMod","Colored Powertips","Minty Spire (QoL Compilation)","Quick Restart","Random Character Button"],"gold_per_floor":[113,131,131,141,66,66,96,110,110,110,110],"floor_reached":10,"playtime":466,"items_purged":["Defend_R"],"score":116,"play_id":"0faa0446-f0be-4518-8ce6-3e6499a48846","local_time":"20201218132346","is_ascension_mode":true,"campfire_choices":[{"data":"Searing Blow","floor":6.0,"key":"SMITH"}],"circlet_count":0,"master_deck":["AscendersBane","Strike_R","Strike_R","Strike_R","Strike_R","Defend_R","Bash","True Grit","Searing Blow+1","Shrug It Off","Warcry+1","Ghostly Armor+1"],"relics":["Burning Blood","Toxic Egg 2","White Beast Statue"],"acts_visited":["Exordium"],"potions_floor_usage":[],"damage_taken":[{"damage":4.0,"enemies":"2 Louse","floor":1.0,"turns":4.0},{"damage":6.0,"enemies":"Jaw Worm","floor":2.0,"turns":4.0},{"damage":4.0,"enemies":"Cultist","floor":4.0,"turns":4.0},{"damage":58.0,"enemies":"Lagavulin","floor":7.0,"turns":7.0},{"damage":9.0,"enemies":"Large Slime","floor":8.0,"turns":7.0},{"damage":25,"enemies":"Gremlin Nob","floor":10,"turns":4}],"seed_played":"-5218321199814235229","potions_obtained":[{"floor":1.0,"key":"BloodPotion"},{"floor":7.0,"key":"PowerPotion"}],"is_trial":false,"path_per_floor":["M","M","?","M","$","R","E","M","T","E"],"character_chosen":"IRONCLAD","items_purchased":[],"campfire_rested":0,"item_purchase_floors":[],"current_hp_per_floor":[68,68,61,63,63,63,24,21,21,0,0],"gold":110,"neow_bonus":"REMOVE_TWO","is_daily":false,"chose_seed":false,"campfire_upgraded":1,"win_rate":0.0,"timestamp":1608326626,"path_taken":["M","M","?","M","?","R","E","M","T","E"],"items_purchased_type":[],"build_version":"2020-12-17","purchased_purges":1,"victory":false,"max_hp_per_floor":[68,68,68,68,68,68,68,68,68,68,68],"card_choices":[{"not_picked":["Reckless Charge","Dropkick"],"picked":"True Grit","floor":1.0},{"not_picked":["Shockwave","Flex"],"picked":"Searing Blow","floor":2.0},{"not_picked":["Havoc","Fire Breathing"],"picked":"Shrug It Off","floor":4.0},{"not_picked":["Evolve","Exhume+1"],"picked":"Warcry+1","floor":7.0},{"not_picked":["Inflame","Infernal Blade+1"],"picked":"Ghostly Armor+1","floor":8.0}],"player_experience":712205,"relics_obtained":[{"floor":7.0,"key":"Toxic Egg 2"},{"floor":9.0,"key":"White Beast Statue"}],"event_choices":[{"cards_removed":["Defend_R"],"damage_healed":0.0,"max_hp_gain":0.0,"max_hp_loss":0.0,"gold_gain":0.0,"event_name":"Golden Wing","player_choice":"Card Removal","floor":3.0,"gold_loss":0.0,"damage_taken":7.0}],"is_beta":true,"boss_relics":[],"items_purged_floors":[5],"is_endless":false,"potions_floor_spawned":[1,7],"killed_by":"Gremlin Nob","ascension_level":14}}