{"host":"hn9kwncajibu2nw8","time":1608275665,"event":{"mods":["AchievementEnabler","BaseMod","Block Reminder","Colored Powertips","DeckTracker","Highlight Path","KOR Keyword Fix","Minty Spire (QoL Compilation)","Quick Restart","Rare Cards Sparkle"],"gold_per_floor":[364,364,381,44,55,55,82,17,43,77,77,77,77,91,91,163,163,173,32,43,54,74,102,102,113,113,143,143,193,207,80,80,152,152,167,167,177,192,206,232,232,261,340,351,351,366,691,309,309,309,309,309,33,63,63,63],"floor_reached":55,"playtime":2313,"items_purged":["Defend_P","Strike_P","Strike_P","Strike_P","Defend_P","Defend_P"],"score":1494,"play_id":"acef8466-81a8-451d-ad51-a5898a8628e8","local_time":"20201218161425","is_ascension_mode":true,"campfire_choices":[{"data":"Eruption","floor":6.0,"key":"SMITH"},{"data":"ClearTheMind","floor":11.0,"key":"SMITH"},{"floor":13.0,"key":"REST"},{"data":"Halt","floor":15.0,"key":"SMITH"},{"floor":24.0,"key":"REST"},{"floor":28.0,"key":"REST"},{"floor":32.0,"key":"RECALL"},{"floor":41.0,"key":"REST"},{"floor":45.0,"key":"REST"},{"floor":49.0,"key":"REST"},{"floor":52.0,"key":"REST"}],"circlet_count":0,"master_deck":["AscendersBane","Eruption+1","Vigilance","CutThroughFate","EmptyBody","CutThroughFate+1","ClearTheMind+1","Halt+1","Eruption+1","FlyingSleeves+1","Brilliance+1","EmptyFist+1","Dramatic Entrance+1","FollowUp+1","CutThroughFate+1","CutThroughFate+1","MentalFortress","FlurryOfBlows+1","Halt+1","Wallop+1","Crescendo","SashWhip+1","Ragnarok+1","MentalFortress+1","Vengeance+1","Scrawl","EmptyFist+1","FearNoEvil+1","FlurryOfBlows+1","TalkToTheHand+1","ClearTheMind+1","CrushJoints+1","Adaptation"],"relics":["PureWater","Membership Card","Molten Egg 2","Bronze Scales","PreservedInsect","Nunchaku","Fusion Hammer","Dream Catcher","White Beast Statue","Thread and Needle","Philosopher\u0027s Stone","Matryoshka","Mummified Hand","Toy Ornithopter","Old Coin","Pear","Medical Kit","Letter Opener","Vajra"],"acts_visited":["Exordium","TheCity","TheBeyond","TheEnding"],"potions_floor_usage":[55],"damage_taken":[{"damage":4.0,"enemies":"Jaw Worm","floor":1.0,"turns":6.0},{"damage":0.0,"enemies":"Cultist","floor":3.0,"turns":2.0},{"damage":0.0,"enemies":"2 Louse","floor":5.0,"turns":1.0},{"damage":7.0,"enemies":"3 Sentries","floor":7.0,"turns":7.0},{"damage":1.0,"enemies":"Lagavulin","floor":10.0,"turns":3.0},{"damage":14.0,"enemies":"Lots of Slimes","floor":14.0,"turns":4.0},{"damage":0.0,"enemies":"Slime Boss","floor":16.0,"turns":4.0},{"damage":0.0,"enemies":"Shell Parasite","floor":18.0,"turns":1.0},{"damage":17.0,"enemies":"2 Thieves","floor":20.0,"turns":2.0},{"damage":0.0,"enemies":"3 Cultists","floor":21.0,"turns":2.0},{"damage":0.0,"enemies":"Snake Plant","floor":22.0,"turns":2.0},{"damage":11.0,"enemies":"Slavers","floor":23.0,"turns":3.0},{"damage":0.0,"enemies":"Cultist and Chosen","floor":25.0,"turns":3.0},{"damage":5.0,"enemies":"Book of Stabbing","floor":27.0,"turns":2.0},{"damage":12.0,"enemies":"Shelled Parasite and Fungi","floor":30.0,"turns":5.0},{"damage":2.0,"enemies":"Champ","floor":33.0,"turns":6.0},{"damage":2.0,"enemies":"3 Shapes","floor":35.0,"turns":4.0},{"damage":0.0,"enemies":"3 Darklings","floor":37.0,"turns":3.0},{"damage":24.0,"enemies":"Spire Growth","floor":38.0,"turns":3.0},{"damage":0.0,"enemies":"4 Shapes","floor":39.0,"turns":2.0},{"damage":0.0,"enemies":"Nemesis","floor":40.0,"turns":3.0},{"damage":16.0,"enemies":"Reptomancer","floor":42.0,"turns":3.0},{"damage":21.0,"enemies":"Maw","floor":44.0,"turns":4.0},{"damage":0.0,"enemies":"Transient","floor":46.0,"turns":5.0},{"damage":0.0,"enemies":"Mind Bloom Boss Battle","floor":47.0,"turns":2.0},{"damage":73.0,"enemies":"Time Eater","floor":50.0,"turns":8.0},{"damage":57.0,"enemies":"Shield and Spear","floor":54.0,"turns":3.0},{"damage":38,"enemies":"The Heart","floor":55,"turns":2}],"seed_played":"7578445486409673373","potions_obtained":[{"floor":5.0,"key":"BlessingOfTheForge"},{"floor":7.0,"key":"ColorlessPotion"},{"floor":14.0,"key":"Ambrosia"},{"floor":21.0,"key":"Fire Potion"},{"floor":23.0,"key":"EntropicBrew"},{"floor":25.0,"key":"AttackPotion"},{"floor":33.0,"key":"ColorlessPotion"},{"floor":35.0,"key":"Regen Potion"},{"floor":37.0,"key":"SpeedPotion"},{"floor":38.0,"key":"Dexterity Potion"},{"floor":39.0,"key":"Fruit Juice"},{"floor":40.0,"key":"EssenceOfSteel"},{"floor":42.0,"key":"FearPotion"},{"floor":44.0,"key":"DistilledChaos"},{"floor":46.0,"key":"SpeedPotion"},{"floor":54.0,"key":"PowerPotion"}],"is_trial":false,"path_per_floor":["M","?","M","$","M","R","E","$","T","E","R","?","R","M","R","B",null,"M","$","M","M","M","E","R","M","T","E","R","?","M","$","R","B",null,"M","?","M","M","M","E","R","E","T","M","R","M","?","$","R","B",null,"R","$","E","B"],"character_chosen":"WATCHER","items_purchased":["Membership Card","Molten Egg 2","Halt","Dramatic Entrance+1","FollowUp+1","Crescendo","SashWhip+1","TalkToTheHand+1","Pear","Medical Kit","Swift Potion","SteroidPotion","Adaptation","Letter Opener"],"campfire_rested":7,"item_purchase_floors":[4,4,8,19,19,31,31,48,48,48,48,48,53,53],"current_hp_per_floor":[39,39,39,39,39,39,32,32,32,31,31,31,51,37,37,37,60,60,60,43,43,43,32,52,52,52,47,67,67,55,55,55,53,64,62,62,62,47,52,52,73,57,57,41,62,67,67,77,83,10,65,83,83,26,0,0],"gold":63,"neow_bonus":"TWO_FIFTY_GOLD","is_daily":false,"chose_seed":false,"campfire_upgraded":3,"win_rate":0.0,"timestamp":1608275665,"path_taken":["M","?","?","$","M","R","E","?","T","E","R","?","R","M","R","BOSS","M","?","M","M","M","E","R","M","T","E","R","?","M","$","R","BOSS","M","?","M","M","M","E","R","E","T","M","R","M","?","$","R","BOSS","R","$","E","BOSS"],"items_purchased_type":["Relic","Relic","Card","Card","Card","Card","Card","Card","Relic","Relic","Potion","Potion","Card","Relic"],"build_version":"2020-12-13","purchased_purges":6,"victory":false,"max_hp_per_floor":[68,68,68,68,68,68,68,68,68,68,68,68,68,68,68,68,68,68,68,68,68,68,68,68,68,68,68,68,68,68,68,68,68,68,68,68,68,68,73,73,73,73,73,73,73,73,73,83,83,83,83,83,83,83,83,83],"card_choices":[{"not_picked":["Halt","ForeignInfluence"],"picked":"CutThroughFate","floor":1.0},{"not_picked":["Prostrate","PathToVictory"],"picked":"EmptyBody","floor":3.0},{"not_picked":["EmptyBody","PathToVictory"],"picked":"CutThroughFate+1","floor":5.0},{"not_picked":["Evaluate","ThirdEye"],"picked":"ClearTheMind","floor":7.0},{"not_picked":["Nirvana","Protect","SpiritShield"],"picked":"SKIP","floor":10.0},{"not_picked":["Consecrate+1","JustLucky+1"],"picked":"FlyingSleeves+1","floor":14.0},{"not_picked":["Judgement","DevaForm"],"picked":"Brilliance+1","floor":16.0},{"not_picked":["FollowUp+1","ThirdEye"],"picked":"EmptyFist+1","floor":18.0},{"not_picked":["EmptyFist+1","CarveReality+1"],"picked":"CutThroughFate+1","floor":20.0},{"not_picked":["EmptyBody","BattleHymn"],"picked":"CutThroughFate+1","floor":21.0},{"not_picked":["SashWhip+1","PathToVictory"],"picked":"MentalFortress","floor":22.0},{"not_picked":["Study","Alpha"],"picked":"FlurryOfBlows+1","floor":23.0},{"not_picked":["LikeWater","Protect","SashWhip+1"],"picked":"SKIP","floor":25.0},{"not_picked":["WheelKick+1","SignatureMove+1"],"picked":"Halt+1","floor":27.0},{"not_picked":["CrushJoints+1","WreathOfFlame+1"],"picked":"Wallop+1","floor":28.0},{"not_picked":["JustLucky+1","Protect+1","ForeignInfluence"],"picked":"SKIP","floor":30.0},{"not_picked":["Brilliance+1","Omniscience"],"picked":"Ragnarok+1","floor":33.0},{"not_picked":["Consecrate+1","Halt","ThirdEye"],"picked":"SKIP","floor":35.0},{"not_picked":["FlurryOfBlows+1","ThirdEye"],"picked":"MentalFortress+1","floor":37.0},{"not_picked":["CrushJoints+1","Consecrate+1"],"picked":"Vengeance+1","floor":38.0},{"not_picked":["Halt","CarveReality+1"],"picked":"Scrawl","floor":39.0},{"not_picked":["PathToVictory","SpiritShield","Protect"],"picked":"SKIP","floor":40.0},{"not_picked":["ForeignInfluence","ConjureBlade"],"picked":"EmptyFist+1","floor":42.0},{"not_picked":["FollowUp+1","Meditate+1","Consecrate+1"],"picked":"SKIP","floor":44.0},{"not_picked":["Prostrate+1","EmptyBody"],"picked":"FearNoEvil+1","floor":45.0},{"not_picked":["Halt+1","PathToVictory","Perseverance"],"picked":"SKIP","floor":46.0},{"not_picked":["FlyingSleeves+1","Establishment"],"picked":"FlurryOfBlows+1","floor":47.0},{"not_picked":["EmptyBody","SashWhip+1"],"picked":"ClearTheMind+1","floor":49.0},{"not_picked":["CutThroughFate+1","Evaluate"],"picked":"CrushJoints+1","floor":52.0},{"not_picked":["Judgement","Establishment","Omniscience"],"picked":"SKIP","floor":54.0}],"player_experience":465574,"relics_obtained":[{"floor":7.0,"key":"Bronze Scales"},{"floor":9.0,"key":"PreservedInsect"},{"floor":10.0,"key":"Nunchaku"},{"floor":23.0,"key":"Dream Catcher"},{"floor":26.0,"key":"White Beast Statue"},{"floor":27.0,"key":"Thread and Needle"},{"floor":40.0,"key":"Matryoshka"},{"floor":42.0,"key":"Mummified Hand"},{"floor":43.0,"key":"Toy Ornithopter"},{"floor":47.0,"key":"Old Coin"},{"floor":54.0,"key":"Vajra"}],"event_choices":[{"cards_removed":["Strike_P"],"damage_healed":0.0,"max_hp_gain":0.0,"max_hp_loss":0.0,"gold_gain":0.0,"event_name":"Purifier","player_choice":"Purged","floor":2.0,"gold_loss":0.0,"damage_taken":0.0},{"damage_healed":0.0,"max_hp_gain":0.0,"max_hp_loss":0.0,"gold_gain":0.0,"event_name":"Match and Keep!","player_choice":"1 cards matched","floor":12.0,"gold_loss":0.0,"damage_taken":0.0,"cards_obtained":["Eruption"]},{"damage_healed":0.0,"max_hp_gain":0.0,"max_hp_loss":0.0,"gold_gain":0.0,"event_name":"Match and Keep!","player_choice":"1 cards matched","floor":12.0,"gold_loss":0.0,"damage_taken":0.0,"cards_obtained":["Eruption"]},{"damage_healed":0.0,"max_hp_gain":0.0,"max_hp_loss":0.0,"gold_gain":50.0,"event_name":"Nest","player_choice":"Stole From Cult","floor":29.0,"gold_loss":0.0,"damage_taken":0.0},{"cards_removed":["Defend_P"],"damage_healed":0.0,"max_hp_gain":0.0,"max_hp_loss":0.0,"gold_gain":0.0,"event_name":"Falling","player_choice":"Removed Skill","floor":36.0,"gold_loss":0.0,"damage_taken":0.0},{"damage_healed":0.0,"max_hp_gain":0.0,"max_hp_loss":0.0,"gold_gain":0.0,"event_name":"MindBloom","player_choice":"Fight","floor":47.0,"gold_loss":0.0,"damage_taken":0.0}],"is_beta":false,"boss_relics":[{"not_picked":["Snecko Eye","Calling Bell"],"picked":"Fusion Hammer"},{"not_picked":["Busted Crown","Empty Cage"],"picked":"Philosopher\u0027s Stone"}],"items_purged_floors":[4,8,19,31,48,53],"is_endless":false,"potions_floor_spawned":[5,7,14,21,23,25,27,30,33,35,37,38,39,40,42,44,46,47,54],"killed_by":"The Heart","ascension_level":16}}