{"host":"dvpvhz1t6etneyb3","time":1608264875,"event":{"mods":["AchievementEnabler","BaseMod","Colored Map","Highlight Path","Minty Spire (QoL Compilation)","Permanent Neow","Quick Restart"],"gold_per_floor":[362,362,380,0,20,20,35,65,92,64,64,76,105,117,117,188,188,198,210,228,72,91,91,106,141,210,210,210,545,556,556,556],"floor_reached":31,"playtime":1305,"items_purged":["Strike_B"],"score":607,"play_id":"2a2995ae-26e9-4dad-82a8-e8779c8b240e","local_time":"20201217231435","is_ascension_mode":true,"campfire_choices":[{"data":"Static Discharge","floor":6.0,"key":"SMITH"},{"floor":11.0,"key":"REST"},{"data":"Capacitor","floor":15.0,"key":"SMITH"},{"data":"Defragment","floor":23.0,"key":"SMITH"},{"floor":28.0,"key":"REST"}],"circlet_count":0,"master_deck":["AscendersBane","Defend_B","Defend_B","Defend_B","Defend_B","Zap+1","Dualcast","Cold Snap","Static Discharge+1","Conserve Battery","Sweeping Beam","Capacitor+1","Ball Lightning","Ball Lightning","Coolheaded","Genetic Algorithm","Core Surge","Machine Learning+1","Ball Lightning+1","Self Repair+1","Leap+1","Hologram+1","Defragment+1","Reinforced Body","Consume","Fusion+1","Chaos+1"],"relics":["Cracked Core","ClockworkSouvenir","Art of War","Blood Vial","Oddly Smooth Stone","Astrolabe","Tiny Chest","Toxic Egg 2","Old Coin"],"acts_visited":["Exordium","TheCity"],"potions_floor_usage":[29,30,31],"damage_taken":[{"damage":2.0,"enemies":"Jaw Worm","floor":1.0,"turns":3.0},{"damage":1.0,"enemies":"Cultist","floor":3.0,"turns":3.0},{"damage":13.0,"enemies":"Small Slimes","floor":5.0,"turns":3.0},{"damage":4.0,"enemies":"Looter","floor":7.0,"turns":4.0},{"damage":10.0,"enemies":"Lagavulin","floor":8.0,"turns":5.0},{"damage":5.0,"enemies":"Exordium Thugs","floor":10.0,"turns":5.0},{"damage":6.0,"enemies":"Large Slime","floor":12.0,"turns":6.0},{"damage":18.0,"enemies":"Gremlin Nob","floor":13.0,"turns":4.0},{"damage":0.0,"enemies":"2 Fungi Beasts","floor":14.0,"turns":3.0},{"damage":10.0,"enemies":"Slime Boss","floor":16.0,"turns":7.0},{"damage":18.0,"enemies":"Shell Parasite","floor":18.0,"turns":4.0},{"damage":5.0,"enemies":"Spheric Guardian","floor":19.0,"turns":5.0},{"damage":7.0,"enemies":"Snecko","floor":20.0,"turns":5.0},{"damage":3.0,"enemies":"Snake Plant","floor":22.0,"turns":5.0},{"damage":20.0,"enemies":"Centurion and Healer","floor":24.0,"turns":9.0},{"damage":37.0,"enemies":"Slavers","floor":25.0,"turns":3.0},{"damage":28,"enemies":"Gremlin Leader","floor":29,"turns":7},{"damage":4,"enemies":"Chosen and Byrds","floor":30,"turns":3},{"damage":49,"enemies":"Slavers","floor":31,"turns":3}],"seed_played":"289120542453353687","potions_obtained":[{"floor":1.0,"key":"Weak Potion"},{"floor":7.0,"key":"Strength Potion"},{"floor":13.0,"key":"FocusPotion"},{"floor":16.0,"key":"Explosive Potion"},{"floor":19.0,"key":"Dexterity Potion"},{"floor":22.0,"key":"Dexterity Potion"},{"floor":24.0,"key":"FocusPotion"},{"floor":25.0,"key":"CultistPotion"},{"floor":29,"key":"AttackPotion"}],"is_trial":false,"path_per_floor":["M","?","M","$","M","R","M","E","T","M","R","M","E","M","R","B",null,"M","M","M","$","M","R","M","E","T","?","R","E","M","E"],"character_chosen":"DEFECT","items_purchased":["ClockworkSouvenir","Static Discharge","Conserve Battery","Defragment","Reinforced Body"],"campfire_rested":2,"item_purchase_floors":[4,4,4,21,21],"current_hp_per_floor":[62,62,61,61,48,48,44,34,34,31,50,46,30,32,32,24,54,48,55,60,60,64,64,54,29,29,29,48,32,40,0,0],"gold":556,"neow_bonus":"TWO_FIFTY_GOLD","is_daily":false,"chose_seed":false,"campfire_upgraded":3,"win_rate":0.0,"timestamp":1608264875,"path_taken":["M","?","M","$","M","R","?","E","T","M","R","M","E","M","R","BOSS","M","?","M","$","M","R","M","E","T","?","R","E","M","E"],"items_purchased_type":["Relic","Card","Card","Card","Card"],"build_version":"2020-12-13","purchased_purges":1,"victory":false,"max_hp_per_floor":[64,64,64,64,64,64,64,64,64,64,64,64,64,64,64,64,64,64,64,64,64,64,64,64,64,64,64,64,64,64,64,64],"card_choices":[{"not_picked":["Consume","Go for the Eyes"],"picked":"Cold Snap","floor":1.0},{"not_picked":["Skim","Steam","Force Field"],"picked":"SKIP","floor":3.0},{"not_picked":["Reinforced Body","Hello World"],"picked":"Sweeping Beam","floor":5.0},{"not_picked":["Stack","BootSequence","Hologram"],"picked":"SKIP","floor":7.0},{"not_picked":["Turbo","Meteor Strike"],"picked":"Capacitor","floor":8.0},{"not_picked":["Tempest","Blizzard"],"picked":"Ball Lightning","floor":10.0},{"not_picked":["Beam Cell","Stack"],"picked":"Ball Lightning","floor":12.0},{"not_picked":["Compile Driver","White Noise"],"picked":"Coolheaded","floor":13.0},{"not_picked":["Conserve Battery","Chaos"],"picked":"Genetic Algorithm","floor":14.0},{"not_picked":["Reboot","Machine Learning"],"picked":"Core Surge","floor":16.0},{"not_picked":["Gash","FTL"],"picked":"Leap+1","floor":18.0},{"not_picked":["Melter","Tempest"],"picked":"Hologram+1","floor":19.0},{"not_picked":["Ball Lightning","FTL","Compile Driver"],"picked":"SKIP","floor":20.0},{"not_picked":["Sweeping Beam+1","Tempest","Streamline"],"picked":"SKIP","floor":22.0},{"not_picked":["Stack","Steam Power","Compile Driver"],"picked":"SKIP","floor":24.0},{"not_picked":["Stack","Go for the Eyes"],"picked":"Consume","floor":25.0},{"not_picked":["Compile Driver+1","Skim+1"],"picked":"Fusion+1","floor":29},{"not_picked":["Beam Cell","Tempest+1"],"picked":"Chaos+1","floor":30}],"player_experience":1882129,"relics_obtained":[{"floor":8.0,"key":"Art of War"},{"floor":9.0,"key":"Blood Vial"},{"floor":13.0,"key":"Oddly Smooth Stone"},{"floor":25.0,"key":"Tiny Chest"},{"floor":26.0,"key":"Toxic Egg 2"},{"floor":29,"key":"Old Coin"}],"event_choices":[{"damage_healed":0.0,"max_hp_gain":0.0,"max_hp_loss":0.0,"gold_gain":0.0,"event_name":"Upgrade Shrine","player_choice":"Upgraded","floor":2.0,"gold_loss":0.0,"damage_taken":0.0,"cards_upgraded":["Zap"]},{"damage_healed":0.0,"max_hp_gain":0.0,"max_hp_loss":0.0,"gold_gain":0.0,"event_name":"The Mausoleum","player_choice":"Ignored","floor":27.0,"gold_loss":0.0,"damage_taken":0.0}],"is_beta":false,"boss_relics":[{"not_picked":["SacredBark","Tiny House"],"picked":"Astrolabe"}],"items_purged_floors":[4],"is_endless":false,"potions_floor_spawned":[1,7,8,13,16,19,22,24,25,29],"killed_by":"Slavers","ascension_level":20}}