{"host":"l99crexq2sc8megk","time":1608307342,"event":{"mods":["BaseMod","Hermit","Minty Spire (QoL Compilation)","Quick Restart","StSLib","The Cursed"],"gold_per_floor":[110,122,122,138,11,37,37,137,137,137,163,173,173,183,183,261,261,273,287,66,66,66,66],"floor_reached":22,"playtime":610,"items_purged":["Defend_R"],"score":330,"play_id":"50f5bb7d-0623-4126-9abf-f2e8eae05672","local_time":"20201219000222","is_ascension_mode":true,"campfire_choices":[{"data":"Rupture","floor":7,"key":"SMITH"},{"data":"Finesse","floor":10,"key":"SMITH"},{"floor":13,"key":"REST"},{"data":"Bash","floor":15,"key":"SMITH"}],"circlet_count":0,"master_deck":["AscendersBane","Strike_R","Strike_R","Strike_R","Strike_R","Strike_R","Defend_R","Defend_R","Defend_R","Bash+1","Rupture+1","Combust","Finesse+1","True Grit+1","Warcry+1","Warcry+1","Reaper","True Grit+1"],"relics":["Busted Crown","Toxic Egg 2","Pocketwatch","Pantograph","Philosopher\u0027s Stone","Strange Spoon"],"acts_visited":["Exordium","TheCity"],"potions_floor_usage":[6,16,22,22],"damage_taken":[{"damage":6,"enemies":"2 Louse","floor":1,"turns":3},{"damage":0,"enemies":"Small Slimes","floor":2,"turns":3},{"damage":1,"enemies":"Cultist","floor":4,"turns":3},{"damage":16,"enemies":"Lagavulin","floor":6,"turns":6},{"damage":20,"enemies":"Gremlin Nob","floor":11,"turns":4},{"damage":2,"enemies":"Blue Slaver","floor":12,"turns":4},{"damage":11,"enemies":"Looter","floor":14,"turns":3},{"damage":40,"enemies":"Slime Boss","floor":16,"turns":7},{"damage":39,"enemies":"3 Byrds","floor":18,"turns":5},{"damage":27,"enemies":"Spheric Guardian","floor":19,"turns":5},{"damage":36,"enemies":"Snake Plant","floor":22,"turns":3}],"seed_played":"-2367000291356573554","potions_obtained":[{"floor":1,"key":"EssenceOfSteel"},{"floor":12,"key":"EssenceOfSteel"},{"floor":16,"key":"LiquidBronze"},{"floor":19,"key":"DuplicationPotion"}],"is_trial":false,"path_per_floor":["M","M","?","M","$","E","R","?","T","R","E","M","R","M","R","B",null,"M","M","$","?","M"],"character_chosen":"IRONCLAD","items_purchased":["Combust","Finesse","Strange Spoon"],"campfire_rested":1,"item_purchase_floors":[5,5,20],"current_hp_per_floor":[62,62,67,66,66,50,50,50,50,50,30,28,52,41,41,26,67,40,21,21,21,0,0],"gold":66,"neow_bonus":"BOSS_RELIC","is_daily":false,"chose_seed":false,"campfire_upgraded":3,"win_rate":0.0,"timestamp":1608307342,"path_taken":["M","M","?","M","$","E","R","?","T","R","E","M","R","M","R","BOSS","M","?","$","?","M"],"items_purchased_type":["Card","Card","Relic"],"build_version":"2020-12-13","purchased_purges":1,"victory":false,"max_hp_per_floor":[75,75,80,80,80,80,80,80,80,80,80,80,80,80,80,80,80,80,80,80,80,80,80],"card_choices":[{"not_picked":[],"picked":"Rupture","floor":1},{"not_picked":["Iron Wave"],"picked":"SKIP","floor":2},{"not_picked":["Heavy Blade"],"picked":"SKIP","floor":4},{"not_picked":[],"picked":"True Grit+1","floor":6},{"not_picked":[],"picked":"Warcry+1","floor":11},{"not_picked":["Dual Wield+1"],"picked":"SKIP","floor":12},{"not_picked":[],"picked":"Warcry+1","floor":14},{"not_picked":[],"picked":"Reaper","floor":16},{"not_picked":[],"picked":"True Grit+1","floor":18},{"not_picked":["Headbutt"],"picked":"SKIP","floor":19}],"player_experience":339335,"relics_obtained":[{"floor":6,"key":"Toxic Egg 2"},{"floor":9,"key":"Pocketwatch"},{"floor":11,"key":"Pantograph"}],"event_choices":[{"damage_healed":0,"gold_gain":0,"player_choice":"Donut","damage_taken":0,"max_hp_gain":5,"max_hp_loss":0,"event_name":"Big Fish","floor":3,"gold_loss":0},{"damage_healed":0,"gold_gain":100,"player_choice":"Pray","damage_taken":0,"max_hp_gain":0,"max_hp_loss":0,"event_name":"Golden Shrine","floor":8,"gold_loss":0},{"damage_healed":0,"gold_gain":0,"player_choice":"Ignored","damage_taken":0,"max_hp_gain":0,"max_hp_loss":0,"event_name":"Cursed Tome","floor":21,"gold_loss":0}],"is_beta":false,"boss_relics":[{"not_picked":["Pandora\u0027s Box","Coffee Dripper"],"picked":"Philosopher\u0027s Stone"}],"items_purged_floors":[20],"is_endless":false,"potions_floor_spawned":[1,12,16,19],"killed_by":"Snake Plant","ascension_level":14}}