{"host":"0msxzbajcl1c78mb","time":1608263836,"event":{"mods":["AchievementEnabler","BaseMod","Colored Map","Colored Powertips","Highlight Path","Minty Spire (QoL Compilation)","Relic Sorter","Relic Stats","StSLib","The Jungle","everything is the same but u backflip on backflip"],"gold_per_floor":[114,126,126,171,171,171,171],"floor_reached":6,"playtime":221,"items_purged":[],"score":46,"play_id":"90d57df9-df40-4c68-8a96-4a1e7a0fcbfc","local_time":"20201217225716","is_ascension_mode":true,"campfire_choices":[],"circlet_count":0,"master_deck":["Strike_G","Strike_G","Strike_G","Strike_G","Defend_G","Defend_G","Defend_G","Defend_G","Defend_G","Survivor","Neutralize","Sucker Punch","Pain"],"relics":["Cursed Key","Smiling Mask","Golden Idol"],"acts_visited":["Exordium"],"potions_floor_usage":[],"damage_taken":[{"damage":1,"enemies":"Jaw Worm","floor":1,"turns":5},{"damage":0,"enemies":"Small Slimes","floor":2,"turns":5},{"damage":55,"enemies":"Gremlin Nob","floor":6,"turns":5}],"seed_played":"-8767350218140544343","potions_obtained":[],"is_trial":false,"path_per_floor":["M","M","?","T","?","E"],"character_chosen":"THE_SILENT","items_purchased":[],"campfire_rested":0,"item_purchase_floors":[],"current_hp_per_floor":[62,62,55,55,55,0,0],"gold":171,"neow_bonus":"BOSS_RELIC","is_daily":false,"chose_seed":false,"campfire_upgraded":0,"win_rate":0.0,"timestamp":1608263836,"path_taken":["M","M","?","?","?","E"],"items_purchased_type":[],"build_version":"2020-12-13","purchased_purges":0,"victory":false,"max_hp_per_floor":[70,70,70,70,65,65,65],"relic_stats":{"counters":[3,15],"Golden Idol":0,"Cursed Key":1,"Smiling Mask":0,"obtain_stats":[{"Golden Idol":5,"Cursed Key":0,"Smiling Mask":4,"Ring of the Snake":0},{"Golden Idol":2,"Cursed Key":0,"Smiling Mask":2,"Ring of the Snake":0},{"Golden Idol":10,"Cursed Key":0,"Smiling Mask":10,"Ring of the Snake":0}]},"card_choices":[{"not_picked":["Dagger Spray","Slice","Deflect"],"picked":"SKIP","floor":1},{"not_picked":["Deflect","PiercingWail"],"picked":"Sucker Punch","floor":2}],"player_experience":259546,"relics_obtained":[{"floor":4,"key":"Smiling Mask"}],"event_choices":[{"cards_removed":["Strike_G"],"damage_healed":0,"gold_gain":0,"player_choice":"Card Removal","damage_taken":7,"max_hp_gain":0,"max_hp_loss":0,"event_name":"Golden Wing","floor":3,"gold_loss":0},{"damage_healed":0,"gold_gain":0,"player_choice":"Lose Max HP","damage_taken":0,"relics_obtained":["Golden Idol"],"max_hp_gain":0,"max_hp_loss":5,"event_name":"Golden Idol","floor":5,"gold_loss":0}],"is_beta":false,"boss_relics":[],"items_purged_floors":[],"is_endless":false,"potions_floor_spawned":[],"killed_by":"Gremlin Nob","ascension_level":7}}