{"host":"zw7mtpqi2yatqhwv","time":1608327222,"event":{"mods":["2.2 Compatiblity","A Magickal Journey","AchievementEnabler","Act Like it!","Aspiration","Bard","BaseMod","Beaked The Cultist","Better Altar","Better Match","Better Note","Better Sensory Stone","Better Skull","Better Third Choice","BetterRewards","CCEM","Colored Map","Colored Powertips","Conspire","Downfall","Friendly Minions","GifTheSpireLib","Glutton Mod","Halation","Hermit","Highlight Path","Hubris","Infinite Spire","Jedi Mod","JesterMod","Jorbs\u0027s Wanderer Trilogy","Mad Scientist","Marisa????????","Mimic Mod","Minty Spire (QoL Compilation)","Permanent Neow","READ ME - Guardian Mod","READ ME - Snecko Mod","Rare Cards Sparkle","RatMod","Replay The Spire","Shade Mod","Shop Mod","Spicy Shops","StSLib","Strawberry Spire","Stuff the Spire","The Blackbeard","The Construct","The Cursed","The Death Knight","The Disciple","The Elementalist","The Factory","The Gatherer","The Hierophant","The Juggle","The Jungle","The Mystic","The Necromancer","The Runesmith","The Servant 0.9.4","The Spell Scribe","The Wild Card","TheVacant","Unceasing Turn Reminder","vexMod"],"gold_per_floor":[4111,2706,2706,2738,2752,2784,2796,2816,2888,2888,2888,2908,1288,1321,1321,1428,1428,1446,1458,1458,1458,1478,1499,491,3989,3989,3989,3989,4002,4020,4037,4037,4151,4151,4166,4190,4206,4206,4224,4254,4254,3711,3711,3811,3841,3860,3880,3891,3891,3914],"floor_reached":51,"playtime":5538,"items_purged":["hermit:Defend_Hermit","hermit:Defend_Hermit","hermit:Defend_Hermit"],"score":1071,"play_id":"04c8cf0d-ae97-4e2f-a2a0-7eee74165395","local_time":"20201218223342","is_ascension_mode":false,"campfire_choices":[{"floor":15.0,"key":"REST"},{"data":"Jack Of All Trades","floor":28,"key":"SMITH"},{"data":"hermit:EyeOfTheStorm","floor":32,"key":"SMITH"},{"data":"hermit:Glare","floor":41,"key":"SMITH"},{"data":"Crow Ritual","floor":49,"key":"SMITH"}],"circlet_count":0,"master_deck":["hermit:Strike_Hermit","hermit:Strike_Hermit+1","hermit:Strike_Hermit","hermit:Strike_Hermit+1","hermit:Snapshot","hermit:Covet","hermit:Showdown+1","Violence+1","hermit:Determination","hermit:GoldenBullet","hermit:WideOpen","hermit:TakeAim","hermit:ItchyTrigger","Panache+1","hermit:Ricochet","Deep Breath+1","hermit:Vantage","Dramatic Entrance+1","hermit:Feint","Violence","Deep Breath","hermit:Combo","hermit:Scavenge","hermit:HighCaliber+1","hermit:Horror","Pot Of Greed","Pot Of Greed","Pot Of Greed","hermit:HoleUp","hermit:DeadOrAlive","hermit:Glare+1","hermit:FromBeyond+1","hermit:FlashPowder","hermit:Determination+1","Crow Ritual+1","hermit:Deadeye","ReplayUltimateDefense","Jack Of All Trades+1","Pot Of Greed","hermit:EyeOfTheStorm+1","hermit:HighNoon+1","hermit:Glare","Guardian:Gem_Synthetic","hermit:Snipe+1","Guardian:BronzeArmor","hermit:Desperado+1","hermit:TakeAim+1","hermit:BigShot+1","Guardian:Gem_Green","hermit:FullyLoaded+1","Guardian:ShieldSpikes","Pot Of Greed","hermit:Quickdraw+1"],"relics":["jesterMod:JesterCap","infinitespire:Chaos","Bag of Preparation","Guide Book","strawberrySpire:TinySteamboat","Blue Candle","ReplayTheSpireMod:Lightbulb","hubris:Towel","Calipers","CCEMRelics:FestiveHat","aspiration:FrozenJewel","halation:PromiseList","OrangePellets","CCEMRelics:Barrel","infinitespire:Midas Blood","Toolbox","rat:KircheisShard","Grinning Jar","vexMod:MysteryBossChallenge","theWildCard:Wildcard","Strange Spoon","StuffTheSpire:SapphireSignet","Membership Card","Nunchaku","champ:Barbells","hubris:DisguiseKit","Kunai","StuffTheSpire:Experiment12","HandDrill","Akabeko","InkBottle","Golden Egg","conspire:SlowCooker","strawberrySpire:MawJerky","jedi:HeartOfTheCards","CaptainsWheel","Lee\u0027s Waffle","Replay:Rubber Ducky","StuffTheSpire:PointBlank","conspire:DeflatedDodgeball","Gremlin Horn"],"acts_visited":["Exordium","TheCity","TheBeyond"],"potions_floor_usage":[46,50,50],"damage_taken":[{"damage":6.0,"enemies":"Cultist","floor":1.0,"turns":4.0},{"damage":16.0,"enemies":"conspire:MimicChest","floor":4.0,"turns":3.0},{"damage":5.0,"enemies":"2 Louse","floor":5.0,"turns":2.0},{"damage":0.0,"enemies":"Lagavulin","floor":6.0,"turns":4.0},{"damage":0.0,"enemies":"Small Slimes","floor":7.0,"turns":1.0},{"damage":5.0,"enemies":"conspire:2 RoseBushes","floor":8.0,"turns":2.0},{"damage":4.0,"enemies":"Exordium Wildlife","floor":12.0,"turns":2.0},{"damage":3.0,"enemies":"Replay:BlueRogue","floor":14.0,"turns":5.0},{"damage":1.0,"enemies":"Fading Forest","floor":16.0,"turns":11.0},{"damage":8.0,"enemies":"Shell Parasite","floor":18.0,"turns":3.0},{"damage":0.0,"enemies":"Spheric Guardian","floor":19.0,"turns":2.0},{"damage":0,"enemies":"Snake Plant","floor":22,"turns":2},{"damage":0,"enemies":"3 Cultists","floor":23,"turns":3},{"damage":0,"enemies":"Sentry and Sphere","floor":29,"turns":1},{"damage":14,"enemies":"Centurion and Healer","floor":30,"turns":2},{"damage":0,"enemies":"Snecko","floor":31,"turns":3},{"damage":10,"enemies":"hubris:MusketHawk","floor":33,"turns":6},{"damage":0,"enemies":"3 Darklings","floor":35,"turns":1},{"damage":9,"enemies":"3 Shapes","floor":37,"turns":2},{"damage":6,"enemies":"Spire Growth","floor":39,"turns":4},{"damage":0,"enemies":"Giant Head","floor":40,"turns":3},{"damage":1,"enemies":"beaked:SuperParasite","floor":45,"turns":6},{"damage":0,"enemies":"Maw","floor":46,"turns":4},{"damage":0,"enemies":"Transient","floor":47,"turns":5},{"damage":0,"enemies":"Writhing Mass","floor":48,"turns":2},{"damage":69,"enemies":"Time Eater","floor":50,"turns":9}],"seed_played":"5092390225119636147","potions_obtained":[{"floor":1.0,"key":"Cursed Concoction"},{"floor":7.0,"key":"FearPotion"},{"floor":16.0,"key":"AttackPotion"},{"floor":18.0,"key":"jedi:StrikingPotion"},{"floor":22,"key":"SpeedPotion"},{"floor":23,"key":"BlessingOfTheForge"},{"floor":30,"key":"PowerPotion"},{"floor":40,"key":"PowerPotion"},{"floor":46,"key":"SmokeBomb"},{"floor":48,"key":"Swift Potion"}],"is_trial":true,"path_per_floor":["M","$","?","?","M","E","M","M","T","?","?","M","$","E","R","B",null,"M","M","?","$","M","M","$","$","T","T","R","M","M","M","R","B",null,"M","T","M","?","M","E","R","$","T","?","E","M","M","M","R","B",null],"character_chosen":"HERMIT","items_purchased":["infinitespire:Chaos","Bag of Preparation","Violence","hermit:Determination","Guide Book","strawberrySpire:TinySteamboat","Blue Candle","ReplayTheSpireMod:Lightbulb","hermit:GoldenBullet","Violence","Deep Breath","halation:PromiseList","OrangePellets","CCEMRelics:Barrel","infinitespire:Midas Blood","Toolbox","rat:KircheisShard","hermit:Combo","hermit:Scavenge","hermit:HighCaliber","hermit:Horror","Strange Spoon","Crow Ritual","StuffTheSpire:SapphireSignet","Membership Card","Nunchaku","champ:Barbells","hubris:DisguiseKit","hermit:Deadeye","ReplayUltimateDefense","Jack Of All Trades","Kunai","StuffTheSpire:Experiment12","HandDrill","Akabeko","CaptainsWheel","Lee\u0027s Waffle","Replay:Rubber Ducky","hermit:BigShot","StuffTheSpire:PointBlank"],"campfire_rested":1,"item_purchase_floors":[2,2,2,2,2,2,2,2,2,13,13,13,13,13,13,13,13,13,13,13,13,21,24,24,24,24,24,24,24,25,25,25,25,25,25,42,42,42,42,42],"current_hp_per_floor":[69,69,69,53,48,48,48,43,43,36,36,32,32,29,51,53,75,67,67,67,57,57,57,57,57,57,57,57,57,45,45,45,39,75,75,75,66,66,60,68,68,86,86,86,90,90,90,90,90,23],"gold":3914,"neow_bonus":"","is_daily":false,"chose_seed":false,"campfire_upgraded":4,"win_rate":0.0,"timestamp":1608327222,"path_taken":["M","$","?","?","?","E","M","M","T","?","?","M","$","E","R","BOSS","M","M","?","?","M","?","?","$","T","?","R","M","?","M","R","BOSS","M","?","?","?","?","E","R","$","T","?","E","M","?","M","R","BOSS"],"items_purchased_type":["Relic","Relic","Card","Card","Relic","Relic","Relic","Relic","Card","Card","Card","Relic","Relic","Relic","Relic","Relic","Relic","Card","Card","Card","Card","Relic","Card","Relic","Relic","Relic","Relic","Relic","Card","Card","Card","Relic","Relic","Relic","Relic","Relic","Relic","Relic","Card","Relic"],"build_version":"2020-12-13","purchased_purges":3,"victory":true,"max_hp_per_floor":[75,75,75,75,75,75,75,75,75,75,75,75,75,75,75,75,75,75,75,75,75,75,75,75,75,75,75,75,75,75,75,75,75,75,75,75,75,75,75,79,79,86,86,86,90,90,90,90,90,90],"card_choices":[{"not_picked":["hermit:Feint","hermit:Manifest"],"picked":"hermit:Showdown","floor":1.0},{"not_picked":["hermit:Malice","hermit:LowProfile"],"picked":"hermit:WideOpen","floor":4.0},{"not_picked":["hermit:GhostlyPresence","hermit:Gestalt"],"picked":"hermit:TakeAim","floor":5.0},{"not_picked":["hermit:HoleUp","hermit:NoHoldsBarred"],"picked":"hermit:ItchyTrigger","floor":6.0},{"not_picked":["StuffTheSpire:PlasmaPulse+1","strawberrySpire:ExtraUtilities+1"],"picked":"Panache+1","floor":7.0},{"not_picked":["hermit:Roulette","hermit:Manifest"],"picked":"hermit:Ricochet","floor":7.0},{"not_picked":["Poisoned Strike+1","Enlightenment+1"],"picked":"Deep Breath+1","floor":8.0},{"not_picked":["hermit:ItchyTrigger","hermit:BodyArmor"],"picked":"hermit:Vantage","floor":8.0},{"not_picked":["expansioncontent:PolyBeam+1","expansioncontent:TimeRipple+1"],"picked":"Dramatic Entrance+1","floor":12.0},{"not_picked":["hermit:SprayPray","hermit:Vantage"],"picked":"hermit:Feint","floor":12.0},{"not_picked":["hermit:Misfire","hermit:ItchyTrigger"],"picked":"hermit:HoleUp","floor":14.0},{"not_picked":["hermit:FatalDesire","hermit:RoundhouseKick"],"picked":"hermit:DeadOrAlive","floor":16.0},{"not_picked":["hermit:Showdown+1","hermit:Headshot+1"],"picked":"hermit:Glare","floor":18.0},{"not_picked":["hermit:ItchyTrigger","hermit:TrackingShot"],"picked":"hermit:FromBeyond","floor":19.0},{"not_picked":["hermit:Misfire","hermit:Midnight"],"picked":"hermit:FlashPowder","floor":22},{"not_picked":["hermit:Midnight","hermit:Glare"],"picked":"hermit:Determination+1","floor":23},{"not_picked":["hermit:TrackingShot+1","hermit:HighCaliber","Guardian:SphericShield"],"picked":"hermit:EyeOfTheStorm","floor":29},{"not_picked":["hermit:BodyArmor+1","hermit:Quickdraw","Guardian:Reroute"],"picked":"hermit:HighNoon","floor":30},{"not_picked":["hermit:Roulette","hermit:LowProfile","Guardian:VentSteam"],"picked":"hermit:Glare","floor":31},{"not_picked":["hermit:HeroicBravado","hermit:FinalCanter","hermit:DeadOrAlive"],"picked":"Guardian:Gem_Synthetic","floor":33},{"not_picked":["hermit:Manifest+1","hermit:Gestalt+1","Guardian:Planning"],"picked":"hermit:Snipe+1","floor":35},{"not_picked":["hermit:LowProfile","hermit:Manifest+1","hermit:Roulette+1"],"picked":"Guardian:BronzeArmor","floor":37},{"not_picked":["hermit:Coalescence","hermit:Misfire","Guardian:PrimingBeam"],"picked":"hermit:Desperado+1","floor":39},{"not_picked":["hermit:RoundhouseKick","hermit:Midnight","Guardian:Suspension"],"picked":"hermit:TakeAim+1","floor":40},{"not_picked":["hermit:GoldenBullet","hermit:Snipe","hermit:Shortfuse"],"picked":"Guardian:Gem_Green","floor":45},{"not_picked":["hermit:TakeCover","hermit:HighNoon","Guardian:Reroute"],"picked":"hermit:FullyLoaded+1","floor":46},{"not_picked":["hermit:WideOpen+1","hermit:Scavenge+1","hermit:Grudge+1"],"picked":"Guardian:ShieldSpikes","floor":47},{"not_picked":["hermit:Snipe+1","hermit:Manifest","Guardian:PrismaticBarrier"],"picked":"hermit:Quickdraw+1","floor":48}],"player_experience":79550,"relics_obtained":[{"floor":4.0,"key":"Calipers"},{"floor":6.0,"key":"CCEMRelics:FestiveHat"},{"floor":9.0,"key":"aspiration:FrozenJewel"},{"floor":14.0,"key":"Grinning Jar"},{"floor":26,"key":"InkBottle"},{"floor":27,"key":"Golden Egg"},{"floor":36,"key":"strawberrySpire:MawJerky"},{"floor":40,"key":"jedi:HeartOfTheCards"},{"floor":43,"key":"conspire:DeflatedDodgeball"},{"floor":45,"key":"Gremlin Horn"}],"event_choices":[{"cards_removed":["hermit:Defend_Hermit"],"damage_healed":0.0,"max_hp_gain":0.0,"max_hp_loss":0.0,"gold_gain":0.0,"event_name":"Golden Wing","player_choice":"Card Removal","floor":10.0,"gold_loss":0.0,"damage_taken":7.0},{"cards_removed":["hermit:Glare"],"damage_healed":0,"gold_gain":0,"player_choice":"Give","damage_taken":0,"max_hp_gain":0,"max_hp_loss":0,"event_name":"betterNote:BetterNote","floor":20,"gold_loss":0,"cards_obtained":["None"]},{"damage_healed":0,"gold_gain":0,"player_choice":"Got Potions","damage_taken":0,"max_hp_gain":0,"max_hp_loss":0,"event_name":"Lab","floor":38,"gold_loss":0},{"damage_healed":0,"gold_gain":100,"player_choice":"Pray","damage_taken":0,"max_hp_gain":0,"max_hp_loss":0,"event_name":"Golden Shrine","floor":44,"gold_loss":0}],"is_beta":false,"boss_relics":[{"not_picked":["jesterMod:MachoBrace","Philosopher\u0027s Stone"],"picked":"vexMod:MysteryBossChallenge"},{"not_picked":["halation:CatFaceCupcake","ReplayTheSpireMod:DimensionalGlitch"],"picked":"conspire:SlowCooker"}],"items_purged_floors":[13,13,42],"is_endless":false,"potions_floor_spawned":[1,7,16,18,22,23,30,31,35,37,40,46,48],"ascension_level":0}}