{"host":"8xp52u5o8fcssvzz","time":1608325250,"event":{"mods":["2.2 Compatiblity","AchievementEnabler","Act Like it!","Aspiration","BaseMod","Better Altar","Better Match","Better Note","Better Sensory Stone","Better Skull","Better Third Choice","BetterRewards","CatGirl Mod","Colored Map","Conspire","Downfall","Gensokyo","GifTheSpireLib","Googly Eyes","Halation","Hallownest","Highlight Path","Hubris","Infinite Spire","Jorbs\u0027s Wanderer Trilogy","Koishi","Lobotomy","LobotomyExtend","Marisa????????","Menagerie","Mimic Mod","Minty Spire (QoL Compilation)","Reimu??????","Remilia??????","Replay The Spire","SIMod","Shade Mod","Spicy Shops","StSLib","Stuff the Spire","The Administrix","The Blackbeard","The Bladedancer","The Construct","The Cursed","The Gatherer","The Necromancer","The Runesmith","The Servant 0.9.4","The Valiant","TheFirefly","TheSwordswoman","Unceasing Turn Reminder","everything is the same but u backflip on backflip"],"gold_per_floor":[111,124,144,144,144,144,158,176,222,222,250,250,277,308,308,412,412,426,426,426,446,465,465,490,490,490,490,490],"floor_reached":27,"playtime":1072,"items_purged":["Runesmith:Strike_RS"],"score":253,"play_id":"bc0572b3-95fe-45b9-bc7d-43c0e036a199","local_time":"20201218130050","is_ascension_mode":true,"campfire_choices":[{"data":"Runesmith:UnstableHammer","floor":6,"key":"SMITH"},{"data":"aspiration:UnbridledHammer","floor":10,"key":"SMITH"},{"data":"Runesmith:MetallurgicalResearch","floor":15,"key":"SMITH"},{"data":"Runesmith:CreatorForm","floor":23,"key":"SMITH"}],"circlet_count":0,"master_deck":["Runesmith:Strike_RS","Runesmith:Strike_RS","Runesmith:Defend_RS","Runesmith:Defend_RS","Runesmith:Defend_RS","Runesmith:CraftFirestone","Runesmith:Fortify+1","Runesmith:UnstableHammer+1","Runesmith:EarthShield","Runesmith:RuneHurl","Runesmith:ShiftingStrike","aspiration:UnbridledHammer+1","Regret","Runesmith:MetallurgicalResearch+1","Runesmith:CreatorForm+1","Runesmith:OneForEveryone","ReplayTheSpireMod:??????????????????????","Runesmith:HeatExchange","Runesmith:HammerThrow","StuffTheSpire:BrainWave"],"relics":["Runesmith:BrokenRuby","LetterFromLob","halation:EternalFortune","Bag of Marbles","StuffTheSpire:RedRose","aspiration:Lifesprig","Unceasing Top","Empty Cage","Replay:Bottled Snecko","StuffTheSpire:DarkSteelAnvil","Omamori"],"acts_visited":["Exordium","TheCity"],"potions_floor_usage":[16,18,18,24],"damage_taken":[{"damage":0,"enemies":"infinitespire:Voidling","floor":1,"turns":4},{"damage":5,"enemies":"2 Louse","floor":2,"turns":3},{"damage":1,"enemies":"Jaw Worm","floor":3,"turns":4},{"damage":0,"enemies":"Looter","floor":7,"turns":2},{"damage":0,"enemies":"Large Slime","floor":8,"turns":2},{"damage":14,"enemies":"Gremlin Nob","floor":11,"turns":4},{"damage":23,"enemies":"Lagavulin","floor":14,"turns":6},{"damage":21,"enemies":"The Guardian","floor":16,"turns":9},{"damage":9,"enemies":"2 Thieves","floor":18,"turns":3},{"damage":10,"enemies":"3 Byrds","floor":21,"turns":3},{"damage":1,"enemies":"Centurion and Healer","floor":22,"turns":4},{"damage":42,"enemies":"Nightmare","floor":24,"turns":8},{"damage":17,"enemies":"conspire:SneckoGhost","floor":27,"turns":4}],"seed_played":"-7273584860365953826","potions_obtained":[{"floor":1,"key":"SkillPotion"},{"floor":14,"key":"Fire Potion"},{"floor":16,"key":"Fire Potion"},{"floor":21,"key":"champ:CounterPotion"}],"is_trial":false,"path_per_floor":["M","M","M","?","T","R","M","M","T","R","E","?","T","E","R","B",null,"M","AVR","?","M","M","R","NM","?","T","E"],"character_chosen":"RUNESMITH_CLASS","items_purchased":[],"campfire_rested":0,"item_purchase_floors":[],"current_hp_per_floor":[70,65,64,67,67,67,67,67,67,67,56,56,56,33,33,12,76,67,67,67,57,56,56,14,14,14,0,0],"gold":490,"neow_bonus":"UPGRADE_CARD","is_daily":false,"chose_seed":false,"campfire_upgraded":4,"win_rate":0.0,"timestamp":1608325250,"path_taken":["M","?","M","?","?","R","M","M","T","R","E","?","?","E","R","BOSS","M","AVR","?","M","M","R","NM","?","T","E"],"items_purchased_type":[],"build_version":"2020-12-13","purchased_purges":1,"victory":false,"max_hp_per_floor":[70,70,70,73,73,73,73,73,73,73,76,76,76,76,76,76,76,76,76,76,76,76,76,76,76,76,76,76],"card_choices":[{"not_picked":["Runesmith:Superposition","Runesmith:Malloc"],"picked":"Runesmith:UnstableHammer","floor":1},{"not_picked":["Runesmith:CraftObretio","Runesmith:Firewall"],"picked":"Runesmith:EarthShield","floor":2},{"not_picked":["Runesmith:LithiumIon","Runesmith:HeatedChisel"],"picked":"Runesmith:RuneHurl","floor":3},{"not_picked":["Runesmith:EarthShield","Runesmith:CraftMagma"],"picked":"Runesmith:ShiftingStrike","floor":7},{"not_picked":["Runesmith:Repurpose","Runesmith:LightningRod"],"picked":"aspiration:UnbridledHammer","floor":8},{"not_picked":["Runesmith:Repurpose","Runesmith:HammerThrow","Runesmith:CraftMagma"],"picked":"SKIP","floor":11},{"not_picked":["Runesmith:CraftProtectio","Runesmith:HammerThrow"],"picked":"Runesmith:MetallurgicalResearch","floor":14},{"not_picked":["Runesmith:UnlimitedPower","Runesmith:CraftMedicinae"],"picked":"Runesmith:CreatorForm","floor":16},{"not_picked":["Runesmith:CraftSpiculum","Runesmith:Superposition"],"picked":"Runesmith:OneForEveryone","floor":18},{"not_picked":["Runesmith:EarthShield","Runesmith:Repurpose+1"],"picked":"Runesmith:HeatExchange","floor":21},{"not_picked":["Runesmith:HammerThrow","Runesmith:BackupBattery","Runesmith:Overpower+1"],"picked":"SKIP","floor":22},{"not_picked":["Runesmith:MakeshiftArmor","Runesmith:Repurpose"],"picked":"Runesmith:HammerThrow","floor":24},{"not_picked":["StuffTheSpire:Ambrosia","StuffTheSpire:Perfection"],"picked":"StuffTheSpire:BrainWave","floor":25}],"player_experience":444921,"relics_obtained":[{"floor":1,"key":"LetterFromLob"},{"floor":9,"key":"Bag of Marbles"},{"floor":11,"key":"halation:EternalFortune"},{"floor":11,"key":"ReplayTheSpireMod:Lightbulb"},{"floor":13,"key":"aspiration:Lifesprig"},{"floor":14,"key":"Unceasing Top"},{"floor":24,"key":"StuffTheSpire:DarkSteelAnvil"},{"floor":26,"key":"Omamori"}],"event_choices":[],"is_beta":false,"boss_relics":[{"not_picked":["hubris:RunicObelisk","RedLine:ReiMu"],"picked":"Empty Cage"}],"items_purged_floors":[19],"is_endless":true,"potions_floor_spawned":[1,14,16,21],"killed_by":"conspire:SneckoGhost","ascension_level":1}}