{"host":"dvpvhz1t6etneyb3","time":1608326756,"event":{"mods":["AchievementEnabler","BaseMod","Colored Map","Highlight Path","Minty Spire (QoL Compilation)","Permanent Neow","Quick Restart"],"gold_per_floor":[360,28,48,48,48,86,86,86,163,184,205,238,256,256,256],"floor_reached":14,"playtime":443,"items_purged":["Strike_B"],"score":200,"play_id":"60617bd7-39e9-42ed-bcc1-569b3a7a3847","local_time":"20201218162556","is_ascension_mode":true,"campfire_choices":[{"floor":7.0,"key":"REST"}],"circlet_count":0,"master_deck":["AscendersBane","Strike_B","Strike_B+1","Strike_B","Defend_B","Defend_B","Defend_B","Defend_B","Zap","Dualcast","Sweeping Beam","Apotheosis+1","Ball Lightning","Rebound","Self Repair","Loop","Glacier"],"relics":["Cracked Core","Golden Idol","MealTicket","Blue Candle","Dead Branch"],"acts_visited":["Exordium"],"potions_floor_usage":[14],"damage_taken":[{"damage":1.0,"enemies":"Cultist","floor":1.0,"turns":4.0},{"damage":14.0,"enemies":"Small Slimes","floor":3.0,"turns":4.0},{"damage":11.0,"enemies":"Gremlin Nob","floor":6.0,"turns":3.0},{"damage":0.0,"enemies":"2 Louse","floor":10.0,"turns":1.0},{"damage":0.0,"enemies":"Large Slime","floor":11.0,"turns":3.0},{"damage":12.0,"enemies":"Lagavulin","floor":12.0,"turns":5.0},{"damage":12.0,"enemies":"Exordium Wildlife","floor":13.0,"turns":3.0},{"damage":59,"enemies":"Gremlin Nob","floor":14,"turns":4}],"seed_played":"463488854321542007","potions_obtained":[{"floor":1.0,"key":"Energy Potion"},{"floor":10.0,"key":"ColorlessPotion"},{"floor":12.0,"key":"Regen Potion"}],"is_trial":false,"path_per_floor":["M","$","M","?","?","E","R","?","T","M","M","E","M","E"],"character_chosen":"DEFECT","items_purchased":["Sweeping Beam","Apotheosis"],"campfire_rested":1,"item_purchase_floors":[2,2],"current_hp_per_floor":[45,45,31,31,12,1,20,20,20,20,30,28,16,0,0],"gold":256,"neow_bonus":"TWO_FIFTY_GOLD","is_daily":false,"chose_seed":false,"campfire_upgraded":0,"win_rate":0.0,"timestamp":1608326756,"path_taken":["M","?","?","?","?","E","R","?","T","M","M","E","M","E"],"items_purchased_type":["Card","Card"],"build_version":"2020-12-13","purchased_purges":1,"victory":false,"max_hp_per_floor":[71,71,71,64,64,64,64,64,64,64,64,64,64,64,64],"card_choices":[{"not_picked":["Storm","Hello World","Hologram"],"picked":"SKIP","floor":1.0},{"not_picked":["Conserve Battery","Redo"],"picked":"Ball Lightning","floor":3.0},{"not_picked":["Darkness","Creative AI"],"picked":"Rebound","floor":6.0},{"not_picked":["Genetic Algorithm","Gash"],"picked":"Self Repair","floor":10.0},{"not_picked":["Lockon","Rebound"],"picked":"Loop","floor":11.0},{"not_picked":["BootSequence","Skim","Turbo"],"picked":"SKIP","floor":12.0},{"not_picked":["Cold Snap","Capacitor"],"picked":"Glacier","floor":13.0}],"player_experience":1888889,"relics_obtained":[{"floor":6.0,"key":"MealTicket"},{"floor":9.0,"key":"Blue Candle"},{"floor":12.0,"key":"Dead Branch"}],"event_choices":[{"damage_healed":0.0,"max_hp_gain":0.0,"max_hp_loss":7.0,"gold_gain":0.0,"event_name":"Golden Idol","player_choice":"Lose Max HP","floor":4.0,"gold_loss":0.0,"damage_taken":0.0,"relics_obtained":["Golden Idol"]},{"damage_healed":0.0,"max_hp_gain":0.0,"max_hp_loss":0.0,"gold_gain":0.0,"event_name":"Shining Light","player_choice":"Entered Light","floor":5.0,"gold_loss":0.0,"damage_taken":19.0,"cards_upgraded":["Apotheosis","Strike_B"]},{"damage_healed":0.0,"max_hp_gain":0.0,"max_hp_loss":0.0,"gold_gain":0.0,"event_name":"Golden Wing","player_choice":"Ignored","floor":8.0,"gold_loss":0.0,"damage_taken":0.0}],"is_beta":false,"boss_relics":[],"items_purged_floors":[2],"is_endless":false,"potions_floor_spawned":[1,10,12],"killed_by":"Gremlin Nob","ascension_level":20}}