{"host":"qvzwftlm72dh2ckx","time":1608249970,"event":{"mods":["AchievementEnabler","BaseMod","Bestiary","Better Altar","Better Match","Better Note","Better Sensory Stone","Better Silent Start","Better Skull","Better Third Choice","Colored Map","Minty Spire (QoL Compilation)","Rare Cards Sparkle","Spicy Shops","StSLib","The Construct","The Gatherer","The Servant 0.9.4"],"gold_per_floor":[111,111,111,286,286,286,300,315,338,338,367,378,1,14,14,115,115,133,133,7,24,245,245,245],"floor_reached":23,"playtime":2305,"items_purged":["Doubt"],"score":189,"play_id":"984485a1-0d2c-45ed-9cf4-d2b0fe3069bc","local_time":"20201218010610","is_ascension_mode":false,"campfire_choices":[{"data":"construct:AttackMode","floor":6,"key":"SMITH"},{"data":"construct:DefenseMode","floor":10,"key":"SMITH"},{"data":"construct:ChargeShot","floor":15,"key":"SMITH"}],"circlet_count":0,"master_deck":["construct:Strike_Gold","construct:Strike_Gold","construct:Strike_Gold","construct:Strike_Gold","construct:Strike_Gold","construct:Defend_Gold","construct:Defend_Gold","construct:Defend_Gold","construct:Defend_Gold","construct:Defend_Gold","construct:AttackMode+1","construct:DefenseMode+1","construct:Forcefield","construct:VentSteam+1","construct:FierceBash","construct:ModeShift+1","construct:VentSteam+1","construct:ShiftGuard+1","Bandage Up+1","construct:ChargeShot+1","construct:MassProduction+1","construct:ShiftStrike"],"relics":["construct:Cogwheel","NeowsBlessing","Toxic Egg 2","Smiling Mask","Oddly Smooth Stone","Happy Flower","Cursed Key","Sundial"],"acts_visited":["Exordium","TheCity"],"potions_floor_usage":[11,16,16,23],"damage_taken":[{"damage":0,"enemies":"Jaw Worm","floor":1,"turns":1},{"damage":0,"enemies":"2 Louse","floor":7,"turns":1},{"damage":0,"enemies":"Small Slimes","floor":8,"turns":2},{"damage":21,"enemies":"Gremlin Nob","floor":11,"turns":4},{"damage":3,"enemies":"Blue Slaver","floor":12,"turns":3},{"damage":7,"enemies":"Lots of Slimes","floor":14,"turns":5},{"damage":24,"enemies":"Hexaghost","floor":16,"turns":6},{"damage":30,"enemies":"3 Byrds","floor":18,"turns":6},{"damage":16,"enemies":"2 Thieves","floor":21,"turns":4},{"damage":73,"enemies":"Slavers","floor":23,"turns":28}],"seed_played":"-357001648968882031","potions_obtained":[{"floor":7,"key":"Regen Potion"},{"floor":8,"key":"Fire Potion"},{"floor":14,"key":"DistilledChaos"},{"floor":16,"key":"Strength Potion"}],"is_trial":false,"path_per_floor":["M","?","T","?","?","R","M","M","T","R","E","M","$","M","R","B",null,"M","?","$","M","?","E"],"character_chosen":"THE_CONSTRUCT_MOD","items_purchased":["construct:ShiftGuard+1","Bandage Up+1","Sundial"],"campfire_rested":0,"item_purchase_floors":[13,13,20],"current_hp_per_floor":[85,90,90,90,83,83,83,83,83,83,62,59,59,64,64,67,90,60,60,60,80,58,0,0],"gold":245,"neow_bonus":"THREE_ENEMY_KILL","is_daily":false,"chose_seed":false,"campfire_upgraded":3,"win_rate":0.0,"timestamp":1608249970,"path_taken":["M","?","?","?","?","R","?","M","T","R","E","M","?","M","R","BOSS","M","?","$","M","?","E"],"items_purchased_type":["Card","Card","Relic"],"build_version":"2020-12-13","purchased_purges":1,"victory":false,"max_hp_per_floor":[85,90,90,90,90,90,90,90,90,90,90,90,90,90,90,90,90,90,90,90,90,90,90,90],"card_choices":[{"not_picked":["construct:ScrapCannon","construct:SaveState"],"picked":"construct:Forcefield","floor":1},{"not_picked":["construct:SyphonStrike","construct:Anticipate+1"],"picked":"construct:VentSteam+1","floor":7},{"not_picked":["construct:ScrapCannon","construct:HeavyBolt"],"picked":"construct:FierceBash","floor":8},{"not_picked":["construct:HardReboot+1","construct:SyphonStrike"],"picked":"construct:ModeShift+1","floor":11},{"not_picked":["construct:FierceBash","construct:ShiftingStance"],"picked":"construct:VentSteam+1","floor":12},{"not_picked":["construct:Autoturret","construct:Failsafe"],"picked":"construct:ChargeShot","floor":14},{"not_picked":["construct:BatteryCore+1","construct:GoldenBullet"],"picked":"construct:MassProduction+1","floor":16},{"not_picked":["construct:Autoturret","construct:Backfire"],"picked":"construct:ShiftStrike","floor":18},{"not_picked":["construct:VentSteam+1","construct:ScrapCannon","construct:PointDefense"],"picked":"SKIP","floor":21}],"player_experience":92144,"relics_obtained":[{"floor":3,"key":"Toxic Egg 2"},{"floor":9,"key":"Oddly Smooth Stone"},{"floor":11,"key":"Happy Flower"}],"event_choices":[{"damage_healed":0,"gold_gain":0,"player_choice":"Donut","damage_taken":0,"max_hp_gain":5,"max_hp_loss":0,"event_name":"Big Fish","floor":2,"gold_loss":0},{"damage_healed":0,"gold_gain":175,"player_choice":"AGREE","damage_taken":111,"max_hp_gain":0,"max_hp_loss":0,"event_name":"betterThird:BetterSerpent","floor":4,"gold_loss":0},{"damage_healed":0,"gold_gain":0,"player_choice":"Relic ","damage_taken":7,"max_hp_gain":0,"max_hp_loss":0,"event_name":"betterThird:BetterScrap","floor":5,"gold_loss":0,"cards_obtained":["Calculated Gamble"]},{"damage_healed":0,"gold_gain":0,"player_choice":"Ignored","damage_taken":0,"max_hp_gain":0,"max_hp_loss":0,"event_name":"betterNote:BetterNote","floor":19,"gold_loss":0,"cards_obtained":["Burst"]},{"damage_healed":0,"gold_gain":221,"player_choice":"GO GO ","damage_taken":24,"relics_obtained":[],"max_hp_gain":0,"max_hp_loss":0,"event_name":"betterSkull:BetterSkull","floor":22,"gold_loss":0,"cards_upgraded":[]}],"is_beta":false,"boss_relics":[{"not_picked":["Ectoplasm","Busted Crown"],"picked":"Cursed Key"}],"items_purged_floors":[13],"is_endless":false,"potions_floor_spawned":[7,8,14,16],"killed_by":"Slavers","ascension_level":0}}