{"host":"ef3ybc9bdsabvdps","time":1608335685,"event":{"mods":["BaseMod","Minty Spire (QoL Compilation)"],"gold_per_floor":[117,117,128,128,142,170,170,170,252,252,174,185,215,226,226,321,321,338,350,350,350,362,387,129,129,129],"floor_reached":25,"playtime":948,"items_purged":["Defend_P"],"score":256,"play_id":"d4d59237-da89-49e8-b0ce-08ea836f27ca","local_time":"20201219085445","is_ascension_mode":false,"campfire_choices":[{"data":"Omniscience","floor":7,"key":"SMITH"},{"floor":10,"key":"REST"},{"floor":15,"key":"REST"}],"circlet_count":0,"master_deck":["Strike_P+1","Strike_P","Defend_P","Defend_P","Eruption+1","Vigilance","FlurryOfBlows","Meditate","Crescendo","Omniscience+1","BattleHymn","CutThroughFate","MentalFortress","DevaForm","ForeignInfluence","EmptyBody","Writhe","Devotion"],"relics":["Philosopher\u0027s Stone","Calipers","Darkstone Periapt","Bottled Lightning","Ice Cream","Black Star","Pen Nib","FossilizedHelix","The Courier","TeardropLocket"],"acts_visited":["Exordium","TheCity"],"potions_floor_usage":[22,23,23],"damage_taken":[{"damage":0.0,"enemies":"Jaw Worm","floor":1.0,"turns":3.0},{"damage":0.0,"enemies":"2 Louse","floor":3.0,"turns":2.0},{"damage":7.0,"enemies":"Small Slimes","floor":5.0,"turns":4.0},{"damage":24,"enemies":"Gremlin Nob","floor":6,"turns":4},{"damage":11,"enemies":"2 Fungi Beasts","floor":12,"turns":3},{"damage":0,"enemies":"Lagavulin","floor":13,"turns":4},{"damage":8,"enemies":"Blue Slaver","floor":14,"turns":2},{"damage":30,"enemies":"Hexaghost","floor":16,"turns":6},{"damage":19,"enemies":"Spheric Guardian","floor":18,"turns":4},{"damage":7,"enemies":"Chosen","floor":19,"turns":4},{"damage":19,"enemies":"3 Cultists","floor":22,"turns":4},{"damage":32,"enemies":"Gremlin Leader","floor":23,"turns":5},{"damage":8,"enemies":"Slavers","floor":25,"turns":1}],"seed_played":"-8959453176225270068","potions_obtained":[{"floor":1.0,"key":"SpeedPotion"},{"floor":12,"key":"DuplicationPotion"},{"floor":14,"key":"Explosive Potion"},{"floor":16,"key":"SkillPotion"},{"floor":22,"key":"FearPotion"}],"is_trial":false,"path_per_floor":["M","?","M","T","M","E","R","?","T","R","$","M","E","M","R","B",null,"M","M","?","?","M","E","$","E"],"character_chosen":"WATCHER","items_purchased":["BattleHymn","TeardropLocket"],"campfire_rested":2,"item_purchase_floors":[11,24],"current_hp_per_floor":[72,58,58,58,51,27,27,27,27,48,48,37,37,29,50,20,72,53,46,46,52,33,1,1,0,0],"gold":129,"neow_bonus":"BOSS_RELIC","is_daily":false,"chose_seed":false,"campfire_upgraded":1,"win_rate":0.0,"timestamp":1608335685,"path_taken":["M","?","M","?","M","E","R","?","T","R","$","M","E","M","R","BOSS","M","M","?","?","M","E","?","E"],"items_purchased_type":["Card","Relic"],"build_version":"2020-12-13","purchased_purges":1,"victory":false,"max_hp_per_floor":[72,72,72,72,72,72,72,72,72,72,72,72,72,72,72,72,72,72,72,72,78,78,78,78,78,78],"card_choices":[{"not_picked":["TalkToTheHand","PathToVictory"],"picked":"FlurryOfBlows","floor":1.0},{"not_picked":["Evaluate","ReachHeaven"],"picked":"Meditate","floor":3.0},{"not_picked":["SashWhip","Protect"],"picked":"Crescendo","floor":5.0},{"not_picked":["Prostrate","WheelKick"],"picked":"Omniscience","floor":6},{"not_picked":["BowlingBash","ClearTheMind","Perseverance"],"picked":"SKIP","floor":12},{"not_picked":["Crescendo","Vengeance"],"picked":"CutThroughFate","floor":13},{"not_picked":["Meditate","EmptyFist"],"picked":"MentalFortress","floor":14},{"not_picked":["Blasphemy","Wish"],"picked":"DevaForm","floor":16},{"not_picked":["FollowUp","Prostrate","FlurryOfBlows+1"],"picked":"SKIP","floor":18},{"not_picked":["FlurryOfBlows","ClearTheMind+1","PathToVictory"],"picked":"SKIP","floor":19},{"not_picked":["Consecrate","FlurryOfBlows","CutThroughFate"],"picked":"SKIP","floor":22},{"not_picked":["Evaluate+1","PathToVictory+1"],"picked":"Devotion","floor":23}],"player_experience":300527,"relics_obtained":[{"floor":4.0,"key":"Calipers"},{"floor":6,"key":"Darkstone Periapt"},{"floor":9,"key":"Bottled Lightning"},{"floor":13,"key":"Ice Cream"},{"floor":23,"key":"FossilizedHelix"},{"floor":23,"key":"The Courier"}],"event_choices":[{"damage_healed":0.0,"max_hp_gain":0.0,"max_hp_loss":0.0,"gold_gain":0.0,"event_name":"Shining Light","player_choice":"Entered Light","floor":2.0,"gold_loss":0.0,"damage_taken":14.0,"cards_upgraded":["Eruption","Strike_P"]},{"cards_removed":["Strike_P"],"damage_healed":0,"gold_gain":0,"player_choice":"Forget","damage_taken":0,"max_hp_gain":0,"max_hp_loss":0,"event_name":"Living Wall","floor":8,"gold_loss":0},{"damage_healed":0,"gold_gain":0,"cards_transformed":["Defend_P","Strike_P"],"player_choice":"Became Test Subject","damage_taken":0,"max_hp_gain":0,"max_hp_loss":0,"event_name":"Drug Dealer","floor":20,"gold_loss":0,"cards_obtained":["ForeignInfluence","EmptyBody"]},{"damage_healed":0,"gold_gain":0,"player_choice":"Opened","damage_taken":0,"relics_obtained":["Pen Nib"],"max_hp_gain":0,"max_hp_loss":0,"event_name":"The Mausoleum","floor":21,"gold_loss":0,"cards_obtained":["Writhe"]}],"is_beta":false,"boss_relics":[{"not_picked":["Busted Crown","Empty Cage"],"picked":"Black Star"}],"items_purged_floors":[24],"is_endless":false,"potions_floor_spawned":[1,12,14,16,22],"killed_by":"Slavers","ascension_level":0}}