{"host":"zekcc3vicrep0och","time":1608301521,"event":{"mods":["AchievementEnabler","BaseMod","Colored Map","Colored Powertips","Displayed Cursed Tome","Minty Spire (QoL Compilation)","Relic Stats","StSLib"],"gold_per_floor":[211,211,223,235,15,15,45,85,165,183,199,199,199,219,219,320,320,334,345,345,234,248,273,285,320,320,320,22,41,73,90,90,187,187,207,227,237,23,43,43,70,70,70,70,89,0,29,79,79,79],"floor_reached":51,"playtime":2949,"items_purged":["Strike_G","Strike_G"],"score":1270,"play_id":"5114bf09-196a-4fb2-8ea1-14736043cbb0","local_time":"20201218172521","is_ascension_mode":true,"campfire_choices":[{"data":"Dagger Spray","floor":6.0,"key":"SMITH"},{"data":"Adrenaline","floor":13.0,"key":"SMITH"},{"data":"Bane","floor":15.0,"key":"SMITH"},{"floor":27.0,"key":"REST"},{"floor":32.0,"key":"REST"},{"data":"Apotheosis","floor":40,"key":"SMITH"},{"floor":42,"key":"REST"},{"data":"Night Terror","floor":44,"key":"SMITH"},{"data":"Phantasmal Killer","floor":49,"key":"SMITH"}],"circlet_count":0,"master_deck":["AscendersBane","Strike_G","Defend_G+1","Defend_G","Defend_G","Defend_G","Defend_G","Survivor","Neutralize","Dagger Spray+1","Leg Sweep","Noxious Fumes","Footwork+1","Backflip","Adrenaline+1","Escape Plan","Bane+1","Night Terror+1","Calculated Gamble+1","Bouncing Flask","Dash","Poisoned Stab+1","Corpse Explosion","Poisoned Stab+1","Backflip","Apotheosis+1","Quick Slash+1","Escape Plan+1","Footwork","Phantasmal Killer+1"],"relics":["Ring of the Snake","Toolbox","Mango","Blue Candle","Black Star","Ancient Tea Set","HornCleat","Nunchaku","FossilizedHelix","Lantern","Sling","Molten Egg 2","Tiny Chest","Philosopher\u0027s Stone","TungstenRod","Strawberry","Pear","Red Mask","Orichalcum","Pantograph","Thread and Needle"],"acts_visited":["TheCity","TheBeyond"],"potions_floor_usage":[39],"damage_taken":[{"damage":2.0,"enemies":"2 Louse","floor":1.0,"turns":4.0},{"damage":5.0,"enemies":"Cultist","floor":3.0,"turns":5.0},{"damage":2.0,"enemies":"Jaw Worm","floor":4.0,"turns":6.0},{"damage":9.0,"enemies":"Lagavulin","floor":7.0,"turns":10.0},{"damage":0.0,"enemies":"2 Fungi Beasts","floor":8.0,"turns":1.0},{"damage":9.0,"enemies":"3 Louse","floor":10.0,"turns":3.0},{"damage":4.0,"enemies":"Gremlin Gang","floor":11.0,"turns":6.0},{"damage":0.0,"enemies":"Blue Slaver","floor":14.0,"turns":5.0},{"damage":4.0,"enemies":"The Guardian","floor":16.0,"turns":11.0},{"damage":8.0,"enemies":"Spheric Guardian","floor":18.0,"turns":9.0},{"damage":1.0,"enemies":"Chosen","floor":19.0,"turns":6.0},{"damage":7.0,"enemies":"Snake Plant","floor":22.0,"turns":4.0},{"damage":43.0,"enemies":"Slavers","floor":23.0,"turns":6.0},{"damage":0.0,"enemies":"Snecko","floor":24.0,"turns":5.0},{"damage":0.0,"enemies":"Book of Stabbing","floor":25.0,"turns":7.0},{"damage":0.0,"enemies":"Chosen and Byrds","floor":29.0,"turns":5.0},{"damage":0.0,"enemies":"Gremlin Leader","floor":30.0,"turns":7.0},{"damage":0.0,"enemies":"Shelled Parasite and Fungi","floor":31.0,"turns":7.0},{"damage":2.0,"enemies":"Automaton","floor":33.0,"turns":11.0},{"damage":0.0,"enemies":"3 Darklings","floor":35.0,"turns":2.0},{"damage":0.0,"enemies":"Orb Walker","floor":36.0,"turns":4.0},{"damage":0,"enemies":"Maw","floor":37,"turns":9},{"damage":0,"enemies":"4 Shapes","floor":39,"turns":3},{"damage":23,"enemies":"Giant Head","floor":41,"turns":10},{"damage":0,"enemies":"Jaw Worm Horde","floor":45,"turns":3},{"damage":7,"enemies":"Nemesis","floor":47,"turns":7},{"damage":0,"enemies":"Mind Bloom Boss Battle","floor":48,"turns":7},{"damage":11,"enemies":"Donu and Deca","floor":50,"turns":9}],"seed_played":"-7260419978849419437","potions_obtained":[{"floor":4.0,"key":"Fire Potion"},{"floor":7.0,"key":"LiquidBronze"},{"floor":8.0,"key":"ColorlessPotion"},{"floor":11.0,"key":"AttackPotion"},{"floor":18.0,"key":"Dexterity Potion"},{"floor":24.0,"key":"Energy Potion"},{"floor":25.0,"key":"Energy Potion"},{"floor":29.0,"key":"DuplicationPotion"},{"floor":31.0,"key":"Block Potion"},{"floor":36.0,"key":"Block Potion"},{"floor":37,"key":"Ancient Potion"},{"floor":48,"key":"FairyPotion"}],"is_trial":false,"path_per_floor":["M","?","M","M","$","R","E","M","T","M","M","?","R","M","R","B",null,"M","M","?","$","M","E","M","E","T","R","$","M","E","M","R","B",null,"M","M","M","$","M","R","E","R","T","R","M","?","E","?","R","B",null],"character_chosen":"THE_SILENT","items_purchased":["Toolbox","Footwork","Dash","Sling","PowerPotion","Apotheosis","Quick Slash+1"],"campfire_rested":3,"item_purchase_floors":[5,5,21,28,28,38,38],"current_hp_per_floor":[61,61,56,54,54,54,59,59,59,50,46,29,29,29,29,25,69,61,60,60,60,53,10,10,10,10,35,35,35,35,35,60,58,78,78,78,78,78,78,78,62,89,99,99,99,99,92,101,101,90],"gold":79,"neow_bonus":"HUNDRED_GOLD","is_daily":false,"chose_seed":false,"campfire_upgraded":6,"win_rate":0.0,"timestamp":1608301521,"path_taken":["M","?","M","M","$","R","E","M","T","M","?","?","R","M","R","BOSS","M","M","?","$","M","E","M","E","T","R","$","M","E","M","R","BOSS","M","M","M","$","?","R","E","R","T","R","M","?","E","?","R","BOSS"],"items_purchased_type":["Relic","Card","Card","Relic","Potion","Card","Card"],"build_version":"2020-12-13","purchased_purges":2,"victory":true,"max_hp_per_floor":[70,70,70,70,70,70,84,84,84,84,84,84,84,84,84,84,84,84,84,84,84,84,84,84,84,84,84,84,84,84,84,84,84,84,84,84,84,84,84,84,91,91,101,101,101,101,101,101,101,101],"relic_stats":{"Nunchaku":[12],"counters":[28,172],"Blue Candle":[0],"Pantograph":9,"Tiny Chest":0,"Black Star":5,"Orichalcum":[6],"obtain_stats":[{"Lantern":26,"Pear":43,"Blue Candle":9,"Mango":7,"Thread and Needle":48,"Orichalcum":47,"Ancient Tea Set":23,"Sling":28,"Nunchaku":25,"HornCleat":23,"Strawberry":41,"Pantograph":47,"Toolbox":5,"Molten Egg 2":30,"Tiny Chest":30,"Philosopher\u0027s Stone":34,"Black Star":17,"Red Mask":46,"FossilizedHelix":25,"TungstenRod":41,"Ring of the Snake":0},{"Lantern":15,"Pear":24,"Blue Candle":5,"Mango":4,"Thread and Needle":27,"Orichalcum":26,"Ancient Tea Set":13,"Sling":15,"Nunchaku":15,"HornCleat":13,"Strawberry":24,"Pantograph":26,"Toolbox":3,"Molten Egg 2":17,"Tiny Chest":17,"Philosopher\u0027s Stone":19,"Black Star":9,"Red Mask":25,"FossilizedHelix":15,"TungstenRod":24,"Ring of the Snake":0},{"Lantern":88,"Pear":146,"Blue Candle":26,"Mango":25,"Thread and Needle":163,"Orichalcum":156,"Ancient Tea Set":76,"Sling":88,"Nunchaku":88,"HornCleat":76,"Strawberry":146,"Pantograph":156,"Toolbox":15,"Molten Egg 2":100,"Tiny Chest":100,"Philosopher\u0027s Stone":118,"Black Star":51,"Red Mask":149,"FossilizedHelix":88,"TungstenRod":146,"Ring of the Snake":0}],"TungstenRod":3,"Ring of the Snake":[56]},"card_choices":[{"not_picked":["Cloak And Dagger","Quick Slash"],"picked":"Dagger Spray","floor":1.0},{"not_picked":["Deflect","Skewer"],"picked":"Leg Sweep","floor":3.0},{"not_picked":["Backflip","Acrobatics"],"picked":"Noxious Fumes","floor":4.0},{"not_picked":["Dagger Spray","Flying Knee"],"picked":"Backflip","floor":7.0},{"not_picked":["Concentrate","Acrobatics","Choke"],"picked":"SKIP","floor":8.0},{"not_picked":["Predator","Catalyst"],"picked":"Adrenaline","floor":10.0},{"not_picked":["Underhanded Strike","Distraction"],"picked":"Escape Plan","floor":11.0},{"not_picked":["Flying Knee","Underhanded Strike"],"picked":"Bane","floor":14.0},{"not_picked":["Unload","Glass Knife"],"picked":"Night Terror","floor":16.0},{"not_picked":["Blade Dance","Acrobatics+1","Quick Slash"],"picked":"SKIP","floor":18.0},{"not_picked":["Prepared","Outmaneuver"],"picked":"Calculated Gamble+1","floor":19.0},{"not_picked":["Infinite Blades","Sucker Punch","Slice"],"picked":"SKIP","floor":22.0},{"not_picked":["Flying Knee","Cloak And Dagger+1","Caltrops"],"picked":"SKIP","floor":23.0},{"not_picked":["Blade Dance","Expertise+1","Dagger Throw"],"picked":"SKIP","floor":24.0},{"not_picked":["Sucker Punch+1","Wraith Form v2","Caltrops"],"picked":"SKIP","floor":25.0},{"not_picked":["Deadly Poison","Cloak And Dagger+1","Quick Slash"],"picked":"SKIP","floor":29.0},{"not_picked":["Doppelganger","Riddle With Holes+1"],"picked":"Poisoned Stab+1","floor":30.0},{"not_picked":["Accuracy+1","Deadly Poison","Deflect"],"picked":"SKIP","floor":31.0},{"not_picked":["Unload+1","Grand Finale+1"],"picked":"Corpse Explosion","floor":33.0},{"not_picked":["Dagger Spray+1","Slice+1"],"picked":"Poisoned Stab+1","floor":35.0},{"not_picked":["Blade Dance","Dagger Spray+1"],"picked":"Backflip","floor":36.0},{"not_picked":["Eviscerate+1","Dodge and Roll","Infinite Blades"],"picked":"SKIP","floor":37},{"not_picked":["Deadly Poison","Backflip","Skewer+1"],"picked":"SKIP","floor":39},{"not_picked":["Outmaneuver","Backstab+1"],"picked":"Escape Plan+1","floor":41},{"not_picked":["Quick Slash+1","Dagger Throw+1"],"picked":"Footwork","floor":45},{"not_picked":["Tactician+1","Blade Dance+1","Skewer+1"],"picked":"SKIP","floor":47},{"not_picked":["Sucker Punch+1","Deadly Poison"],"picked":"Phantasmal Killer","floor":48}],"player_experience":438207,"relics_obtained":[{"floor":7.0,"key":"Mango"},{"floor":9.0,"key":"Blue Candle"},{"floor":23.0,"key":"Ancient Tea Set"},{"floor":23.0,"key":"HornCleat"},{"floor":25.0,"key":"Nunchaku"},{"floor":25.0,"key":"FossilizedHelix"},{"floor":26.0,"key":"Lantern"},{"floor":30.0,"key":"Molten Egg 2"},{"floor":30.0,"key":"Tiny Chest"},{"floor":41,"key":"TungstenRod"},{"floor":41,"key":"Strawberry"},{"floor":43,"key":"Pear"},{"floor":47,"key":"Orichalcum"},{"floor":47,"key":"Pantograph"},{"floor":48,"key":"Thread and Needle"}],"event_choices":[{"cards_removed":["Strike_G"],"damage_healed":0.0,"max_hp_gain":0.0,"max_hp_loss":0.0,"gold_gain":0.0,"event_name":"Wheel of Change","player_choice":"Card Removal","floor":2.0,"gold_loss":0.0,"damage_taken":0.0},{"damage_healed":0.0,"max_hp_gain":0.0,"max_hp_loss":0.0,"gold_gain":0.0,"event_name":"Shining Light","player_choice":"Entered Light","floor":12.0,"gold_loss":0.0,"damage_taken":17.0,"cards_upgraded":["Defend_G","Footwork"]},{"damage_healed":0.0,"max_hp_gain":0.0,"max_hp_loss":0.0,"gold_gain":0.0,"cards_transformed":["Strike_G"],"event_name":"Transmorgrifier","player_choice":"Transformed","floor":20.0,"gold_loss":0.0,"damage_taken":0.0,"cards_obtained":["Bouncing Flask"]},{"damage_healed":0,"gold_gain":0,"player_choice":"Paid","damage_taken":0,"relics_obtained":["Red Mask"],"max_hp_gain":0,"max_hp_loss":0,"event_name":"Tomb of Lord Red Mask","floor":46,"gold_loss":89},{"damage_healed":0,"gold_gain":0,"player_choice":"Fight","damage_taken":0,"max_hp_gain":0,"max_hp_loss":0,"event_name":"MindBloom","floor":48,"gold_loss":0}],"is_beta":false,"boss_relics":[{"not_picked":["Empty Cage","Snecko Eye"],"picked":"Black Star"},{"not_picked":["Calling Bell","SacredBark"],"picked":"Philosopher\u0027s Stone"}],"items_purged_floors":[21,28],"is_endless":false,"potions_floor_spawned":[4,7,8,11,18,24,25,29,31,36,37,48],"ascension_level":11}}