{"host":"m2106ztvmcgfoyc9","time":1608296137,"event":{"mods":["BaseMod","Minty Spire (QoL Compilation)","Relic Stats"],"gold_per_floor":[113,194,194,214,4,4,39,56,83,110,124,124,150,130,130,130,130],"floor_reached":16,"playtime":477,"items_purged":[],"score":236,"play_id":"81be30d9-1b5f-419e-bf35-2db83a408dcc","local_time":"20201218135537","is_ascension_mode":true,"campfire_choices":[{"data":"Anger","floor":6,"key":"SMITH"},{"data":"Bash","floor":12,"key":"SMITH"},{"data":"Clothesline","floor":15,"key":"SMITH"}],"circlet_count":0,"master_deck":["AscendersBane","Strike_R","Strike_R","Strike_R","Strike_R","Strike_R","Defend_R","Defend_R","Defend_R","Defend_R","Bash+1","Anger+1","Combust","Disarm","Iron Wave","Clothesline+1","Berserk"],"relics":["Burning Blood","Shuriken","Bag of Marbles","ClockworkSouvenir","StoneCalendar","Anchor","Bronze Scales","Ancient Tea Set"],"acts_visited":["Exordium"],"potions_floor_usage":[7,8,13,16],"damage_taken":[{"damage":2,"enemies":"Cultist","floor":1,"turns":4},{"damage":7,"enemies":"Jaw Worm","floor":4,"turns":2},{"damage":51,"enemies":"3 Sentries","floor":7,"turns":7},{"damage":3,"enemies":"Small Slimes","floor":8,"turns":2},{"damage":22,"enemies":"Gremlin Nob","floor":10,"turns":4},{"damage":13,"enemies":"Exordium Thugs","floor":11,"turns":3},{"damage":8,"enemies":"Lagavulin","floor":13,"turns":5},{"damage":18,"enemies":"Slime Boss","floor":16,"turns":6}],"seed_played":"6018058066698074374","potions_obtained":[{"floor":0,"key":"Dexterity Potion"},{"floor":0,"key":"DistilledChaos"},{"floor":7,"key":"DuplicationPotion"},{"floor":10,"key":"FairyPotion"},{"floor":11,"key":"Block Potion"},{"floor":13,"key":"Weak Potion"},{"floor":14,"key":"LiquidBronze"}],"is_trial":false,"path_per_floor":["M","T","?","M","$","R","E","M","T","E","M","R","E","?","R","B"],"character_chosen":"IRONCLAD","items_purchased":["ClockworkSouvenir","Disarm"],"campfire_rested":0,"item_purchase_floors":[5,5],"current_hp_per_floor":[72,72,72,71,71,71,26,29,29,13,28,28,26,26,26,8,8],"gold":130,"neow_bonus":"THREE_SMALL_POTIONS","is_daily":false,"chose_seed":false,"campfire_upgraded":3,"win_rate":0.0,"timestamp":1608296137,"path_taken":["M","?","?","M","$","R","E","M","T","E","?","R","E","?","R","BOSS"],"items_purchased_type":["Relic","Card"],"build_version":"2020-12-13","purchased_purges":0,"victory":false,"max_hp_per_floor":[75,75,75,75,75,75,75,75,75,75,75,75,75,75,75,75,75],"relic_stats":{"counters":[8,33],"Shuriken":[9],"Bronze Scales":[18],"StoneCalendar":[0],"obtain_stats":[{"Anchor":9,"Shuriken":2,"Bronze Scales":10,"StoneCalendar":7,"Bag of Marbles":3,"Ancient Tea Set":13,"Burning Blood":0,"ClockworkSouvenir":5},{"Anchor":4,"Shuriken":1,"Bronze Scales":5,"StoneCalendar":3,"Bag of Marbles":1,"Ancient Tea Set":7,"Burning Blood":0,"ClockworkSouvenir":2},{"Anchor":15,"Shuriken":4,"Bronze Scales":19,"StoneCalendar":13,"Bag of Marbles":4,"Ancient Tea Set":27,"Burning Blood":0,"ClockworkSouvenir":6}],"Burning Blood":42},"card_choices":[{"not_picked":["Body Slam","Entrench"],"picked":"Anger","floor":1},{"not_picked":["True Grit","Heavy Blade"],"picked":"Combust","floor":4},{"not_picked":["Wild Strike","Twin Strike","Searing Blow"],"picked":"SKIP","floor":7},{"not_picked":["Body Slam","Whirlwind"],"picked":"Iron Wave","floor":8},{"not_picked":["Iron Wave","Headbutt","Combust"],"picked":"SKIP","floor":10},{"not_picked":["True Grit","Havoc"],"picked":"Clothesline","floor":11},{"not_picked":["Searing Blow","Bloodletting"],"picked":"Berserk","floor":13}],"player_experience":959652,"relics_obtained":[{"floor":2,"key":"Shuriken"},{"floor":7,"key":"StoneCalendar"},{"floor":9,"key":"Anchor"},{"floor":10,"key":"Bronze Scales"},{"floor":13,"key":"Ancient Tea Set"}],"event_choices":[{"damage_healed":0,"gold_gain":0,"player_choice":"Gave Potion","damage_taken":0,"relics_obtained":["Bag of Marbles"],"max_hp_gain":0,"max_hp_loss":0,"event_name":"WeMeetAgain","floor":3,"gold_loss":0},{"damage_healed":0,"gold_gain":0,"player_choice":"Bought 1 Potion","damage_taken":0,"max_hp_gain":0,"max_hp_loss":0,"event_name":"The Woman in Blue","floor":14,"gold_loss":0}],"is_beta":false,"boss_relics":[],"items_purged_floors":[],"is_endless":false,"potions_floor_spawned":[7,10,11,13],"killed_by":"Slime Boss","ascension_level":20}}