{"host":"bg8va46pgqgvtzim","time":1608295560,"event":{"mods":["BaseMod","Downfall","Minty Spire (QoL Compilation)","Quick Restart","StSLib","SuperFastMode"],"gold_per_floor":[99,129,54,87,87,87,133,133,144,144,144,161,161,222,235,235,235],"floor_reached":16,"playtime":424,"items_purged":["hexamod:Strike"],"score":123,"play_id":"413864d9-d2ab-4ec9-8bf5-49e912ea4a01","local_time":"20201218204600","is_ascension_mode":false,"campfire_choices":[{"data":"hexamod:Sear","floor":1.0,"key":"SMITH"},{"data":"hexamod:GhostflameInferno","floor":6.0,"key":"SMITH"},{"data":"hexamod:NightmareStrike","floor":8.0,"key":"SMITH"},{"data":"hexamod:Hexaguard","floor":10.0,"key":"SMITH"}],"circlet_count":0,"master_deck":["hexamod:Strike","hexamod:Strike","hexamod:Strike","hexamod:Defend","hexamod:Defend","hexamod:Defend","hexamod:Defend","hexamod:Sear+1","hexamod:Float","hexamod:NightmareStrike+1","hexamod:GhostflameInferno+1","hexamod:ThirdSeal","hexamod:ChargedBarrage","hexamod:BurningTouch"],"relics":["hexamod:SpiritBrand","downfall:HeartsMalice","Bag of Preparation","Bird Faced Urn","PreservedInsect","SsserpentHead"],"acts_visited":["Exordium"],"potions_floor_usage":[16,16],"damage_taken":[{"damage":0.0,"enemies":"downfall:FleeingMerchant","floor":3.0,"turns":1.0},{"damage":0.0,"enemies":"Lagavulin","floor":4.0,"turns":1.0},{"damage":0.0,"enemies":"2 Louse","floor":5.0,"turns":1.0},{"damage":0.0,"enemies":"Small Slimes","floor":9.0,"turns":2.0},{"damage":1.0,"enemies":"Cultist","floor":12.0,"turns":3.0},{"damage":5.0,"enemies":"Red Slaver","floor":14.0,"turns":3.0},{"damage":4.0,"enemies":"Exordium Thugs","floor":15.0,"turns":4.0},{"damage":61,"enemies":"downfall:Defect","floor":16,"turns":6}],"seed_played":"148076514925802361","potions_obtained":[{"floor":12.0,"key":"Strength Potion"},{"floor":14.0,"key":"Weak Potion"}],"is_trial":false,"path_per_floor":["R","?","$","E","M","R","T","R","M","R","?","M","?","M","M","B"],"character_chosen":"THE_SPIRIT","items_purchased":[],"campfire_rested":0,"item_purchase_floors":[],"current_hp_per_floor":[70,70,70,70,70,70,70,70,70,70,70,69,69,64,60,0,0],"gold":235,"neow_bonus":"THREE_ENEMY_KILL","is_daily":false,"chose_seed":false,"campfire_upgraded":4,"win_rate":0.0,"timestamp":1608295560,"path_taken":["R","?","$","E","M","R","T","R","M","R","?","M","?","?","M","BOSS"],"items_purchased_type":[],"build_version":"2020-12-13","purchased_purges":1,"victory":false,"max_hp_per_floor":[70,70,70,70,70,70,70,70,70,70,70,70,70,70,70,70,70],"card_choices":[{"not_picked":["hexamod:SecondSeal","hexamod:RainOfEmbers","hexamod:SwordOfDarkness"],"picked":"SKIP","floor":3.0},{"not_picked":["hexamod:FastForward","hexamod:Rewind"],"picked":"hexamod:NightmareStrike","floor":4.0},{"not_picked":["hexamod:GhostOfSpireFuture","hexamod:SpectersWail"],"picked":"hexamod:GhostflameInferno","floor":5.0},{"not_picked":["hexamod:NightmareStrike","hexamod:GhostLash"],"picked":"hexamod:Hexaguard","floor":9.0},{"not_picked":["hexamod:NightmareGuise","hexamod:GhostShield"],"picked":"hexamod:ChargedBarrage","floor":12.0},{"not_picked":["hexamod:Firestarter","hexamod:Rewind"],"picked":"hexamod:BurningTouch","floor":12.0},{"not_picked":["hexamod:Firestarter","hexamod:NightmareGuise","hexamod:ThermalTransfer"],"picked":"SKIP","floor":14.0},{"not_picked":["hexamod:RadiantFlame","hexamod:Firestarter","hexamod:Again"],"picked":"SKIP","floor":15.0}],"player_experience":2141760,"relics_obtained":[{"floor":4.0,"key":"Bird Faced Urn"},{"floor":7.0,"key":"PreservedInsect"}],"event_choices":[{"damage_healed":0.0,"max_hp_gain":0.0,"max_hp_loss":0.0,"gold_gain":0.0,"event_name":"FaceTrader","player_choice":"Trade","floor":13.0,"gold_loss":0.0,"damage_taken":0.0,"relics_obtained":["SsserpentHead"]}],"is_beta":false,"boss_relics":[],"items_purged_floors":[3],"is_endless":false,"potions_floor_spawned":[12,14],"killed_by":"downfall:Defect","ascension_level":0}}