{"host":"j0a1jfichhxu8b8p","time":1608298249,"event":{"mods":["BaseMod","Colored Map","DeckTracker","Keyboard Shortcuts","Minty Spire (QoL Compilation)","Permanent Neow","StSLib","everything is the same but u backflip on backflip"],"gold_per_floor":[113,113,131,150,150,150,176,176,176,176,176,21,39,39,39,143,143,126,306,162,177,77,77,97,97,97,108,108,123,158,83,83,188,188,199,215,90,102,114,114,139,166,211,211,91,91,118,138,138,138],"floor_reached":51,"playtime":2319,"items_purged":["Defend_P","Strike_P","Strike_P+1","Defend_P"],"score":1274,"play_id":"776823af-be0c-468e-a90b-ce944f7b31d5","local_time":"20201218223049","is_ascension_mode":true,"campfire_choices":[{"data":"Adaptation","floor":6.0,"key":"SMITH"},{"data":"FearNoEvil","floor":8.0,"key":"SMITH"},{"data":"SashWhip","floor":10.0,"key":"SMITH"},{"data":"Strike_P","floor":15.0,"key":"SMITH"},{"floor":23.0,"key":"REST"},{"data":"Scrawl","floor":25.0,"key":"SMITH"},{"floor":28.0,"key":"REST"},{"floor":32.0,"key":"REST"},{"floor":40.0,"key":"REST"},{"floor":49,"key":"REST"}],"circlet_count":0,"master_deck":["Defend_P","Defend_P","Eruption+1","Vigilance+1","Adaptation+1","Halt","FearNoEvil+1","Scrawl+1","MentalFortress","InnerPeace"],"relics":["PureWater","WingedGreaves","GoldenEye","Omamori","SlaversCollar","Toy Ornithopter","Mercury Hourglass","Fusion Hammer","Pantograph","The Courier","Pen Nib","Letter Opener"],"acts_visited":["Exordium","TheCity","TheBeyond"],"potions_floor_usage":[],"damage_taken":[{"damage":0.0,"enemies":"2 Louse","floor":1.0,"turns":2.0},{"damage":7.0,"enemies":"Small Slimes","floor":3.0,"turns":3.0},{"damage":4.0,"enemies":"Jaw Worm","floor":4.0,"turns":4.0},{"damage":10.0,"enemies":"3 Sentries","floor":7.0,"turns":6.0},{"damage":0.0,"enemies":"2 Fungi Beasts","floor":13.0,"turns":2.0},{"damage":32.0,"enemies":"Hexaghost","floor":16.0,"turns":11.0},{"damage":8.0,"enemies":"2 Thieves","floor":18.0,"turns":4.0},{"damage":8.0,"enemies":"Spheric Guardian","floor":21.0,"turns":4.0},{"damage":18.0,"enemies":"3 Cultists","floor":24.0,"turns":6.0},{"damage":3.0,"enemies":"Sentry and Sphere","floor":27.0,"turns":4.0},{"damage":2.0,"enemies":"Centurion and Healer","floor":29.0,"turns":3.0},{"damage":19.0,"enemies":"Book of Stabbing","floor":30.0,"turns":6.0},{"damage":40.0,"enemies":"Automaton","floor":33.0,"turns":10.0},{"damage":0.0,"enemies":"Orb Walker","floor":35.0,"turns":2.0},{"damage":2.0,"enemies":"3 Shapes","floor":36.0,"turns":5.0},{"damage":0.0,"enemies":"Spire Growth","floor":38.0,"turns":2.0},{"damage":24.0,"enemies":"4 Shapes","floor":39.0,"turns":6.0},{"damage":0,"enemies":"Reptomancer","floor":41,"turns":7},{"damage":0,"enemies":"Giant Head","floor":42,"turns":4},{"damage":0,"enemies":"Nemesis","floor":47,"turns":3},{"damage":13,"enemies":"Sphere and 2 Shapes","floor":48,"turns":4},{"damage":13,"enemies":"Donu and Deca","floor":50,"turns":4}],"seed_played":"5730025795324929337","potions_obtained":[{"floor":4.0,"key":"BottledMiracle"},{"floor":18.0,"key":"SkillPotion"},{"floor":27.0,"key":"StancePotion"},{"floor":29.0,"key":"FearPotion"},{"floor":33.0,"key":"Regen Potion"},{"floor":41,"key":"Fire Potion"},{"floor":42,"key":"Regen Potion"},{"floor":47,"key":"GamblersBrew"}],"is_trial":false,"path_per_floor":["M","?","M","M","?","R","E","R","T","R","?","$","M","?","R","B",null,"M","?","$","M","$","R","M","R","T","M","R","M","E","?","R","B",null,"M","M","$","M","M","R","E","E","T","?","$","?","E","M","R","B",null],"character_chosen":"WATCHER","items_purchased":["Omamori","MentalFortress"],"campfire_rested":5,"item_purchase_floors":[12,20],"current_hp_per_floor":[65,65,58,54,40,40,30,30,30,30,35,35,35,35,35,3,59,51,32,32,24,24,47,29,29,29,26,49,47,28,28,51,11,61,61,59,59,59,59,77,77,77,77,77,77,73,73,60,73,60],"gold":138,"neow_bonus":"UPGRADE_CARD","is_daily":false,"chose_seed":false,"campfire_upgraded":5,"win_rate":0.0,"timestamp":1608298249,"path_taken":["M","?","M","M","?","R","E","R","T","R","?","$","M","?","R","BOSS","M","?","$","M","$","R","?","R","T","M","R","M","E","?","R","BOSS","M","M","$","M","M","R","E","E","T","?","$","?","E","M","R","BOSS"],"items_purchased_type":["Relic","Card"],"build_version":"2020-12-13","purchased_purges":4,"victory":true,"max_hp_per_floor":[72,72,72,72,72,72,72,72,72,72,77,77,77,77,77,77,77,77,77,77,77,77,77,77,77,77,77,77,77,77,77,77,77,77,77,77,77,77,77,77,77,77,77,77,77,73,73,73,73,73],"card_choices":[{"not_picked":["ThirdEye","Evaluate"],"picked":"SashWhip","floor":1.0},{"not_picked":["Protect","ThirdEye"],"picked":"Halt","floor":3.0},{"not_picked":["Study","EmptyBody","TalkToTheHand"],"picked":"SKIP","floor":4.0},{"not_picked":["ConjureBlade","Consecrate"],"picked":"FearNoEvil","floor":7.0},{"not_picked":["Evaluate","JustLucky","CrushJoints"],"picked":"SKIP","floor":13.0},{"not_picked":["LessonLearned","Ragnarok"],"picked":"Scrawl","floor":16.0},{"not_picked":["EmptyBody+1","Pray","Evaluate+1"],"picked":"SKIP","floor":18.0},{"not_picked":["CutThroughFate","EmptyFist+1","FearNoEvil"],"picked":"SKIP","floor":21.0},{"not_picked":["Halt","Wireheading+1","Meditate"],"picked":"SKIP","floor":24.0},{"not_picked":["Prostrate","SignatureMove","FollowUp+1"],"picked":"SKIP","floor":27.0},{"not_picked":["Consecrate","Evaluate","Halt+1"],"picked":"SKIP","floor":29.0},{"not_picked":["Omniscience","Perseverance","Wireheading"],"picked":"SKIP","floor":30.0},{"not_picked":["Crescendo","Halt+1","Nirvana"],"picked":"SKIP","floor":35.0},{"not_picked":["PathToVictory+1","WreathOfFlame+1","SashWhip+1"],"picked":"SKIP","floor":36.0},{"not_picked":["Swivel+1","ThirdEye","Consecrate"],"picked":"SKIP","floor":38.0},{"not_picked":["CrushJoints","ForeignInfluence+1","Conclude+1"],"picked":"SKIP","floor":39.0},{"not_picked":["Alpha","Consecrate","BowlingBash"],"picked":"SKIP","floor":41},{"not_picked":["Tantrum+1","Collect+1","Wish"],"picked":"SKIP","floor":42},{"not_picked":["Prostrate","Sanctity"],"picked":"InnerPeace","floor":47},{"not_picked":["Crescendo","CarveReality+1","Halt+1"],"picked":"SKIP","floor":48}],"player_experience":328347,"relics_obtained":[{"floor":7.0,"key":"WingedGreaves"},{"floor":9.0,"key":"GoldenEye"},{"floor":26.0,"key":"Toy Ornithopter"},{"floor":30.0,"key":"Mercury Hourglass"},{"floor":41,"key":"Pantograph"},{"floor":42,"key":"The Courier"},{"floor":43,"key":"Pen Nib"},{"floor":47,"key":"Letter Opener"}],"event_choices":[{"damage_healed":0.0,"max_hp_gain":0.0,"max_hp_loss":0.0,"gold_gain":0.0,"cards_transformed":["Strike_P"],"event_name":"Living Wall","player_choice":"Change","floor":2.0,"gold_loss":0.0,"damage_taken":0.0,"cards_obtained":["Adaptation"]},{"damage_healed":0.0,"max_hp_gain":0.0,"max_hp_loss":0.0,"gold_gain":0.0,"event_name":"Shining Light","player_choice":"Entered Light","floor":5.0,"gold_loss":0.0,"damage_taken":14.0,"cards_upgraded":["Vigilance","Strike_P"]},{"damage_healed":0.0,"max_hp_gain":5.0,"max_hp_loss":0.0,"gold_gain":0.0,"event_name":"Big Fish","player_choice":"Donut","floor":11.0,"gold_loss":0.0,"damage_taken":0.0},{"damage_healed":0.0,"max_hp_gain":0.0,"max_hp_loss":0.0,"gold_gain":0.0,"event_name":"Liars Game","player_choice":"Ignored","floor":14.0,"gold_loss":0.0,"damage_taken":0.0},{"damage_healed":0.0,"max_hp_gain":0.0,"max_hp_loss":0.0,"gold_gain":180.0,"event_name":"Knowing Skull","player_choice":"GOLD GOLD ","floor":19.0,"potions_obtained":[],"gold_loss":0.0,"damage_taken":19.0,"cards_obtained":[]},{"cards_removed":["Strike_P"],"damage_healed":0.0,"max_hp_gain":0.0,"max_hp_loss":0.0,"gold_gain":0.0,"event_name":"Beggar","player_choice":"Gave Gold","floor":31.0,"gold_loss":75.0,"damage_taken":0.0},{"cards_removed":["SashWhip"],"damage_healed":0,"gold_gain":0,"player_choice":"Removed Attack","damage_taken":0,"max_hp_gain":0,"max_hp_loss":0,"event_name":"Falling","floor":44,"gold_loss":0},{"damage_healed":0,"gold_gain":0,"player_choice":"Max HP","damage_taken":0,"max_hp_gain":0,"max_hp_loss":4,"event_name":"Winding Halls","floor":46,"gold_loss":0}],"is_beta":false,"boss_relics":[{"not_picked":["HolyWater","Velvet Choker"],"picked":"SlaversCollar"},{"not_picked":["Runic Dome","SacredBark"],"picked":"Fusion Hammer"}],"items_purged_floors":[20,22,37,45],"is_endless":false,"potions_floor_spawned":[4,18,27,29,33,35,38,41,42,47],"ascension_level":8}}