{"host":"1rlxwz5wgb7zwurx","time":1608286276,"event":{"mods":["Act Like it!","Aspiration","BaseMod","Better Third Choice","Colored Map","Colored Powertips","Conspire","Downfall","Fiend Mod","Halation","Hallownest","Hermit","Hubris","Ironclad Rager","JesterMod","Minty Spire (QoL Compilation)","Quick Restart","READ ME - Guardian Mod","Replay The Spire","Retaliation","Shade Mod","Somnambulant","StSLib","Synergy Search","The Bladedancer","The Bug Knight","The Construct","The Cursed","The Disciple","The Druid","The Elementalist","The Hierophant","The Juggle","The Jungle","The Mystic","The Necromancer","The Runesmith","The Servant 0.9.4","The Spell Scribe","The Valiant","thorton","vexMod"],"gold_per_floor":[195,195,34,46,80,80,80,98,112,144,162,177,187,187,201,305,971,971,1005,980,1012,1012,1039,1039,1055,1055,163,163,179,13,26,38,137,137,137,156,188,200,216,241,291,72,97,143,171,171,375,375,397,514],"floor_reached":51,"playtime":5969,"items_purged":[],"score":1034,"play_id":"20efd245-1f69-4c8e-beae-63162afe7fa0","local_time":"20201218051116","is_ascension_mode":false,"campfire_choices":[{"data":"Slimebound:MinionMaster","floor":6,"key":"SMITH"},{"floor":18,"key":"RECALL"},{"data":"Slimebound:OneTwoCombo","floor":26,"key":"SMITH"}],"circlet_count":0,"master_deck":["Slimebound:Strike_Slimebound","Slimebound:Strike_Slimebound","Slimebound:Tackle","Slimebound:Defend_Slimebound","Slimebound:Defend_Slimebound","Slimebound:Defend_Slimebound","Slimebound:Split+1","Slimebound:CorrosiveSpit","Slimebound:MinionMaster+1","Slimebound:PressTheAttack","Slimebound:ProtectTheBoss","Slimebound:LeechingTouch","Slimebound:GrowthPunch","Slimebound:SlimeBarrage","Slimebound:RainOfGoop","Slimebound:SplitLeeching+1","Slimebound:RejuvenatingLick","Slimebound:OneTwoCombo+1","Slimebound:OozeBath+1","Slimebound:RollThrough","Slimebound:HauntingLick","Hallucinations","Slimebound:Grow+1","Slimebound:Repurpose+1","Slimebound:SplitAcid","Slimebound:GoopSpray","Slimebound:MassRepurpose+1","Slimebound:DisruptingSlam","Slimebound:SplitLeeching","Slimebound:PressTheAttack","Slimebound:GrowthPunch","Slimebound:AcidTongue","Slimebound:LeechEnergy","Slimebound:RejuvenatingLick+1","Slimebound:MassFeed","Slimebound:SplitAcid","Slimebound:SplitAcid+1","Slimebound:SplitMire+1","Slimebound:LevelUp+1","Slimebound:Nibble+1","Slimebound:SplitMire","Slimebound:DisruptingSlam","Slimebound:RejuvenatingLick","Slimebound:LevelUp+1","Slimebound:OozeBath","Slimebound:SplitMire","Slimebound:ItLooksTasty","Slimebound:PrepareCrush"],"relics":["Slimebound:AbsorbEndCombat","Happy Flower","Hallownest:DreamNailRelic","Slimebound:AggressiveSlimeRelic","Shuriken","Bronze Scales","halation:SelfBoilingWater","vexMod:RockOfEvil","Letter Opener","Runesmith:Nanobots","Ring of Fury","Ring of Peace","Vajra","hubris:HerbalPaste","vexMod:Dragonfruit","ReplayTheSpireMod:Lightbulb","Guide Book","Empty Cage","hubris:SlimyHat","Ancient Tea Set","Replay:Bandana","Strawberry","Bag of Preparation","vexMod:GhostlyGear","Pen Nib","elementalistmod:YellowCirclet","Hallownest:GodTamersBeastRelic","halation:StarCompass"],"acts_visited":["Exordium","Hallownest:Greenpath","Hallownest:CityofTears"],"potions_floor_usage":[12,12,30,47,47],"damage_taken":[{"damage":4,"enemies":"downfall:FleeingMerchant","floor":3,"turns":4},{"damage":12,"enemies":"Hallownest:2_Tiktiks_and_1_Crawlid","floor":4,"turns":3},{"damage":22,"enemies":"Hallownest:eliteMossKnight","floor":5,"turns":8},{"damage":10,"enemies":"Hallownest:monsterHuskGuard","floor":8,"turns":4},{"damage":13,"enemies":"2_ Uuma","floor":9,"turns":5},{"damage":26,"enemies":"Hallownest:eliteVengeflyKing","floor":10,"turns":9},{"damage":8,"enemies":"Hallownest:monsterAspidMother","floor":11,"turns":4},{"damage":17,"enemies":"Hallownest:1_Baldur_1_Crawlid_1_Warrior","floor":12,"turns":2},{"damage":10,"enemies":"Hallownest:monsterMossCharger","floor":13,"turns":3},{"damage":15,"enemies":"Hallownest:2_Tiktiks_1_Baldur_1_Crawlid","floor":15,"turns":3},{"damage":28,"enemies":"downfall:Defect","floor":16,"turns":5},{"damage":16,"enemies":"Hallownest:Nosk","floor":19,"turns":7},{"damage":23,"enemies":"Hallownest:eliteSoulWarrior","floor":21,"turns":7},{"damage":41,"enemies":"Hallownest:eliteWatcherKnight","floor":23,"turns":11},{"damage":19,"enemies":"Hallownest:Guard_and_Sentry","floor":25,"turns":5},{"damage":4,"enemies":"downfall:FleeingMerchant","floor":27,"turns":4},{"damage":10,"enemies":"Hallownest:Flukemon_and_Top","floor":29,"turns":3},{"damage":17,"enemies":"downfall:FleeingMerchant","floor":30,"turns":4},{"damage":4,"enemies":"Hallownest:2_Flukemon","floor":31,"turns":4},{"damage":18,"enemies":"Hallownest:Master_and_Novice","floor":32,"turns":2},{"damage":67,"enemies":"downfall:Ironclad","floor":33,"turns":5},{"damage":12,"enemies":"Hallownest:3_Siblings","floor":36,"turns":4},{"damage":35,"enemies":"Hallownest:eliteHiveKnight","floor":37,"turns":5},{"damage":20,"enemies":"Hallownest:2_Littles","floor":38,"turns":4},{"damage":16,"enemies":"Hallownest:2_Great","floor":39,"turns":2},{"damage":28,"enemies":"Hallownest:eliteCollector","floor":40,"turns":6},{"damage":0,"enemies":"downfall:FleeingMerchant","floor":42,"turns":1},{"damage":23,"enemies":"Hallownest:monsterPrimalAspid","floor":43,"turns":2},{"damage":20,"enemies":"Hallownest:StalkingDevout","floor":44,"turns":4},{"damage":15,"enemies":"Hallownest:Shield_Sturdy","floor":45,"turns":3},{"damage":12,"enemies":"Hallownest:Shield_Sturdy","floor":47,"turns":2},{"damage":18,"enemies":"Hallownest:Shield_Sturdy","floor":47,"turns":2},{"damage":14,"enemies":"Hallownest:Shield_Sturdy","floor":47,"turns":2},{"damage":12,"enemies":"Hallownest:Shield_Sturdy","floor":47,"turns":2},{"damage":15,"enemies":"Hallownest:2_Great","floor":49,"turns":3},{"damage":28,"enemies":"downfall:Watcher","floor":50,"turns":5}],"seed_played":"-1430771779294360824","potions_obtained":[{"floor":5,"key":"BlessingOfTheForge"},{"floor":10,"key":"AttackPotion"},{"floor":15,"key":"LiquidBronze"},{"floor":16,"key":"ColorlessPotion"},{"floor":23,"key":"Explosive Potion"},{"floor":29,"key":"Regen Potion"},{"floor":32,"key":"SteroidPotion"},{"floor":37,"key":"Adrenaline Potion"},{"floor":38,"key":"Fire Potion"}],"is_trial":false,"path_per_floor":["R_BF","?","$","M","E","R","T","M","M","E","M","M","M","?","M","B",null,"R","E","?","E","?","E","T","M","R","$","?","M","$","M","M","B",null,"R_BF","M","E","M","M","E","T","$","M","E","M","?","?","?","M","B",null],"character_chosen":"SLIMEBOUND","items_purchased":["Slimebound:AggressiveSlimeRelic","hubris:HerbalPaste","vexMod:Dragonfruit","ReplayTheSpireMod:Lightbulb","Slimebound:GoopSpray","Slimebound:MassRepurpose","Slimebound:DisruptingSlam","Guide Book","Strawberry","Bag of Preparation","vexMod:GhostlyGear","Slimebound:DisruptingSlam","Slimebound:RejuvenatingLick"],"campfire_rested":0,"item_purchase_floors":[3,27,27,27,27,27,27,30,42,42,42,42,42],"current_hp_per_floor":[60,60,60,56,54,54,54,56,59,45,49,48,50,50,47,57,60,60,60,60,49,49,48,48,55,55,65,65,65,64,65,55,32,65,65,68,68,74,74,71,71,81,70,81,75,75,77,77,81,77],"gold":514,"neow_bonus":"RANDOM_COMMON_RELIC","is_daily":false,"chose_seed":false,"campfire_upgraded":2,"win_rate":0.0,"timestamp":1608286276,"path_taken":["R_BF","?","$","M","E","R","T","M","M","E","M","M","?","?","M","BOSS","R","E","?","E","?","E","T","M","R","$","?","M","$","M","M","BOSS","R_BF","M","E","M","M","E","T","$","M","E","M","?","?","?","M","BOSS"],"items_purchased_type":["Relic","Relic","Relic","Relic","Card","Card","Card","Relic","Relic","Relic","Relic","Card","Card"],"build_version":"2020-12-13","purchased_purges":0,"victory":true,"max_hp_per_floor":[60,60,60,60,60,60,60,60,60,60,60,60,60,60,60,60,60,60,60,60,60,60,60,60,60,60,65,65,65,65,65,65,65,65,65,68,68,74,74,74,74,81,81,81,81,81,81,81,81,81],"card_choices":[{"not_picked":["Slimebound:ViciousTackle","Slimebound:ComboTackle"],"picked":"Slimebound:MinionMaster","floor":3},{"not_picked":["Slimebound:GoopTackle","Slimebound:Schlurp"],"picked":"Slimebound:PressTheAttack","floor":4},{"not_picked":["Slimebound:Schlurp","Slimebound:Replication"],"picked":"Slimebound:ProtectTheBoss","floor":5},{"not_picked":["Slimebound:TongueLash","Slimebound:FinishingTackle"],"picked":"Slimebound:LeechingTouch","floor":8},{"not_picked":["Slimebound:LeechingTouch","Slimebound:Prepare"],"picked":"Slimebound:GrowthPunch","floor":9},{"not_picked":["Slimebound:MassRepurpose","Slimebound:RollThrough"],"picked":"Slimebound:SlimeBarrage","floor":10},{"not_picked":["Slimebound:FinishingTackle","Slimebound:LeechingTouch"],"picked":"Slimebound:RainOfGoop","floor":11},{"not_picked":["Slimebound:GrowthPunch","Slimebound:LeechEnergy"],"picked":"Slimebound:SplitLeeching","floor":12},{"not_picked":["Slimebound:Schlurp","Slimebound:Nibble"],"picked":"Slimebound:RejuvenatingLick","floor":13},{"not_picked":["Slimebound:SplitAcid","Slimebound:Schlurp"],"picked":"Slimebound:OneTwoCombo","floor":15},{"not_picked":["Slimebound:DouseInSlime","Slimebound:WasteNot"],"picked":"Slimebound:OozeBath","floor":16},{"not_picked":["Slimebound:SamplingLick","Slimebound:ViciousTackle"],"picked":"Slimebound:RollThrough","floor":19},{"not_picked":["Slimebound:ViciousTackle","Slimebound:DuplicatedForm"],"picked":"Slimebound:HauntingLick","floor":21},{"not_picked":["Slimebound:PressTheAttack","Slimebound:BestDefense"],"picked":"Slimebound:Grow+1","floor":23},{"not_picked":["Slimebound:Replication","Slimebound:ViciousTackle"],"picked":"Slimebound:Repurpose+1","floor":25},{"not_picked":["Slimebound:FinishingTackle","Slimebound:ComboTackle"],"picked":"Slimebound:SplitAcid","floor":27},{"not_picked":["Slimebound:SplitBruiser","Slimebound:Repurpose"],"picked":"Slimebound:SplitLeeching","floor":28},{"not_picked":["Slimebound:GoopSpray","Slimebound:FinishingTackle"],"picked":"Slimebound:PressTheAttack","floor":28},{"not_picked":["Slimebound:FinishingTackle","Slimebound:ComboTackle"],"picked":"Slimebound:GrowthPunch","floor":29},{"not_picked":["Slimebound:PressTheAttack","Slimebound:RollThrough+1"],"picked":"Slimebound:AcidTongue","floor":30},{"not_picked":["Slimebound:BestDefense","Slimebound:GoopSpray"],"picked":"Slimebound:LeechEnergy","floor":31},{"not_picked":["Slimebound:AcidTongue","Slimebound:DisruptingSlam"],"picked":"Slimebound:RejuvenatingLick+1","floor":32},{"not_picked":["Slimebound:MinionMaster","Slimebound:PrepareCrush"],"picked":"Slimebound:MassFeed","floor":33},{"not_picked":["Slimebound:PressTheAttack+1","Slimebound:ViciousTackle+1"],"picked":"Slimebound:SplitAcid","floor":36},{"not_picked":["Slimebound:Nibble","Slimebound:GrowthPunch+1"],"picked":"Slimebound:SplitAcid+1","floor":37},{"not_picked":["Slimebound:ProtectTheBoss+1","Slimebound:SplitLeeching+1"],"picked":"Slimebound:SplitMire+1","floor":38},{"not_picked":["Slimebound:ComboTackle","Slimebound:ViciousTackle"],"picked":"Slimebound:LevelUp+1","floor":39},{"not_picked":["Slimebound:BestDefense","Slimebound:SlimeBarrage"],"picked":"Slimebound:Nibble+1","floor":40},{"not_picked":["Slimebound:LivingWall","Slimebound:FinishingTackle+1"],"picked":"Slimebound:SplitMire","floor":42},{"not_picked":["Slimebound:Repurpose","Slimebound:GoopSpray+1"],"picked":"Slimebound:LevelUp+1","floor":43},{"not_picked":["Slimebound:SamplingLick","Slimebound:FirmFortitude"],"picked":"Slimebound:OozeBath","floor":44},{"not_picked":["Slimebound:RollThrough","Slimebound:ComboTackle"],"picked":"Slimebound:SplitMire","floor":45},{"not_picked":["Slimebound:AcidTongue","Slimebound:LeechEnergy"],"picked":"Slimebound:ItLooksTasty","floor":49},{"not_picked":["Slimebound:LeechLife","Slimebound:Teamwork"],"picked":"Slimebound:PrepareCrush","floor":50}],"player_experience":430295,"relics_obtained":[{"floor":5,"key":"Shuriken"},{"floor":7,"key":"Bronze Scales"},{"floor":10,"key":"halation:SelfBoilingWater"},{"floor":19,"key":"Letter Opener"},{"floor":21,"key":"Runesmith:Nanobots"},{"floor":22,"key":"Ring of Fury"},{"floor":22,"key":"Ring of Peace"},{"floor":23,"key":"Vajra"},{"floor":37,"key":"hubris:SlimyHat"},{"floor":40,"key":"Ancient Tea Set"},{"floor":41,"key":"Replay:Bandana"},{"floor":44,"key":"Pen Nib"}],"event_choices":[],"is_beta":false,"boss_relics":[{"not_picked":["halation:Prosthetics","Runesmith:UraniumAnvil"],"picked":"vexMod:RockOfEvil"},{"not_picked":["conspire:SeveredTorchhead","Philosopher\u0027s Stone"],"picked":"Empty Cage"}],"items_purged_floors":[],"is_endless":false,"potions_floor_spawned":[5,10,15,16,23,29,32,37,38,39,44,47,47,50],"ascension_level":0}}