{"host":"u3vur0jk0faz0no6","time":1608276167,"event":{"mods":["BaseMod","Better Skull","Better Third Choice","BetterRewards","Colored Map","Colored Powertips","Defective Defect","Hermit","Highlight Path","Infinite Spire","Minty Spire (QoL Compilation)","Rare Cards Sparkle","Relic Sorter","Relic Stats","Replay The Spire","Shade Mod","Shop Mod","StSLib","SuperFastMode","The Druid","The Hierophant","The Jungle","The Necromancer","The Runesmith","everything is the same but u backflip on backflip","slay the spire mod where everything is the same but ironclad has a cowboy hat"],"gold_per_floor":[111,111,111,111,54,81,81,116,166,202,202,202,229,276,276,370,370,407,407,407,447,467,467],"floor_reached":22,"playtime":371,"items_purged":[],"score":438,"play_id":"7741390f-e9f9-498b-9ea2-fc8eebc8f9fe","local_time":"20201218012246","is_ascension_mode":true,"campfire_choices":[{"data":"Caltrops","floor":12,"key":"SMITH"},{"floor":15,"key":"REST"}],"circlet_count":0,"master_deck":["AscendersBane","Strike_G","Strike_G","Strike_G","Strike_G","Strike_G","Defend_G","Defend_G","Defend_G","Defend_G","Defend_G","Survivor","Neutralize","Caltrops+1","Noxious Fumes+1","Backstab","Slice","Decay","Predator","Bouncing Flask","Storm of Steel","Prepared+1"],"relics":["Ring of the Snake","NeowsBlessing","Mummified Hand","infinitespire:Eraser","Replay:Bandana","infinitespire:EmpoweringShard","Black Star"],"acts_visited":["Exordium","TheCity"],"potions_floor_usage":[14,16,18,22],"damage_taken":[{"damage":0,"enemies":"Small Slimes","floor":1,"turns":1},{"damage":0,"enemies":"Lagavulin","floor":6,"turns":1},{"damage":0,"enemies":"3 Sentries","floor":8,"turns":1},{"damage":0,"enemies":"Cultist","floor":10,"turns":3},{"damage":0,"enemies":"2 Louse","floor":13,"turns":2},{"damage":28,"enemies":"Gremlin Nob","floor":14,"turns":4},{"damage":38,"enemies":"Slime Boss","floor":16,"turns":8},{"damage":6,"enemies":"2 Thieves","floor":18,"turns":4},{"damage":7,"enemies":"3 Byrds","floor":21,"turns":3},{"damage":43,"enemies":"Snake Plant","floor":22,"turns":4}],"seed_played":"3149913646202517751","potions_obtained":[{"floor":1,"key":"Swift Potion"},{"floor":14,"key":"Dexterity Potion"},{"floor":16,"key":"infinitespire:BlackPotion"},{"floor":21,"key":"Poison Potion"}],"is_trial":false,"path_per_floor":["M","?","$","?","$","E","?","E","T","M","?","R","M","E","R","B",null,"M","?","?","M","M"],"character_chosen":"THE_SILENT","items_purchased":["Noxious Fumes+1"],"campfire_rested":1,"item_purchase_floors":[5],"current_hp_per_floor":[59,59,59,59,59,59,59,59,59,59,59,59,59,31,50,12,53,47,47,47,40,0,0],"gold":467,"neow_bonus":"THREE_ENEMY_KILL","is_daily":false,"chose_seed":false,"campfire_upgraded":1,"win_rate":0.0,"timestamp":1608276166,"path_taken":["M","?","?","?","$","E","?","E","T","?","?","R","?","E","R","BOSS","M","?","?","M","M"],"items_purchased_type":["Card"],"build_version":"2020-12-13","purchased_purges":0,"victory":false,"max_hp_per_floor":[66,66,66,66,66,66,66,66,66,66,66,66,66,66,66,66,66,66,66,66,66,66,66],"relic_stats":{"counters":[10,31],"Mummified Hand":[12],"Black Star":0,"obtain_stats":[{"Replay:Bandana":9,"NeowsBlessing":0,"Mummified Hand":6,"infinitespire:EmpoweringShard":14,"Black Star":17,"infinitespire:Eraser":8,"Ring of the Snake":0},{"Replay:Bandana":3,"NeowsBlessing":0,"Mummified Hand":2,"infinitespire:EmpoweringShard":6,"Black Star":7,"infinitespire:Eraser":3,"Ring of the Snake":0},{"Replay:Bandana":3,"NeowsBlessing":0,"Mummified Hand":2,"infinitespire:EmpoweringShard":12,"Black Star":20,"infinitespire:Eraser":3,"Ring of the Snake":0}],"Ring of the Snake":[20]},"card_choices":[{"not_picked":["Fluid Movement","Hidden Blade"],"picked":"Caltrops","floor":1},{"not_picked":["Deflect","Masterful Stab"],"picked":"Backstab","floor":6},{"not_picked":["PiercingWail","Phantasmal Killer"],"picked":"Slice","floor":8},{"not_picked":["Accuracy","Deflect","Escape Plan"],"picked":"SKIP","floor":10},{"not_picked":["Slice","Backflip"],"picked":"Predator","floor":13},{"not_picked":["Distraction","Blade Dance"],"picked":"Bouncing Flask","floor":14},{"not_picked":["Wraith Form v2","Malaise"],"picked":"Storm of Steel","floor":16},{"not_picked":["Heel Hook","Sucker Punch"],"picked":"Prepared+1","floor":18},{"not_picked":["Backstab+1","Prepared","Sucker Punch"],"picked":"SKIP","floor":21}],"player_experience":1942680,"relics_obtained":[{"floor":6,"key":"Mummified Hand"},{"floor":8,"key":"infinitespire:Eraser"},{"floor":9,"key":"Replay:Bandana"},{"floor":14,"key":"infinitespire:EmpoweringShard"}],"event_choices":[{"damage_healed":0,"gold_gain":0,"player_choice":"Leave","damage_taken":0,"max_hp_gain":0,"max_hp_loss":0,"event_name":"FaceTrader","floor":2,"gold_loss":0},{"damage_healed":0,"gold_gain":0,"player_choice":"Ignored","damage_taken":0,"max_hp_gain":0,"max_hp_loss":0,"event_name":"Golden Wing","floor":4,"gold_loss":0},{"damage_healed":0,"gold_gain":0,"player_choice":"LEAVE","damage_taken":0,"max_hp_gain":0,"max_hp_loss":0,"event_name":"betterThird:BetterScrap","floor":7,"gold_loss":0,"cards_obtained":["Replay:Battleflow"]},{"damage_healed":0,"gold_gain":0,"player_choice":"Cursed","damage_taken":0,"max_hp_gain":0,"max_hp_loss":0,"event_name":"Wheel of Change","floor":11,"gold_loss":0,"cards_obtained":["Decay"]},{"damage_healed":0,"gold_gain":0,"player_choice":"Ignored","damage_taken":0,"max_hp_gain":0,"max_hp_loss":0,"event_name":"Ghosts","floor":20,"gold_loss":0}],"is_beta":false,"boss_relics":[{"not_picked":["Honey Jar","Snecko Scales"],"picked":"Black Star"}],"items_purged_floors":[],"is_endless":false,"potions_floor_spawned":[1,14,16,21],"killed_by":"Snake Plant","ascension_level":15}}