{"host":"2lrkmsuh7nz013qb","time":1608285081,"event":{"mods":["BaseMod","Colored Map","DeckTracker","Minty Spire (QoL Compilation)","SuperFastMode","everything is the same but u backflip on backflip"],"gold_per_floor":[109,127,127,138,138,166,185,216,216,216,291,291,316,71,71,200,200,223,236,261,276,197,197,197,211,235,235,259,36,57,73,73,198,198,214,277,343,37,51,51,67,82,109,109,442,777,795,806,806,806],"floor_reached":51,"playtime":2253,"items_purged":["Strike_B"],"score":1008,"play_id":"948c4924-85f5-42ad-a20f-873c84b1edf7","local_time":"20201218185121","is_ascension_mode":true,"campfire_choices":[{"floor":10.0,"key":"REST"},{"data":"Apotheosis","floor":15.0,"key":"SMITH"},{"data":"Defragment","floor":23.0,"key":"SMITH"},{"data":"Seek","floor":32.0,"key":"SMITH"},{"floor":40.0,"key":"REST"},{"data":"Echo Form","floor":44.0,"key":"SMITH"},{"floor":49.0,"key":"REST"}],"circlet_count":0,"master_deck":["Strike_B","Strike_B","Defend_B","Defend_B","Defend_B+1","Zap","Dualcast","Seek+1","Rebound+1","Electrodynamics","Undo","Defragment+1","Conserve Battery","Static Discharge","Apotheosis+1","Electrodynamics","Turbo","Heatsinks","Electrodynamics","Consume","Coolheaded","Heatsinks","Coolheaded","Turbo+1","Turbo+1","Loop+1","Echo Form+1","Ball Lightning+1","Loop+1","Ball Lightning"],"relics":["FrozenCore","StrikeDummy","Bronze Scales","TungstenRod","Meat on the Bone","Toy Ornithopter","Nilry\u0027s Codex","Blood Vial","Empty Cage","Pocketwatch","Du-Vu Doll","Bag of Preparation","War Paint","Old Coin"],"acts_visited":["Exordium","TheCity","TheBeyond"],"potions_floor_usage":[50],"damage_taken":[{"damage":3.0,"enemies":"2 Louse","floor":1.0,"turns":3.0},{"damage":1.0,"enemies":"Cultist","floor":2.0,"turns":3.0},{"damage":0.0,"enemies":"Small Slimes","floor":4.0,"turns":2.0},{"damage":20.0,"enemies":"Lagavulin","floor":6.0,"turns":3.0},{"damage":0.0,"enemies":"3 Louse","floor":7.0,"turns":1.0},{"damage":25.0,"enemies":"Gremlin Nob","floor":8.0,"turns":4.0},{"damage":7.0,"enemies":"Large Slime","floor":13.0,"turns":5.0},{"damage":0.0,"enemies":"Slime Boss","floor":16.0,"turns":6.0},{"damage":0.0,"enemies":"Shell Parasite","floor":18.0,"turns":4.0},{"damage":9.0,"enemies":"Chosen","floor":19.0,"turns":6.0},{"damage":0.0,"enemies":"Shelled Parasite and Fungi","floor":20.0,"turns":6.0},{"damage":11.0,"enemies":"Snake Plant","floor":21.0,"turns":3.0},{"damage":5.0,"enemies":"3 Cultists","floor":25.0,"turns":3.0},{"damage":11.0,"enemies":"Snecko","floor":28.0,"turns":6.0},{"damage":8.0,"enemies":"Centurion and Healer","floor":30.0,"turns":3.0},{"damage":9.0,"enemies":"3 Cultists","floor":31.0,"turns":2.0},{"damage":11.0,"enemies":"Automaton","floor":33.0,"turns":10.0},{"damage":0.0,"enemies":"3 Darklings","floor":35.0,"turns":2.0},{"damage":0.0,"enemies":"Mind Bloom Boss Battle","floor":36.0,"turns":5.0},{"damage":33.0,"enemies":"2 Orb Walkers","floor":37.0,"turns":3.0},{"damage":5.0,"enemies":"3 Shapes","floor":39.0,"turns":3.0},{"damage":16.0,"enemies":"Writhing Mass","floor":41.0,"turns":4.0},{"damage":10.0,"enemies":"Jaw Worm Horde","floor":42.0,"turns":2.0},{"damage":0.0,"enemies":"Giant Head","floor":46.0,"turns":9.0},{"damage":5.0,"enemies":"4 Shapes","floor":47.0,"turns":4.0},{"damage":31.0,"enemies":"Transient","floor":48.0,"turns":5.0},{"damage":34,"enemies":"Time Eater","floor":50,"turns":11}],"seed_played":"2415654508542359644","potions_obtained":[{"floor":1.0,"key":"PotionOfCapacity"},{"floor":2.0,"key":"SpeedPotion"},{"floor":4.0,"key":"EssenceOfDarkness"},{"floor":7.0,"key":"SteroidPotion"},{"floor":18.0,"key":"SkillPotion"},{"floor":21.0,"key":"Weak Potion"},{"floor":25.0,"key":"FocusPotion"},{"floor":35.0,"key":"ColorlessPotion"},{"floor":36.0,"key":"GamblersBrew"},{"floor":41.0,"key":"Swift Potion"},{"floor":47.0,"key":"Regen Potion"}],"is_trial":false,"path_per_floor":["M","M","?","M","?","E","M","E","T","R","?","?","M","$","R","B",null,"M","M","M","M","$","R","?","M","T","?","M","$","M","M","R","B",null,"M","?","?","$","M","R","M","M","T","R","?","E","M","M","R","B",null],"character_chosen":"DEFECT","items_purchased":["Apotheosis","PowerPotion","Consume","Blood Vial","Heatsinks","Bag of Preparation","DuplicationPotion"],"campfire_rested":3,"item_purchase_floors":[14,14,22,29,29,38,38],"current_hp_per_floor":[65,64,64,64,61,41,41,16,16,38,28,28,33,33,33,45,63,63,54,54,43,43,43,43,38,38,26,32,32,38,43,43,39,62,64,66,41,41,38,58,44,41,41,41,41,48,45,28,48,36],"gold":806,"neow_bonus":"ONE_RANDOM_RARE_CARD","is_daily":false,"chose_seed":false,"campfire_upgraded":4,"win_rate":0.0,"timestamp":1608285081,"path_taken":["M","M","?","?","?","E","M","E","T","R","?","?","M","$","R","BOSS","M","M","M","M","$","R","?","M","T","?","M","$","M","M","R","BOSS","M","?","?","$","M","R","M","M","T","R","?","E","M","M","R","BOSS"],"items_purchased_type":["Card","Potion","Card","Relic","Card","Relic","Potion"],"build_version":"2020-12-13","purchased_purges":1,"victory":true,"max_hp_per_floor":[75,75,75,75,75,75,75,75,75,75,75,69,69,69,69,69,69,69,69,69,69,69,69,69,69,69,69,69,69,69,69,69,69,69,69,69,69,69,69,69,69,69,69,69,69,69,69,69,69,69],"card_choices":[{"not_picked":["Hello World","Darkness","Steam"],"picked":"SKIP","floor":1.0},{"not_picked":["Streamline","Force Field"],"picked":"Rebound","floor":2.0},{"not_picked":["Storm","Compile Driver"],"picked":"Electrodynamics","floor":4.0},{"not_picked":["Static Discharge","Fusion"],"picked":"Undo","floor":6.0},{"not_picked":["Rebound","Compile Driver"],"picked":"Defragment","floor":7.0},{"not_picked":["Gash","Beam Cell"],"picked":"Conserve Battery","floor":8.0},{"not_picked":["Beam Cell","Stack"],"picked":"Static Discharge","floor":13.0},{"not_picked":["Reboot","Rainbow"],"picked":"Electrodynamics","floor":16.0},{"not_picked":["Tempest","Stack"],"picked":"Turbo","floor":18.0},{"not_picked":["Redo","Conserve Battery+1"],"picked":"Heatsinks","floor":19.0},{"not_picked":["Redo+1","Compile Driver","Leap"],"picked":"SKIP","floor":20.0},{"not_picked":["Redo+1","Compile Driver","Leap"],"picked":"SKIP","floor":20.0},{"not_picked":["Streamline","Barrage","Electrodynamics"],"picked":"SKIP","floor":21.0},{"not_picked":["Streamline","Barrage"],"picked":"Electrodynamics","floor":21.0},{"not_picked":["Sweeping Beam+1","Hologram+1"],"picked":"Coolheaded","floor":25.0},{"not_picked":["Barrage","Rebound","Reprogram"],"picked":"SKIP","floor":28.0},{"not_picked":["Sweeping Beam","Redo"],"picked":"Coolheaded","floor":30.0},{"not_picked":["Steam","Beam Cell+1"],"picked":"Turbo","floor":31.0},{"not_picked":["Gash","Stack","Cold Snap+1"],"picked":"SKIP","floor":35.0},{"not_picked":["Leap","Streamline+1"],"picked":"Turbo+1","floor":36.0},{"not_picked":["Barrage+1","Fusion"],"picked":"Loop+1","floor":37.0},{"not_picked":["Stack","Coolheaded+1","Auto Shields"],"picked":"SKIP","floor":39.0},{"not_picked":["Skim","Scrape+1","Rebound"],"picked":"SKIP","floor":41.0},{"not_picked":["Skim","Scrape+1","Rebound"],"picked":"SKIP","floor":41.0},{"not_picked":["Steam","Hologram"],"picked":"Echo Form","floor":42.0},{"not_picked":["Cold Snap+1","Gash+1"],"picked":"Ball Lightning+1","floor":46.0},{"not_picked":["Rebound+1","Steam"],"picked":"Loop+1","floor":47.0},{"not_picked":["Fission","Leap"],"picked":"Ball Lightning","floor":48.0}],"player_experience":679719,"relics_obtained":[{"floor":6.0,"key":"Bronze Scales"},{"floor":8.0,"key":"TungstenRod"},{"floor":9.0,"key":"Meat on the Bone"},{"floor":26.0,"key":"Toy Ornithopter"},{"floor":27.0,"key":"Nilry\u0027s Codex"},{"floor":36.0,"key":"Pocketwatch"},{"floor":37.0,"key":"Du-Vu Doll"},{"floor":43.0,"key":"War Paint"},{"floor":46.0,"key":"Old Coin"}],"event_choices":[{"damage_healed":0.0,"max_hp_gain":0.0,"max_hp_loss":0.0,"gold_gain":0.0,"event_name":"Upgrade Shrine","player_choice":"Upgraded","floor":3.0,"gold_loss":0.0,"damage_taken":0.0,"cards_upgraded":["Rebound"]},{"damage_healed":0.0,"max_hp_gain":0.0,"max_hp_loss":0.0,"gold_gain":0.0,"event_name":"Scrap Ooze","player_choice":"Success","floor":5.0,"gold_loss":0.0,"damage_taken":3.0,"relics_obtained":["StrikeDummy"]},{"damage_healed":0.0,"max_hp_gain":0.0,"max_hp_loss":0.0,"gold_gain":75.0,"event_name":"World of Goop","player_choice":"Gather Gold","floor":11.0,"gold_loss":0.0,"damage_taken":11.0},{"damage_healed":0.0,"max_hp_gain":0.0,"max_hp_loss":6.0,"gold_gain":0.0,"event_name":"Golden Idol","player_choice":"Lose Max HP","floor":12.0,"gold_loss":0.0,"damage_taken":0.0,"relics_obtained":["Golden Idol"]},{"damage_healed":0.0,"max_hp_gain":0.0,"max_hp_loss":0.0,"gold_gain":0.0,"event_name":"The Mausoleum","player_choice":"Ignored","floor":24.0,"gold_loss":0.0,"damage_taken":0.0},{"damage_healed":0.0,"max_hp_gain":0.0,"max_hp_loss":0.0,"gold_gain":0.0,"event_name":"Cursed Tome","player_choice":"Obtained Book","floor":27.0,"gold_loss":0.0,"damage_taken":16.0},{"damage_healed":0.0,"max_hp_gain":0.0,"max_hp_loss":0.0,"gold_gain":0.0,"event_name":"MindBloom","player_choice":"Fight","floor":36.0,"gold_loss":0.0,"damage_taken":0.0},{"damage_healed":0.0,"max_hp_gain":0.0,"max_hp_loss":0.0,"gold_gain":0.0,"event_name":"Mysterious Sphere","player_choice":"Fight","floor":37.0,"gold_loss":0.0,"damage_taken":0.0},{"damage_healed":0.0,"max_hp_gain":0.0,"max_hp_loss":0.0,"gold_gain":333.0,"event_name":"The Moai Head","player_choice":"Gave Idol","floor":45.0,"relics_lost":["Golden Idol"],"gold_loss":0.0,"damage_taken":0.0}],"is_beta":false,"boss_relics":[{"not_picked":["Runic Dome","Sozu"],"picked":"FrozenCore"},{"not_picked":["Pandora\u0027s Box","Calling Bell"],"picked":"Empty Cage"}],"items_purged_floors":[38],"is_endless":false,"potions_floor_spawned":[1,2,4,7,18,21,25,35,36,41,47],"ascension_level":6}}