{"host":"q87smtchbkq9l0at","time":1608290671,"event":{"mods":["BaseMod","Colored Map","Colored Powertips","Minty Spire (QoL Compilation)","Quick Restart","StSLib","SuperFastMode"],"gold_per_floor":[114,127,127,141,66,66,81,81,81,81,81,98,113,140,140,235,235,251,269,269,175,195,195,195,195,195,195,95,114,134,162,162,259,259,272,283,330,330,79,109,59,59,83,158,173,173,173,201,201,201,201,201,25,51,51,51],"floor_reached":55,"playtime":2329,"items_purged":["Defend_R","Defend_R"],"score":718,"play_id":"2b7f77e0-8468-4939-be9d-1919c529a3e0","local_time":"20201218192431","is_ascension_mode":false,"campfire_choices":[{"floor":6.0,"key":"RECALL"},{"floor":11.0,"key":"REST"},{"data":"Inflame","floor":15.0,"key":"SMITH"},{"data":"Heavy Blade","floor":23.0,"key":"SMITH"},{"data":"Fire Breathing","floor":27.0,"key":"SMITH"},{"data":"Searing Blow","floor":32.0,"key":"SMITH"},{"data":"Limit Break","floor":42.0,"key":"SMITH"},{"data":"Warcry","floor":47.0,"key":"SMITH"},{"data":"Evolve","floor":49.0,"key":"SMITH"},{"data":"Metallicize","floor":52,"key":"SMITH"}],"circlet_count":0,"master_deck":["Strike_R","Strike_R+1","Strike_R+1","Defend_R","Defend_R","Bash+1","Inflame+1","Power Through","Metallicize+1","Heavy Blade+1","Reaper","Second Wind","Perfected Strike","Warcry+1","Fire Breathing+1","Flex+1","Intimidate+1","Searing Blow+1","Evolve+1","Limit Break+1","Shrug It Off+1","Fiend Fire","Infernal Blade+1"],"relics":["Burning Blood","TungstenRod","Pocketwatch","Lizard Tail","Mark of Pain","Matryoshka","Tiny Chest","Bottled Lightning","Whetstone","Philosopher\u0027s Stone","Thread and Needle","Brimstone","Bottled Tornado","Art of War","Shuriken","Pantograph","Paper Frog"],"acts_visited":["Exordium","TheCity","TheBeyond","TheEnding"],"potions_floor_usage":[50,55,55,55],"damage_taken":[{"damage":5.0,"enemies":"Jaw Worm","floor":1.0,"turns":6.0},{"damage":5.0,"enemies":"Cultist","floor":2.0,"turns":4.0},{"damage":3.0,"enemies":"Small Slimes","floor":4.0,"turns":3.0},{"damage":20.0,"enemies":"Exordium Wildlife","floor":7.0,"turns":6.0},{"damage":6.0,"enemies":"3 Louse","floor":12.0,"turns":5.0},{"damage":13.0,"enemies":"Exordium Thugs","floor":13.0,"turns":8.0},{"damage":15.0,"enemies":"Gremlin Nob","floor":14.0,"turns":5.0},{"damage":42.0,"enemies":"Hexaghost","floor":16.0,"turns":10.0},{"damage":7.0,"enemies":"Spheric Guardian","floor":18.0,"turns":6.0},{"damage":7.0,"enemies":"Shell Parasite","floor":19.0,"turns":5.0},{"damage":17.0,"enemies":"Snake Plant","floor":22.0,"turns":5.0},{"damage":15.0,"enemies":"Sentry and Sphere","floor":29.0,"turns":4.0},{"damage":4.0,"enemies":"Cultist and Chosen","floor":30.0,"turns":5.0},{"damage":15.0,"enemies":"Gremlin Leader","floor":31.0,"turns":6.0},{"damage":21.0,"enemies":"Collector","floor":33.0,"turns":6.0},{"damage":66.0,"enemies":"3 Shapes","floor":35.0,"turns":3.0},{"damage":10.0,"enemies":"Orb Walker","floor":36.0,"turns":2.0},{"damage":58.0,"enemies":"2 Orb Walkers","floor":37.0,"turns":4.0},{"damage":32.0,"enemies":"Giant Head","floor":40.0,"turns":6.0},{"damage":33.0,"enemies":"Spire Growth","floor":45.0,"turns":4.0},{"damage":34.0,"enemies":"Reptomancer","floor":48.0,"turns":5.0},{"damage":38,"enemies":"Time Eater","floor":50,"turns":5},{"damage":66,"enemies":"Shield and Spear","floor":54,"turns":5},{"damage":128,"enemies":"The Heart","floor":55,"turns":3}],"seed_played":"3987943409787861272","potions_obtained":[{"floor":1.0,"key":"CultistPotion"},{"floor":14.0,"key":"AttackPotion"},{"floor":18.0,"key":"Dexterity Potion"},{"floor":22.0,"key":"BlessingOfTheForge"},{"floor":33.0,"key":"SteroidPotion"},{"floor":36.0,"key":"SmokeBomb"},{"floor":37.0,"key":"DuplicationPotion"}],"is_trial":false,"path_per_floor":["M","M","?","M","$","R","M","?","T","?","R","M","M","E","R","B",null,"M","M","?","$","M","R","T","?","T","R","$","M","M","E","R","B",null,"M","M","?","?","$","E","$","R","T","T","M","?","R","E","R","B",null,"R","$","E","B"],"character_chosen":"IRONCLAD","items_purchased":["Warcry","Fire Breathing","CultistPotion","Brimstone","Dexterity Potion","SneckoOil","Regen Potion"],"campfire_rested":1,"item_purchase_floors":[21,21,28,39,41,53,53],"current_hp_per_floor":[80,80,80,80,80,80,66,66,66,60,80,80,73,64,64,28,80,79,78,78,78,72,72,72,58,58,58,58,57,73,78,78,75,85,25,25,45,45,45,68,68,68,68,68,65,65,65,71,71,78,81,81,81,76,0,0],"gold":51,"neow_bonus":"REMOVE_CARD","is_daily":false,"chose_seed":false,"campfire_upgraded":8,"win_rate":0.0,"timestamp":1608290671,"path_taken":["M","M","?","?","$","R","M","?","T","?","R","?","M","E","R","BOSS","M","M","?","?","M","R","?","?","T","R","$","M","M","E","R","BOSS","M","M","?","?","$","E","?","R","T","?","M","?","R","E","R","BOSS","R","$","E","BOSS"],"items_purchased_type":["Card","Card","Potion","Relic","Potion","Potion","Potion"],"build_version":"2020-12-13","purchased_purges":2,"victory":false,"max_hp_per_floor":[80,80,80,80,80,80,80,80,80,80,80,80,80,80,80,80,80,80,80,80,80,80,80,80,85,85,85,85,85,85,85,85,85,85,85,85,85,85,85,85,85,85,85,85,85,81,81,81,81,81,81,81,81,81,81,81],"card_choices":[{"not_picked":["Second Wind","Iron Wave","Armaments"],"picked":"SKIP","floor":1.0},{"not_picked":["Thunderclap","Clash","Headbutt"],"picked":"SKIP","floor":2.0},{"not_picked":["Twin Strike","Combust"],"picked":"Inflame","floor":4.0},{"not_picked":["Havoc","Sword Boomerang"],"picked":"Power Through","floor":7.0},{"not_picked":["Twin Strike","Cleave"],"picked":"Metallicize","floor":12.0},{"not_picked":["Whirlwind","Rage","Juggernaut"],"picked":"SKIP","floor":13.0},{"not_picked":["Armaments","Spot Weakness"],"picked":"Heavy Blade","floor":14.0},{"not_picked":["Offering","Barricade"],"picked":"Reaper","floor":16.0},{"not_picked":["Thunderclap","Perfected Strike","Headbutt"],"picked":"SKIP","floor":18.0},{"not_picked":["Thunderclap","Twin Strike+1"],"picked":"Second Wind","floor":19.0},{"not_picked":["Metallicize","Fire Breathing"],"picked":"Flex+1","floor":22.0},{"not_picked":["Wild Strike+1","Disarm"],"picked":"Intimidate+1","floor":29.0},{"not_picked":["Rampage+1","Headbutt"],"picked":"Searing Blow","floor":30.0},{"not_picked":["Iron Wave","Shrug It Off"],"picked":"Evolve","floor":31.0},{"not_picked":["Feed","Offering"],"picked":"Limit Break","floor":33.0},{"not_picked":["Twin Strike","Shockwave+1","Uppercut"],"picked":"SKIP","floor":35.0},{"not_picked":["Clothesline","Blood for Blood+1","Body Slam+1"],"picked":"SKIP","floor":36.0},{"not_picked":["Sword Boomerang","Dark Embrace","Iron Wave+1"],"picked":"SKIP","floor":40.0},{"not_picked":["Reckless Charge","Twin Strike+1"],"picked":"Shrug It Off+1","floor":45.0},{"not_picked":["Shrug It Off","Cleave+1"],"picked":"Fiend Fire","floor":48.0},{"not_picked":["Armaments+1","Entrench"],"picked":"Infernal Blade+1","floor":54}],"player_experience":35614,"relics_obtained":[{"floor":9.0,"key":"Pocketwatch"},{"floor":14.0,"key":"Lizard Tail"},{"floor":24.0,"key":"Matryoshka"},{"floor":26.0,"key":"Tiny Chest"},{"floor":26.0,"key":"Bottled Lightning"},{"floor":31.0,"key":"Whetstone"},{"floor":37.0,"key":"Thread and Needle"},{"floor":40.0,"key":"Bottled Tornado"},{"floor":43.0,"key":"Art of War"},{"floor":44.0,"key":"Shuriken"},{"floor":48.0,"key":"Pantograph"},{"floor":54,"key":"Paper Frog"}],"event_choices":[{"damage_healed":0.0,"max_hp_gain":0.0,"max_hp_loss":0.0,"gold_gain":0.0,"event_name":"Upgrade Shrine","player_choice":"Upgraded","floor":3.0,"gold_loss":0.0,"damage_taken":0.0,"cards_upgraded":["Bash"]},{"damage_healed":0.0,"max_hp_gain":0.0,"max_hp_loss":0.0,"gold_gain":0.0,"event_name":"Big Fish","player_choice":"Box","floor":8.0,"gold_loss":0.0,"damage_taken":0.0,"relics_obtained":["TungstenRod"],"cards_obtained":["Regret"]},{"cards_removed":["Regret"],"damage_healed":0.0,"max_hp_gain":0.0,"max_hp_loss":0.0,"gold_gain":0.0,"event_name":"Golden Wing","player_choice":"Card Removal","floor":10.0,"gold_loss":0.0,"damage_taken":7.0},{"damage_healed":0.0,"max_hp_gain":0.0,"max_hp_loss":0.0,"gold_gain":0.0,"cards_transformed":["Strike_R"],"event_name":"Transmorgrifier","player_choice":"Transformed","floor":20.0,"gold_loss":0.0,"damage_taken":0.0,"cards_obtained":["Perfected Strike"]},{"damage_healed":0.0,"max_hp_gain":5.0,"max_hp_loss":0.0,"gold_gain":0.0,"event_name":"Forgotten Altar","player_choice":"Shed Blood","floor":25.0,"gold_loss":0.0,"damage_taken":20.0},{"damage_healed":0.0,"max_hp_gain":0.0,"max_hp_loss":0.0,"gold_gain":0.0,"event_name":"Mysterious Sphere","player_choice":"Fight","floor":37.0,"gold_loss":0.0,"damage_taken":0.0},{"damage_healed":0.0,"max_hp_gain":0.0,"max_hp_loss":0.0,"gold_gain":0.0,"event_name":"Tomb of Lord Red Mask","player_choice":"Ignored","floor":38.0,"gold_loss":0.0,"damage_taken":0.0},{"damage_healed":0.0,"max_hp_gain":0.0,"max_hp_loss":4.0,"gold_gain":0.0,"event_name":"Winding Halls","player_choice":"Max HP","floor":46.0,"gold_loss":0.0,"damage_taken":0.0}],"is_beta":false,"boss_relics":[{"not_picked":["SacredBark","Cursed Key"],"picked":"Mark of Pain"},{"not_picked":["Busted Crown","Snecko Eye"],"picked":"Philosopher\u0027s Stone"}],"items_purged_floors":[5,39],"is_endless":false,"potions_floor_spawned":[1,14,18,22,29,33,36,37,54],"killed_by":"The Heart","ascension_level":0}}