{"host":"ggy1mjjy92c62u6a","time":1608285803,"event":{"mods":["BaseMod","Better Vampires","Decade(王小明)","Minty Spire (QoL Compilation)","Quick Restart","Shop Mod","Spicy Shops","StSLib","Waifu the Spire","【遗物卡牌】REMEMod"],"gold_per_floor":[115,132,132,155,169,195,5,20,20,20,31,31,66,83,83,183,183,199,199,215,215,149,182,64,78,78,17,29,29,354,366,366,366,366],"floor_reached":33,"playtime":2026,"items_purged":["Defend_G","Strike_G","Strike_G"],"score":337,"play_id":"3eae1862-314b-47d5-80b0-1ab83a4b1ab4","local_time":"20201218180323","is_ascension_mode":true,"campfire_choices":[{"data":"Bouncing Flask","floor":10,"key":"SMITH"},{"data":"REME_SpectralBlade","floor":15,"key":"SMITH"},{"data":"Noxious Fumes","floor":29,"key":"SMITH"},{"floor":32,"key":"REST"}],"circlet_count":0,"master_deck":["Strike_G","Strike_G","Strike_G","Defend_G","Defend_G","Defend_G","Defend_G","Survivor","Neutralize","Adrenaline","Bouncing Flask+1","PiercingWail","Dagger Throw","REME_SpectralBlade+1","Deadly Poison","After Image","Deflect","Noxious Fumes+1","Prepared"],"relics":["Ring of the Snake","REME_ComplimentaryCards","NeowsBlessing","Paper Crane","MerchantsRug","Busted Crown","MutagenicStrength","REME_HandOfSuture","Ginger","Old Coin"],"acts_visited":["Exordium","TheCity"],"potions_floor_usage":[16,18,30,33],"damage_taken":[{"damage":0,"enemies":"2 Louse","floor":1,"turns":1},{"damage":0,"enemies":"Jaw Worm","floor":2,"turns":1},{"damage":0,"enemies":"Cultist","floor":5,"turns":1},{"damage":25,"enemies":"Lagavulin","floor":6,"turns":8},{"damage":0,"enemies":"2 Fungi Beasts","floor":8,"turns":3},{"damage":0,"enemies":"Lots of Slimes","floor":11,"turns":4},{"damage":16,"enemies":"Gremlin Nob","floor":13,"turns":4},{"damage":7,"enemies":"Exordium Thugs","floor":14,"turns":4},{"damage":19,"enemies":"Hexaghost","floor":16,"turns":6},{"damage":13,"enemies":"2 Thieves","floor":18,"turns":4},{"damage":2,"enemies":"Chosen","floor":20,"turns":5},{"damage":40,"enemies":"Slavers","floor":23,"turns":4},{"damage":3,"enemies":"Snake Plant","floor":25,"turns":4},{"damage":9,"enemies":"Snecko","floor":28,"turns":5},{"damage":17,"enemies":"Gremlin Leader","floor":30,"turns":6},{"damage":0,"enemies":"3 Cultists","floor":31,"turns":3},{"damage":28,"enemies":"Collector","floor":33,"turns":6}],"seed_played":"1805652200788672625","potions_obtained":[{"floor":1,"key":"LiquidBronze"},{"floor":5,"key":"SpeedPotion"},{"floor":11,"key":"LiquidMemories"},{"floor":16,"key":"Fire Potion"},{"floor":18,"key":"Explosive Potion"},{"floor":25,"key":"EssenceOfSteel"},{"floor":31,"key":"Weak Potion"}],"is_trial":false,"path_per_floor":["M","M","?","T","M","E","$","M","T","R","M","$","E","M","R","B",null,"M","?","M","?","$","E","$","M","T","$","M","R","E","M","R","B"],"character_chosen":"THE_SILENT","items_purchased":["MerchantsRug","Pantograph","REME_HandOfSuture","Noxious Fumes"],"campfire_rested":1,"item_purchase_floors":[7,7,22,24],"current_hp_per_floor":[70,70,75,75,75,50,50,50,50,50,50,50,34,27,27,33,75,62,75,73,73,73,33,33,30,30,30,21,21,4,4,26,0,0],"gold":366,"neow_bonus":"THREE_ENEMY_KILL","is_daily":false,"chose_seed":false,"campfire_upgraded":3,"win_rate":0.0,"timestamp":1608285803,"path_taken":["M","M","?","?","M","E","$","M","T","R","?","$","E","M","R","BOSS","M","?","?","?","$","E","$","M","T","?","?","R","E","M","R","BOSS"],"items_purchased_type":["Relic","Relic","Relic","Card"],"build_version":"2020-12-13","purchased_purges":3,"victory":false,"max_hp_per_floor":[70,70,75,75,75,75,75,75,75,75,75,75,75,75,75,75,75,75,75,75,75,75,75,75,75,75,75,75,75,75,75,75,75,75],"card_choices":[{"not_picked":["Backflip","Quick Slash"],"picked":"Bouncing Flask","floor":1},{"not_picked":["Slice","Dodge and Roll","Finisher"],"picked":"SKIP","floor":2},{"not_picked":["Backflip","Sucker Punch","Blade Dance"],"picked":"SKIP","floor":5},{"not_picked":["Venomology","Endless Agony"],"picked":"PiercingWail","floor":6},{"not_picked":["Quick Slash","Bane"],"picked":"Dagger Throw","floor":8},{"not_picked":["Cloak And Dagger","Endless Agony"],"picked":"Infinite Blades","floor":11},{"not_picked":["Riddle With Holes","Calculated Gamble"],"picked":"REME_SpectralBlade","floor":13},{"not_picked":["Outmaneuver","Bane"],"picked":"Deadly Poison","floor":14},{"not_picked":["Glass Knife","REME_ShadowForm"],"picked":"After Image","floor":16},{"not_picked":["Poisoned Stab+1"],"picked":"SKIP","floor":18},{"not_picked":["Accuracy"],"picked":"SKIP","floor":20},{"not_picked":[],"picked":"Deflect","floor":23},{"not_picked":["Cloak And Dagger"],"picked":"SKIP","floor":25},{"not_picked":["Footwork"],"picked":"SKIP","floor":28},{"not_picked":["Underhanded Strike"],"picked":"SKIP","floor":30},{"not_picked":[],"picked":"Prepared","floor":31}],"player_experience":22923,"relics_obtained":[{"floor":4,"key":"Oddly Smooth Stone"},{"floor":6,"key":"Paper Crane"},{"floor":9,"key":"WingedGreaves"},{"floor":13,"key":"Bottled Flame"},{"floor":23,"key":"Ginger"},{"floor":26,"key":"Mercury Hourglass"},{"floor":30,"key":"Old Coin"}],"event_choices":[{"damage_healed":0,"gold_gain":0,"player_choice":"Donut","damage_taken":0,"max_hp_gain":5,"max_hp_loss":0,"event_name":"Big Fish","floor":3,"gold_loss":0},{"cards_removed":["Infinite Blades"],"damage_healed":13,"gold_gain":0,"player_choice":"Offered Uncommon","damage_taken":0,"max_hp_gain":0,"max_hp_loss":0,"event_name":"Bonfire Elementals","floor":19,"gold_loss":0},{"damage_healed":0,"gold_gain":0,"player_choice":"Inject Mutagens","damage_taken":0,"relics_obtained":["MutagenicStrength"],"max_hp_gain":0,"max_hp_loss":0,"event_name":"Drug Dealer","floor":21,"gold_loss":0}],"is_beta":false,"boss_relics":[{"not_picked":["WristBlade","Empty Cage"],"picked":"Busted Crown"}],"items_purged_floors":[22,24,27],"is_endless":false,"potions_floor_spawned":[1,5,11,16,18,25,31],"killed_by":"Collector","ascension_level":1}}