{"host":"w67240tx264gh7zw","time":1608313953,"event":{"mods":["2.2 Compatiblity","AchievementEnabler","Aspiration","BaseMod","Better Third Choice","Block Reminder","Colored Powertips","Conspire","Hermit","Highlight Path","Hubris","Infinite Spire","Marked Mod","Minty Spire (QoL Compilation)","Quick Restart","RNG Fix","Rare Cards Sparkle","Relic Stats","Replay The Spire","Shop Mod","Spicy Shops","Spikes Relics","StSLib","The Blue Laboratory","??????REMEMod"],"gold_per_floor":[117,131,131,131,149,178,192,210,235,147,162,162,162,179,179,179,179],"floor_reached":16,"playtime":687,"items_purged":[],"score":104,"play_id":"c87df6ba-a576-4814-8a37-9c38a01d15fc","local_time":"20201218095233","is_ascension_mode":false,"campfire_choices":[{"floor":15,"key":"REST"}],"circlet_count":0,"master_deck":["hermit:Strike_Hermit","hermit:Strike_Hermit","hermit:Strike_Hermit","hermit:Strike_Hermit","hermit:Defend_Hermit","hermit:Defend_Hermit","hermit:Defend_Hermit","hermit:Defend_Hermit","hermit:Snapshot","hermit:Covet","ReplayTheSpireMod:Omega Cannon","hermit:GoldenBullet","hermit:PistolWhip","hermit:ShadowCloak","hermit:Coalescence","hermit:Dive","hermit:Misfire","hermit:Shortfuse","Amnesia","hermit:Snipe"],"relics":["hermit:Momento","REME_ComplimentaryCards","NeowsBlessing","MerchantsRug","Anchor"],"acts_visited":["Exordium"],"potions_floor_usage":[],"damage_taken":[{"damage":0.0,"enemies":"Cultist","floor":1.0,"turns":1.0},{"damage":0.0,"enemies":"2 Louse","floor":2.0,"turns":1.0},{"damage":0.0,"enemies":"Small Slimes","floor":5.0,"turns":1.0},{"damage":47.0,"enemies":"Lagavulin","floor":6.0,"turns":6.0},{"damage":7.0,"enemies":"Blue Slaver","floor":7.0,"turns":2.0},{"damage":0.0,"enemies":"Large Slime","floor":8.0,"turns":4.0},{"damage":7.0,"enemies":"2 Fungi Beasts","floor":11.0,"turns":2.0},{"damage":16,"enemies":"Gremlin Gang","floor":14,"turns":3},{"damage":76,"enemies":"The Guardian","floor":16,"turns":8}],"seed_played":"875542398167895318","potions_obtained":[{"floor":1.0,"key":"blueLaboratory:BubblePotion"},{"floor":7.0,"key":"Cursed Concoction"},{"floor":8.0,"key":"hermit:BlackBile"},{"floor":11.0,"key":"Elixir"}],"is_trial":false,"path_per_floor":["M","M","?","?","M","E","M","M","T","$","M","?","T","M","R","B"],"character_chosen":"HERMIT","items_purchased":["MerchantsRug"],"campfire_rested":1,"item_purchase_floors":[10],"current_hp_per_floor":[75,75,75,75,75,28,21,21,21,21,14,75,75,59,75,0,0],"gold":179,"neow_bonus":"THREE_ENEMY_KILL","is_daily":false,"chose_seed":false,"campfire_upgraded":0,"win_rate":0.0,"timestamp":1608313953,"path_taken":["M","M","?","?","?","E","M","M","T","$","M","?","?","M","R","BOSS"],"items_purchased_type":["Relic"],"build_version":"2020-12-13","purchased_purges":0,"victory":false,"max_hp_per_floor":[75,75,75,75,75,75,75,75,75,75,75,75,75,75,75,75,75],"relic_stats":{"counters":[9,28],"obtain_stats":[{"MerchantsRug":10,"Anchor":13,"NeowsBlessing":0,"Smiling Mask":6,"hermit:Momento":0,"REME_ComplimentaryCards":0},{"MerchantsRug":6,"Anchor":7,"NeowsBlessing":0,"Smiling Mask":4,"hermit:Momento":0,"REME_ComplimentaryCards":0},{"MerchantsRug":15,"Anchor":17,"NeowsBlessing":0,"Smiling Mask":9,"hermit:Momento":0,"REME_ComplimentaryCards":0}]},"card_choices":[{"not_picked":["hermit:PistolWhip","hermit:ItchyTrigger"],"picked":"hermit:GoldenBullet","floor":1.0},{"not_picked":["hermit:Determination","hermit:Virtue"],"picked":"hermit:PistolWhip","floor":2.0},{"not_picked":["hermit:TrackingShot","hermit:Desperado"],"picked":"hermit:ShadowCloak","floor":5.0},{"not_picked":["hermit:WideOpen","hermit:FullyLoaded"],"picked":"hermit:Coalescence","floor":6.0},{"not_picked":["hermit:Feint","hermit:ItchyTrigger"],"picked":"hermit:Dive","floor":7.0},{"not_picked":["hermit:TrackingShot","hermit:WideOpen"],"picked":"hermit:Misfire","floor":8.0},{"not_picked":["hermit:FullyLoaded","hermit:BodyArmor"],"picked":"hermit:Shortfuse","floor":11.0},{"not_picked":["hermit:HoleUp","hermit:Vantage"],"picked":"hermit:Snipe","floor":14}],"player_experience":486772,"relics_obtained":[{"floor":6.0,"key":"Smiling Mask"},{"floor":13,"key":"Anchor"}],"event_choices":[{"damage_healed":0.0,"max_hp_gain":0.0,"max_hp_loss":0.0,"gold_gain":0.0,"event_name":"The Cleric","player_choice":"Leave","floor":3.0,"gold_loss":0.0,"damage_taken":0.0},{"damage_healed":0.0,"max_hp_gain":0.0,"max_hp_loss":0.0,"gold_gain":0.0,"event_name":"conspire:LoneGhost","player_choice":"Disagree","floor":4.0,"gold_loss":0.0,"damage_taken":0.0}],"is_beta":false,"boss_relics":[],"items_purged_floors":[],"is_endless":false,"potions_floor_spawned":[1,7,8,11],"killed_by":"The Guardian","ascension_level":0}}