{"host":"t8l92xzjkmihtain","time":1608289855,"event":{"mods":["AchievementEnabler","BaseMod","Colored Map","Minty Spire (QoL Compilation)","Rare Cards Sparkle","SuperFastMode","everything is the same but u backflip on backflip"],"gold_per_floor":[116,126,201,54,70,99,99,116,116,116,133,150,1,54,54,157,157,171,171,96,96,96,96,124,24,24,24,42,42,74,173,173,173,173],"floor_reached":33,"playtime":1153,"items_purged":["Defend_R","Defend_R"],"score":309,"play_id":"6198b309-0656-4a15-8160-5cd2cfa8183d","local_time":"20201218201055","is_ascension_mode":true,"campfire_choices":[{"data":"Perfected Strike","floor":7,"key":"SMITH"},{"floor":15,"key":"REST"},{"data":"Twin Strike","floor":23,"key":"SMITH"},{"floor":27,"key":"REST"},{"data":"Pommel Strike","floor":29,"key":"SMITH"},{"floor":32,"key":"REST"}],"circlet_count":0,"master_deck":["Strike_R","Strike_R","Strike_R","Strike_R","Strike_R","Defend_R","Defend_R","Bash","Twin Strike+1","Perfected Strike+1","Twin Strike+1","Perfected Strike+1","Pommel Strike+1"],"relics":["Burning Blood","Toy Ornithopter","HandDrill","Gambling Chip","Ginger","DollysMirror","PreservedInsect","Velvet Choker","MutagenicStrength","Calipers","Omamori","Eternal Feather"],"acts_visited":["Exordium","TheCity"],"potions_floor_usage":[6,16,16,33,33,33],"damage_taken":[{"damage":0,"enemies":"Small Slimes","floor":1,"turns":3},{"damage":13,"enemies":"Jaw Worm","floor":2,"turns":4},{"damage":9,"enemies":"2 Louse","floor":5,"turns":2},{"damage":21,"enemies":"3 Sentries","floor":6,"turns":6},{"damage":16,"enemies":"Exordium Thugs","floor":8,"turns":4},{"damage":9,"enemies":"2 Fungi Beasts","floor":11,"turns":2},{"damage":3,"enemies":"Blue Slaver","floor":12,"turns":2},{"damage":54,"enemies":"Hexaghost","floor":16,"turns":7},{"damage":11,"enemies":"2 Thieves","floor":18,"turns":2},{"damage":25,"enemies":"Book of Stabbing","floor":24,"turns":3},{"damage":12,"enemies":"Chosen","floor":28,"turns":2},{"damage":23,"enemies":"Gremlin Leader","floor":30,"turns":2},{"damage":96,"enemies":"Automaton","floor":33,"turns":6}],"seed_played":"-143563710955758496","potions_obtained":[{"floor":2,"key":"Fire Potion"},{"floor":8,"key":"ColorlessPotion"},{"floor":11,"key":"EssenceOfSteel"},{"floor":19,"key":"ColorlessPotion"},{"floor":19,"key":"DistilledChaos"},{"floor":19,"key":"FearPotion"}],"is_trial":false,"path_per_floor":["M","M","?","$","M","E","R","M","T","?","M","M","$","T","R","B",null,"M","?","$","?","$","R","E","$","T","R","M","R","E","?","R","B"],"character_chosen":"IRONCLAD","items_purchased":["HandDrill","DollysMirror"],"campfire_rested":3,"item_purchase_floors":[4,13],"current_hp_per_floor":[80,73,62,62,59,49,49,39,39,39,36,39,39,39,63,25,80,75,75,75,75,75,75,56,56,56,80,74,74,57,57,80,0,0],"gold":173,"neow_bonus":"RANDOM_COMMON_RELIC","is_daily":false,"chose_seed":false,"campfire_upgraded":3,"win_rate":0.0,"timestamp":1608289855,"path_taken":["M","M","?","$","M","E","R","M","T","?","M","M","$","?","R","BOSS","M","?","?","?","$","R","E","$","T","R","M","R","E","?","R","BOSS"],"items_purchased_type":["Relic","Relic"],"build_version":"2020-12-13","purchased_purges":2,"victory":false,"max_hp_per_floor":[80,80,80,80,80,80,80,80,80,80,80,80,80,80,80,80,80,80,80,80,80,80,80,80,80,80,80,80,80,80,80,80,80,80],"card_choices":[{"not_picked":["Searing Blow","Iron Wave"],"picked":"Twin Strike","floor":1},{"not_picked":["Sword Boomerang","Clash","Shrug It Off"],"picked":"SKIP","floor":2},{"not_picked":["Burning Pact","Cleave"],"picked":"Perfected Strike","floor":5},{"not_picked":["True Grit","Feel No Pain","Limit Break"],"picked":"SKIP","floor":6},{"not_picked":["Warcry","Sword Boomerang","Disarm"],"picked":"SKIP","floor":8},{"not_picked":["Clash","Inflame","Blood for Blood"],"picked":"SKIP","floor":11},{"not_picked":["Carnage","Dropkick"],"picked":"Twin Strike","floor":12},{"not_picked":["Body Slam+1","Blood for Blood","Hemokinesis"],"picked":"SKIP","floor":18},{"not_picked":["Flex","Clothesline","Combust"],"picked":"SKIP","floor":24},{"not_picked":["Headbutt+1","Rampage"],"picked":"Pommel Strike","floor":28},{"not_picked":["Heavy Blade","Flex","Shockwave+1"],"picked":"SKIP","floor":30}],"player_experience":23946,"relics_obtained":[{"floor":6,"key":"Gambling Chip"},{"floor":9,"key":"Ginger"},{"floor":14,"key":"PreservedInsect"},{"floor":24,"key":"Calipers"},{"floor":26,"key":"Omamori"},{"floor":30,"key":"Eternal Feather"}],"event_choices":[{"damage_healed":0,"gold_gain":75,"player_choice":"Gather Gold","damage_taken":11,"max_hp_gain":0,"max_hp_loss":0,"event_name":"World of Goop","floor":3,"gold_loss":0},{"damage_healed":0,"gold_gain":0,"player_choice":"Grow","damage_taken":0,"max_hp_gain":0,"max_hp_loss":0,"event_name":"Living Wall","floor":10,"gold_loss":0,"cards_upgraded":["Twin Strike"]},{"damage_healed":0,"gold_gain":0,"player_choice":"Got Potions","damage_taken":0,"max_hp_gain":0,"max_hp_loss":0,"event_name":"Lab","floor":19,"gold_loss":0},{"damage_healed":0,"gold_gain":0,"player_choice":"Inject Mutagens","damage_taken":0,"relics_obtained":["MutagenicStrength"],"max_hp_gain":0,"max_hp_loss":0,"event_name":"Drug Dealer","floor":21,"gold_loss":0},{"damage_healed":0,"gold_gain":99,"player_choice":"Stole From Cult","damage_taken":0,"max_hp_gain":0,"max_hp_loss":0,"event_name":"Nest","floor":31,"gold_loss":0}],"is_beta":false,"boss_relics":[{"not_picked":["Black Star","Snecko Eye"],"picked":"Velvet Choker"}],"items_purged_floors":[20,25],"is_endless":false,"potions_floor_spawned":[2,8,11,24],"killed_by":"Automaton","ascension_level":2}}