{"host":"63rwe7p34ct1i0qu","time":1608286682,"event":{"mods":["BaseMod","Colored Map","DeckTracker","Minty Spire (QoL Compilation)","Permanent Neow","Quick Restart","StSLib"],"gold_per_floor":[19,19,19,32,32,67,67,67,67,87,87,103,103,120,120,224,274,286,211,211,225,237,237,237,237],"floor_reached":24,"playtime":1395,"items_purged":[],"score":284,"play_id":"a860bcf0-4a28-43ee-9826-307467d8ed21","local_time":"20201218191802","is_ascension_mode":true,"campfire_choices":[{"floor":8,"key":"REST"},{"floor":15,"key":"REST"},{"floor":23,"key":"REST"}],"circlet_count":0,"master_deck":["Strike_B","Strike_B","Strike_B+1","Defend_B","Defend_B","Defend_B","Defend_B","Zap+1","Dualcast+1","Creative AI+1","Leap","Turbo","Core Surge","Ball Lightning","Hologram","Seek","Compile Driver","Seek","Steam Power+1","Self Repair+1"],"relics":["Cracked Core","Question Card","Orichalcum","Anchor","Tiny House"],"acts_visited":["Exordium","TheCity"],"potions_floor_usage":[6,6,14,16,16,18,22,22,24],"damage_taken":[{"damage":0,"enemies":"2 Louse","floor":1,"turns":3},{"damage":12,"enemies":"Small Slimes","floor":4,"turns":3},{"damage":21,"enemies":"3 Sentries","floor":6,"turns":8},{"damage":0,"enemies":"Cultist","floor":10,"turns":3},{"damage":16,"enemies":"Large Slime","floor":12,"turns":5},{"damage":0,"enemies":"Blue Slaver","floor":14,"turns":3},{"damage":19,"enemies":"Slime Boss","floor":16,"turns":8},{"damage":5,"enemies":"Spheric Guardian","floor":18,"turns":3},{"damage":26,"enemies":"Shell Parasite","floor":21,"turns":6},{"damage":38,"enemies":"Centurion and Healer","floor":22,"turns":4},{"damage":0,"enemies":"Snake Plant","floor":24,"turns":2}],"seed_played":"8330674015792648167","potions_obtained":[{"floor":3,"key":"DistilledChaos"},{"floor":3,"key":"Weak Potion"},{"floor":3,"key":"Swift Potion"},{"floor":10,"key":"Regen Potion"},{"floor":12,"key":"SpeedPotion"},{"floor":14,"key":"FocusPotion"},{"floor":16,"key":"Energy Potion"},{"floor":17,"key":"Fire Potion"},{"floor":21,"key":"AttackPotion"},{"floor":22,"key":"DistilledChaos"}],"is_trial":false,"path_per_floor":["M","?","?","M","?","E","$","R","T","M","T","M","$","M","R","B",null,"M","?","?","M","M","R","M"],"character_chosen":"DEFECT","items_purchased":[],"campfire_rested":3,"item_purchase_floors":[],"current_hp_per_floor":[68,68,68,56,41,20,20,42,42,42,42,26,26,35,57,38,71,66,66,66,40,2,26,26,26],"gold":237,"neow_bonus":"THREE_RARE_CARDS","is_daily":false,"chose_seed":false,"campfire_upgraded":0,"win_rate":0.0,"timestamp":1608286682,"path_taken":["M","?","?","?","?","E","$","R","T","M","?","M","?","M","R","BOSS","M","?","?","M","M","R","?"],"items_purchased_type":[],"build_version":"2020-12-13","purchased_purges":0,"victory":false,"max_hp_per_floor":[75,75,75,75,75,75,75,75,75,75,75,75,75,75,75,75,80,80,80,80,80,80,80,80,80],"card_choices":[{"not_picked":["Biased Cognition","Hyperbeam"],"picked":"Creative AI","floor":0},{"not_picked":["Ball Lightning","Rebound"],"picked":"Leap","floor":1},{"not_picked":["Gash","Go for the Eyes"],"picked":"Turbo","floor":4},{"not_picked":["Rebound","Stack"],"picked":"Core Surge","floor":6},{"not_picked":["Go for the Eyes","Compile Driver","Gash"],"picked":"Ball Lightning","floor":10},{"not_picked":["Steam","Rip and Tear","Storm"],"picked":"Hologram","floor":12},{"not_picked":["Gash","Rip and Tear","Sweeping Beam","Barrage"],"picked":"SKIP","floor":14},{"not_picked":["Fission","Amplify","Meteor Strike"],"picked":"Seek","floor":16},{"not_picked":["Hello World","Glacier","Beam Cell"],"picked":"Compile Driver","floor":17},{"not_picked":["Rebound","Gash+1","Multi-Cast","Leap"],"picked":"SKIP","floor":18},{"not_picked":["FTL","Darkness","Redo"],"picked":"Steam Power+1","floor":21},{"not_picked":["Beam Cell","Turbo","Barrage"],"picked":"Self Repair+1","floor":22}],"player_experience":792723,"relics_obtained":[{"floor":6,"key":"Question Card"},{"floor":9,"key":"Orichalcum"},{"floor":11,"key":"Anchor"}],"event_choices":[{"damage_healed":0,"gold_gain":0,"player_choice":"Grow","damage_taken":0,"max_hp_gain":0,"max_hp_loss":0,"event_name":"Living Wall","floor":2,"gold_loss":0,"cards_upgraded":["Creative AI"]},{"damage_healed":0,"gold_gain":0,"player_choice":"Got Potions","damage_taken":0,"max_hp_gain":0,"max_hp_loss":0,"event_name":"Lab","floor":3,"gold_loss":0},{"damage_healed":0,"gold_gain":0,"player_choice":"Entered Light","damage_taken":15,"max_hp_gain":0,"max_hp_loss":0,"event_name":"Shining Light","floor":5,"gold_loss":0,"cards_upgraded":["Dualcast","Strike_B"]},{"cards_removed":["Strike_B"],"damage_healed":0,"gold_gain":0,"player_choice":"Gave Gold","damage_taken":0,"max_hp_gain":0,"max_hp_loss":0,"event_name":"Beggar","floor":19,"gold_loss":75},{"damage_healed":0,"gold_gain":0,"player_choice":"Copied","damage_taken":0,"max_hp_gain":0,"max_hp_loss":0,"event_name":"Duplicator","floor":20,"gold_loss":0,"cards_obtained":["Seek"]}],"is_beta":false,"boss_relics":[{"not_picked":["Philosopher\u0027s Stone","Runic Dome"],"picked":"Tiny House"}],"items_purged_floors":[],"is_endless":false,"potions_floor_spawned":[10,12,14,16,21,22],"killed_by":"Snake Plant","ascension_level":9}}