{"host":"9ndbo4kgsfoemf7y","time":1608287901,"event":{"mods":["AchievementEnabler","BaseMod","Colored Map","DeckTracker","Keyboard Shortcuts","Minty Spire (QoL Compilation)","Permanent Neow","Quick Restart","Relic Stats","StSLib","SuperFastMode"],"gold_per_floor":[113,133,58,58,74,101,118,128,154,154,154],"floor_reached":10,"playtime":739,"items_purged":["Strike_G"],"score":130,"play_id":"d50ea1d6-8ad1-4cc7-89e1-a53ed5486f9b","local_time":"20201218193821","is_ascension_mode":true,"campfire_choices":[],"circlet_count":0,"master_deck":["AscendersBane","Strike_G","Strike_G+1","Strike_G","Strike_G","Defend_G","Defend_G","Defend_G","Defend_G","Defend_G","Survivor","Neutralize+1","Deadly Poison","Blade Dance","Cloak And Dagger","Deadly Poison","Tools of the Trade"],"relics":["Fusion Hammer","Gremlin Horn","Oddly Smooth Stone"],"acts_visited":["Exordium"],"potions_floor_usage":[8,10],"damage_taken":[{"damage":3.0,"enemies":"Cultist","floor":1.0,"turns":5.0},{"damage":4.0,"enemies":"Small Slimes","floor":2.0,"turns":4.0},{"damage":4.0,"enemies":"Jaw Worm","floor":5.0,"turns":2.0},{"damage":12.0,"enemies":"Lagavulin","floor":6.0,"turns":7.0},{"damage":0.0,"enemies":"2 Fungi Beasts","floor":7.0,"turns":3.0},{"damage":0,"enemies":"Exordium Thugs","floor":8,"turns":4},{"damage":22,"enemies":"Gremlin Nob","floor":10,"turns":3}],"seed_played":"-4651566118352378348","potions_obtained":[{"floor":1.0,"key":"Explosive Potion"},{"floor":8,"key":"SteroidPotion"}],"is_trial":false,"path_per_floor":["M","M","$","?","M","E","M","M","T","E"],"character_chosen":"THE_SILENT","items_purchased":[],"campfire_rested":0,"item_purchase_floors":[],"current_hp_per_floor":[56,52,52,32,28,16,16,16,16,0,0],"gold":154,"neow_bonus":"BOSS_RELIC","is_daily":false,"chose_seed":false,"campfire_upgraded":0,"win_rate":0.0,"timestamp":1608287901,"path_taken":["M","?","$","?","M","E","M","M","T","E"],"items_purchased_type":[],"build_version":"2020-12-13","purchased_purges":1,"victory":false,"max_hp_per_floor":[66,66,66,66,66,66,66,66,66,66,66],"relic_stats":{"Gremlin Horn":[2,2],"counters":[7,28],"obtain_stats":[{"Gremlin Horn":6,"Oddly Smooth Stone":9,"Fusion Hammer":0,"Ring of the Snake":0},{"Gremlin Horn":4,"Oddly Smooth Stone":6,"Fusion Hammer":0,"Ring of the Snake":0},{"Gremlin Horn":18,"Oddly Smooth Stone":25,"Fusion Hammer":0,"Ring of the Snake":0}]},"card_choices":[{"not_picked":["Riddle With Holes","PiercingWail"],"picked":"Deadly Poison","floor":1.0},{"not_picked":["Underhanded Strike","Dodge and Roll"],"picked":"Blade Dance","floor":2.0},{"not_picked":["Concentrate","Slice"],"picked":"Cloak And Dagger","floor":5.0},{"not_picked":["Cloak And Dagger","Prepared"],"picked":"Deadly Poison","floor":6.0},{"not_picked":["Flying Knee","Outmaneuver"],"picked":"Tools of the Trade","floor":7.0},{"not_picked":["Sucker Punch","Dagger Throw","Crippling Poison"],"picked":"SKIP","floor":8}],"player_experience":695347,"relics_obtained":[{"floor":6.0,"key":"Gremlin Horn"},{"floor":9,"key":"Oddly Smooth Stone"}],"event_choices":[{"damage_healed":0.0,"max_hp_gain":0.0,"max_hp_loss":0.0,"gold_gain":0.0,"event_name":"Shining Light","player_choice":"Entered Light","floor":4.0,"gold_loss":0.0,"damage_taken":20.0,"cards_upgraded":["Strike_G","Neutralize"]}],"is_beta":false,"boss_relics":[],"items_purged_floors":[3],"is_endless":false,"potions_floor_spawned":[1,8],"killed_by":"Gremlin Nob","ascension_level":17}}