{"host":"qcjfperppaz4o5r6","time":1608332413,"event":{"mods":["AchievementEnabler","BaseMod","BetterRewards","Colored Map","Colored Powertips","Downfall","Duelist Mod","Friendly Minions","Gremlin Mod","Marisa????????","Minty Spire (QoL Compilation)","Prisma Mod","Relic Stats","Replay The Spire","Shop Mod","StSLib","The Animator","The Bladedancer","The Construct","The Cursed","The Gatherer","The Hierophant","The Mystic","The Necromancer","The Poker Player","The Senshi","The Servant 0.9.4","The Wild Card","Waifu the Spire","Yohane!","everything is the same but u backflip on backflip"],"gold_per_floor":[114,114,114,131,141,141,153,188,188,188,205,221,221,71,71,176,176,192,192,192,172,184,184,218,30,30,50,50,50,50],"floor_reached":29,"playtime":2495,"items_purged":["Yohane:Strike_Grey"],"score":320,"play_id":"7f402755-5e44-4178-90e0-34045a04c832","local_time":"20201218180013","is_ascension_mode":false,"campfire_choices":[{"data":"Yohane:Impressive_Display","floor":6,"key":"SMITH"},{"data":"Yohane:Little_Demon_Lily","floor":10,"key":"SMITH"},{"data":"Yohane:Runaway_Umbrella","floor":13,"key":"SMITH"},{"floor":15,"key":"REST"},{"floor":23,"key":"REST"}],"circlet_count":0,"master_deck":["Yohane:Strike_Grey","Yohane:Strike_Grey","Yohane:Strike_Grey","Yohane:Defend_Grey","Yohane:Defend_Grey","Yohane:Defend_Grey","Yohane:Defend_Grey","Yohane:Little_Demon_Lily+1","Yohane:Well_Laid_Ambush","Yohane:Energy_Change+1","Yohane:Grace_Under_Fire","Yohane:Impressive_Display+1","Yohane:Runaway_Umbrella+1","Yohane:One_Two","Yohane:Ice_Cream_Assault","Yohane:Grand_Entrance","Yohane:Unstable_World","Yohane:My_Mai_Tonight","Yohane:Miracle_Wave+1","Yohane:Prideful_Crash+1","Yohane:Energy_Change"],"relics":["Yohane:AngelWings","FossilizedHelix","StoneCalendar","Black Star","Bronze Scales","Nunchaku","Nloth\u0027s Gift"],"acts_visited":["Exordium","TheCity"],"potions_floor_usage":[8,8,16,19,24,27,29],"damage_taken":[{"damage":6,"enemies":"2 Louse","floor":1,"turns":2},{"damage":5,"enemies":"Jaw Worm","floor":4,"turns":5},{"damage":9,"enemies":"Cultist","floor":5,"turns":4},{"damage":7,"enemies":"Large Slime","floor":7,"turns":6},{"damage":3,"enemies":"Lagavulin","floor":8,"turns":5},{"damage":0,"enemies":"Gremlin Gang","floor":11,"turns":3},{"damage":0,"enemies":"Lots of Slimes","floor":12,"turns":3},{"damage":0,"enemies":"Slime Boss","floor":16,"turns":7},{"damage":0,"enemies":"Spheric Guardian","floor":18,"turns":3},{"damage":0,"enemies":"2 Thieves","floor":19,"turns":1},{"damage":56,"enemies":"Snake Plant","floor":22,"turns":6},{"damage":20,"enemies":"Slavers","floor":24,"turns":5},{"damage":0,"enemies":"Chosen and Byrds","floor":27,"turns":2},{"damage":9,"enemies":"3 Cultists","floor":29,"turns":3}],"seed_played":"-7158212175043990605","potions_obtained":[{"floor":1,"key":"Strength Potion"},{"floor":4,"key":"SmokeBomb"},{"floor":7,"key":"champ:CounterPotion"},{"floor":8,"key":"hexamod:EctoCoolerPotion"},{"floor":21,"key":"CultistPotion"},{"floor":22,"key":"Elixir"},{"floor":27,"key":"Swift Potion"}],"is_trial":false,"path_per_floor":["M","?","?","M","M","R","M","E","T","R","M","M","R","$","R","B",null,"M","M","?","?","M","R","E","$","T","M","?","M"],"character_chosen":"FallenAngel","items_purchased":["Yohane:Grand_Entrance","Yohane:Prideful_Crash+1","Adrenaline Potion"],"campfire_rested":2,"item_purchase_floors":[14,25,25],"current_hp_per_floor":[60,60,60,55,46,46,39,36,36,36,36,36,36,36,55,55,66,66,66,66,66,10,29,9,9,9,9,9,0,0],"gold":50,"neow_bonus":"TEN_PERCENT_HP_BONUS","is_daily":false,"chose_seed":false,"campfire_upgraded":3,"win_rate":0.0,"timestamp":1608332413,"path_taken":["M","?","?","M","M","R","M","E","T","R","M","M","R","$","R","BOSS","M","M","?","?","?","R","E","$","T","M","?","?"],"items_purchased_type":["Card","Card","Potion"],"build_version":"2020-12-13","purchased_purges":1,"victory":false,"max_hp_per_floor":[66,66,66,66,66,66,66,66,66,66,66,66,66,66,66,66,66,66,66,66,66,66,66,66,66,66,66,66,66,66],"relic_stats":{"Nunchaku":[2],"counters":[14,55],"Bronze Scales":[12],"StoneCalendar":[43],"Black Star":1,"Nloth\u0027s Gift":0,"obtain_stats":[{"Nunchaku":26,"Bronze Scales":24,"StoneCalendar":9,"Molten Egg 2":24,"Black Star":17,"Nloth\u0027s Gift":28,"Yohane:AngelWings":0,"FossilizedHelix":8},{"Nunchaku":12,"Bronze Scales":12,"StoneCalendar":5,"Molten Egg 2":12,"Black Star":8,"Nloth\u0027s Gift":13,"Yohane:AngelWings":0,"FossilizedHelix":5},{"Nunchaku":50,"Bronze Scales":50,"StoneCalendar":22,"Molten Egg 2":50,"Black Star":35,"Nloth\u0027s Gift":52,"Yohane:AngelWings":0,"FossilizedHelix":22}]},"card_choices":[{"not_picked":["Yohane:Kowareyasuki","Yohane:Perfection"],"picked":"Yohane:Energy_Change","floor":1},{"not_picked":["Yohane:Allure_of_Darkness","Yohane:Culinary_Genius"],"picked":"Yohane:Grace_Under_Fire","floor":4},{"not_picked":["Yohane:Little_Demon_Support","Yohane:Misfortune"],"picked":"Yohane:Impressive_Display","floor":5},{"not_picked":["Yohane:Impressive_Display","Yohane:Miracle_Wave"],"picked":"Yohane:Runaway_Umbrella","floor":7},{"not_picked":["Yohane:Miracle_Wave","Yohane:Hakodate"],"picked":"Yohane:One_Two","floor":8},{"not_picked":["Yohane:Livestream_Donation","Yohane:Imagine_Breaker","Yohane:Misfortune"],"picked":"SKIP","floor":11},{"not_picked":["Yohane:Modore","Yohane:Misfortune"],"picked":"Yohane:Ice_Cream_Assault","floor":12},{"not_picked":["Yohane:Indulge","Yohane:Strawberry_Trapper"],"picked":"Yohane:Unstable_World","floor":16},{"not_picked":["Yohane:Retaliation","Yohane:Wrath+1"],"picked":"Yohane:My_Mai_Tonight","floor":18},{"not_picked":["Yohane:Misfortune+1","Yohane:Angel_Tears","Yohane:Academic_Prowess+1"],"picked":"SKIP","floor":22},{"not_picked":["Yohane:Blazing+1","Yohane:Livestream_Donation"],"picked":"Yohane:Miracle_Wave+1","floor":24},{"not_picked":["Yohane:Wrath+1","Yohane:Misfortune"],"picked":"Yohane:Energy_Change","floor":27}],"player_experience":27534,"relics_obtained":[{"floor":8,"key":"FossilizedHelix"},{"floor":9,"key":"StoneCalendar"},{"floor":24,"key":"Molten Egg 2"},{"floor":24,"key":"Bronze Scales"},{"floor":26,"key":"Nunchaku"}],"event_choices":[{"damage_healed":0,"gold_gain":0,"player_choice":"Leave","damage_taken":0,"max_hp_gain":0,"max_hp_loss":0,"event_name":"The Cleric","floor":2,"gold_loss":0},{"damage_healed":0,"gold_gain":0,"player_choice":"Grow","damage_taken":0,"max_hp_gain":0,"max_hp_loss":0,"event_name":"Living Wall","floor":3,"gold_loss":0,"cards_upgraded":["Yohane:Energy_Change"]},{"damage_healed":0,"gold_gain":0,"player_choice":"Bought 1 Potion","damage_taken":0,"max_hp_gain":0,"max_hp_loss":0,"event_name":"The Woman in Blue","floor":21,"gold_loss":0},{"damage_healed":0,"gold_gain":0,"player_choice":"Traded Relic","damage_taken":0,"relics_obtained":["Nloth\u0027s Gift"],"max_hp_gain":0,"max_hp_loss":0,"event_name":"N\u0027loth","floor":28,"relics_lost":["Molten Egg 2"],"gold_loss":0}],"is_beta":false,"boss_relics":[{"not_picked":["Tiny House","SacredBark"],"picked":"Black Star"}],"items_purged_floors":[14],"is_endless":false,"potions_floor_spawned":[1,4,7,8,19,22,27],"killed_by":"3 Cultists","ascension_level":0}}