{"host":"36mulxq349byzoa2","time":1608309202,"event":{"mods":["AchievementEnabler","BaseMod","Better Match","Block Reminder","Colored Map","Colored Powertips","Minty Spire (QoL Compilation)","Rare Cards Sparkle","StSLib","SuperFastMode"],"gold_per_floor":[119,44,44,57,77,111,11,11,11,11,41,80,117,148,160,270,282,278,317,121,46,46,46,46,58,58,78,78,78,94,112,112,216,216,232,84,94,107,122,122,122,134,134,134,134,152,152,162,162,162,162],"floor_reached":50,"playtime":1127,"items_purged":["Defend_R","Defend_R","Strike_R"],"score":604,"play_id":"a111a4d8-d8cb-4523-8b94-5019ac9d74e1","local_time":"20201218113322","is_ascension_mode":false,"campfire_choices":[{"data":"Dropkick","floor":8,"key":"SMITH"},{"data":"Carnage","floor":15,"key":"SMITH"},{"data":"Deep Breath","floor":23,"key":"SMITH"},{"data":"Bash","floor":29,"key":"SMITH"},{"floor":32,"key":"REST"},{"floor":44,"key":"REST"},{"floor":47,"key":"REST"},{"floor":49,"key":"REST"}],"circlet_count":0,"master_deck":["Defend_R+1","Defend_R+1","Bash+1","Carnage+1","Dropkick+1","Second Wind+1","Burning Pact+1","Deep Breath+1","Dropkick+1"],"relics":["Burning Blood","NeowsBlessing","Mercury Hourglass","HornCleat","War Paint","MawBank","Akabeko","Vajra","Astrolabe","Red Mask","Regal Pillow","SacredBark","DollysMirror","StrikeDummy"],"acts_visited":["Exordium","TheCity","TheBeyond"],"potions_floor_usage":[13,16,19,33,33,35],"damage_taken":[{"damage":0,"enemies":"2 Louse","floor":1,"turns":1},{"damage":0,"enemies":"Cultist","floor":4,"turns":1},{"damage":0,"enemies":"Jaw Worm","floor":5,"turns":1},{"damage":36,"enemies":"Lagavulin","floor":6,"turns":5},{"damage":0,"enemies":"Exordium Wildlife","floor":11,"turns":3},{"damage":0,"enemies":"Gremlin Nob","floor":13,"turns":3},{"damage":0,"enemies":"Exordium Thugs","floor":14,"turns":3},{"damage":0,"enemies":"Slime Boss","floor":16,"turns":5},{"damage":13,"enemies":"2 Thieves","floor":18,"turns":4},{"damage":17,"enemies":"Masked Bandits","floor":19,"turns":4},{"damage":0,"enemies":"3 Byrds","floor":25,"turns":3},{"damage":0,"enemies":"Snake Plant","floor":27,"turns":2},{"damage":20,"enemies":"Sentry and Sphere","floor":30,"turns":4},{"damage":6,"enemies":"Cultist and Chosen","floor":31,"turns":2},{"damage":0,"enemies":"Automaton","floor":33,"turns":2},{"damage":42,"enemies":"3 Darklings","floor":35,"turns":9},{"damage":0,"enemies":"Orb Walker","floor":37,"turns":2},{"damage":0,"enemies":"Spire Growth","floor":38,"turns":2},{"damage":0,"enemies":"3 Darklings","floor":39,"turns":3},{"damage":7,"enemies":"Writhing Mass","floor":42,"turns":2},{"damage":5,"enemies":"4 Shapes","floor":46,"turns":4},{"damage":0,"enemies":"Transient","floor":48,"turns":2},{"damage":0,"enemies":"Donu and Deca","floor":50,"turns":1}],"seed_played":"-8939143247494799431","potions_obtained":[{"floor":1,"key":"FairyPotion"},{"floor":5,"key":"SteroidPotion"},{"floor":13,"key":"DuplicationPotion"},{"floor":16,"key":"BlessingOfTheForge"},{"floor":18,"key":"Fire Potion"},{"floor":27,"key":"SteroidPotion"},{"floor":30,"key":"Weak Potion"},{"floor":33,"key":"ElixirPotion"},{"floor":35,"key":"SpeedPotion"},{"floor":37,"key":"Ancient Potion"}],"is_trial":false,"path_per_floor":["M","$","?","M","M","E","$","R","T","?","M","T","E","M","R","B",null,"M","?","$","?","?","R","?","M","T","M","?","R","M","M","R","B",null,"M","$","M","M","M","$","?","M","T","R","$","M","R","M","R","B"],"character_chosen":"IRONCLAD","items_purchased":["Deep Breath","DollysMirror"],"campfire_rested":4,"item_purchase_floors":[20,36],"current_hp_per_floor":[80,80,80,80,80,50,50,50,50,47,53,53,59,65,65,71,80,73,62,62,62,62,62,62,68,68,74,59,59,45,45,85,85,85,49,49,55,61,67,67,67,66,66,81,81,81,81,81,81,81,81],"gold":162,"neow_bonus":"THREE_ENEMY_KILL","is_daily":false,"chose_seed":false,"campfire_upgraded":4,"win_rate":0.0,"timestamp":1608309202,"path_taken":["M","$","?","?","M","E","?","R","T","?","?","?","E","M","R","BOSS","M","?","$","?","?","R","?","M","T","M","?","R","M","M","R","BOSS","M","$","M","M","M","$","?","M","T","R","$","M","R","M","R","BOSS"],"items_purchased_type":["Card","Relic"],"build_version":"2020-12-13","purchased_purges":3,"victory":false,"max_hp_per_floor":[80,80,80,80,80,80,80,80,80,80,80,80,80,80,80,80,80,80,80,80,80,80,80,80,80,80,80,85,85,85,85,85,85,85,85,85,85,85,85,85,81,81,81,81,81,81,81,81,81,81,81],"card_choices":[{"not_picked":["Rage","Shrug It Off","Metallicize"],"picked":"SKIP","floor":1},{"not_picked":["Twin Strike","Flame Barrier","Sword Boomerang"],"picked":"SKIP","floor":4},{"not_picked":["Body Slam","Clash"],"picked":"Carnage","floor":5},{"not_picked":["Infernal Blade","Uppercut"],"picked":"Dropkick","floor":6},{"not_picked":["Intimidate","Twin Strike","Clash"],"picked":"SKIP","floor":11},{"not_picked":["Warcry","Combust","Cleave"],"picked":"SKIP","floor":13},{"not_picked":["Limit Break","Heavy Blade","Entrench"],"picked":"SKIP","floor":14},{"not_picked":["Body Slam","Warcry","Power Through+1"],"picked":"SKIP","floor":18},{"not_picked":["Cleave","Anger","Body Slam"],"picked":"SKIP","floor":25},{"not_picked":["Intimidate","True Grit","Cleave"],"picked":"SKIP","floor":27},{"not_picked":["Wild Strike","Havoc","Entrench"],"picked":"SKIP","floor":30},{"not_picked":["Body Slam","Clash","Hemokinesis"],"picked":"SKIP","floor":31},{"not_picked":["Armaments","Rupture+1","Second Wind+1"],"picked":"SKIP","floor":35},{"not_picked":["Warcry+1","Pommel Strike","Havoc+1"],"picked":"SKIP","floor":37},{"not_picked":["Armaments","Anger+1","Dropkick"],"picked":"SKIP","floor":38},{"not_picked":["Hemokinesis+1","Bloodletting","Inflame"],"picked":"SKIP","floor":39},{"not_picked":["Wild Strike","Metallicize","Thunderclap"],"picked":"SKIP","floor":42},{"not_picked":["Battle Trance","Warcry+1","Bloodletting"],"picked":"SKIP","floor":46},{"not_picked":["Perfected Strike","Rage","Wild Strike+1"],"picked":"SKIP","floor":48}],"player_experience":985642,"relics_obtained":[{"floor":6,"key":"HornCleat"},{"floor":9,"key":"War Paint"},{"floor":12,"key":"Akabeko"},{"floor":13,"key":"Vajra"},{"floor":19,"key":"Red Mask"},{"floor":26,"key":"Regal Pillow"},{"floor":43,"key":"StrikeDummy"}],"event_choices":[{"damage_healed":0,"gold_gain":0,"player_choice":"Gave Potion","damage_taken":0,"relics_obtained":["Mercury Hourglass"],"max_hp_gain":0,"max_hp_loss":0,"event_name":"WeMeetAgain","floor":3,"gold_loss":0},{"damage_healed":0,"gold_gain":0,"player_choice":"Success","damage_taken":3,"relics_obtained":["MawBank"],"max_hp_gain":0,"max_hp_loss":0,"event_name":"Scrap Ooze","floor":10,"gold_loss":0},{"damage_healed":0,"gold_gain":0,"player_choice":"Fought Bandits","damage_taken":0,"max_hp_gain":0,"max_hp_loss":0,"event_name":"Masked Bandits","floor":19,"gold_loss":0},{"cards_removed":["Strike_R"],"damage_healed":0,"gold_gain":0,"player_choice":"Gave Gold","damage_taken":0,"max_hp_gain":0,"max_hp_loss":0,"event_name":"Beggar","floor":21,"gold_loss":75},{"cards_removed":["Evolve"],"damage_healed":0,"gold_gain":0,"player_choice":"Elegance","damage_taken":0,"max_hp_gain":0,"max_hp_loss":0,"event_name":"Back to Basics","floor":24,"gold_loss":0},{"damage_healed":0,"gold_gain":0,"player_choice":"Shed Blood","damage_taken":20,"max_hp_gain":5,"max_hp_loss":0,"event_name":"Forgotten Altar","floor":28,"gold_loss":0},{"damage_healed":0,"gold_gain":0,"player_choice":"Max HP","damage_taken":0,"max_hp_gain":0,"max_hp_loss":4,"event_name":"Winding Halls","floor":41,"gold_loss":0}],"is_beta":false,"boss_relics":[{"not_picked":["Mark of Pain","Philosopher\u0027s Stone"],"picked":"Astrolabe"},{"not_picked":["Snecko Eye","Calling Bell"],"picked":"SacredBark"}],"items_purged_floors":[2,7,20],"is_endless":false,"potions_floor_spawned":[1,5,13,16,18,27,30,33,35,37,46],"killed_by":"Donu and Deca","ascension_level":0}}