{"host":"9v3x998ddbx8o276","time":1608330809,"event":{"mods":["AchievementEnabler","BaseMod","Colored Map","Highlight Path","Minty Spire (QoL Compilation)","Quick Restart","Rare Cards Sparkle"],"gold_per_floor":[117,134,59,71,71,71,85,85,85,111,111,24,50,67,67,142,142,162,162,162,182,182,182],"floor_reached":22,"playtime":851,"items_purged":[],"score":388,"play_id":"9d69a5d6-df9e-4bf8-a168-cf99b16790f3","local_time":"20201219090329","is_ascension_mode":true,"campfire_choices":[{"data":"Loop","floor":6,"key":"SMITH"},{"data":"Genetic Algorithm","floor":8,"key":"SMITH"},{"floor":15,"key":"REST"}],"circlet_count":0,"master_deck":["AscendersBane","Strike_B","Strike_B","Strike_B","Defend_B","Defend_B","Zap","Dualcast","BootSequence","Genetic Algorithm+1","Loop+1","Coolheaded","Echo Form+1","Defragment","Gash","Creative AI","Reinforced Body","Redo","Leap","Writhe","Melter"],"relics":["Cracked Core","NeowsBlessing","Smiling Mask","StrikeDummy","DataDisk","Singing Bowl","Cursed Key","Pantograph"],"acts_visited":["Exordium","TheCity"],"potions_floor_usage":[13,13,16,21],"damage_taken":[{"damage":0,"enemies":"Small Slimes","floor":1,"turns":1},{"damage":0,"enemies":"Jaw Worm","floor":2,"turns":1},{"damage":0,"enemies":"2 Louse","floor":4,"turns":1},{"damage":3,"enemies":"Blue Slaver","floor":7,"turns":3},{"damage":19,"enemies":"Lagavulin","floor":10,"turns":8},{"damage":8,"enemies":"Gremlin Nob","floor":13,"turns":3},{"damage":9,"enemies":"3 Louse","floor":14,"turns":3},{"damage":27,"enemies":"The Guardian","floor":16,"turns":14},{"damage":13,"enemies":"Spheric Guardian","floor":18,"turns":8},{"damage":29,"enemies":"2 Thieves","floor":21,"turns":3},{"damage":32,"enemies":"3 Cultists","floor":22,"turns":4}],"seed_played":"-8009841077895322918","potions_obtained":[{"floor":1,"key":"SkillPotion"},{"floor":2,"key":"ColorlessPotion"},{"floor":10,"key":"Fire Potion"},{"floor":14,"key":"SneckoOil"},{"floor":16,"key":"FocusPotion"},{"floor":18,"key":"Explosive Potion"}],"is_trial":false,"path_per_floor":["M","M","?","M","T","R","M","R","T","E","?","$","E","M","R","B",null,"M","?","?","M","M"],"character_chosen":"DEFECT","items_purchased":["Defragment"],"campfire_rested":1,"item_purchase_floors":[12],"current_hp_per_floor":[64,64,64,64,64,64,61,61,61,42,42,42,36,27,48,21,60,47,47,47,18,0,0],"gold":182,"neow_bonus":"THREE_ENEMY_KILL","is_daily":false,"chose_seed":false,"campfire_upgraded":2,"win_rate":0.0,"timestamp":1608330809,"path_taken":["M","M","?","M","?","R","M","R","T","E","?","?","E","M","R","BOSS","M","?","?","?","M"],"items_purchased_type":["Card"],"build_version":"2020-12-13","purchased_purges":0,"victory":false,"max_hp_per_floor":[71,71,71,71,71,71,71,71,71,71,71,71,73,73,73,73,73,73,73,73,73,73,73],"card_choices":[{"not_picked":["Hello World","Redo"],"picked":"BootSequence","floor":1},{"not_picked":["Steam Power","Reinforced Body"],"picked":"Genetic Algorithm","floor":2},{"not_picked":["Stack","Steam"],"picked":"Loop","floor":4},{"not_picked":["BootSequence","Turbo"],"picked":"Coolheaded","floor":7},{"not_picked":["Skim","Stack"],"picked":"Echo Form","floor":10},{"not_picked":["Streamline","Stack","Steam"],"picked":"Singing Bowl","floor":13},{"not_picked":["Leap","Hello World"],"picked":"Gash","floor":14},{"not_picked":["Buffer","Reboot"],"picked":"Creative AI","floor":16},{"not_picked":["Rebound","Gash"],"picked":"Reinforced Body","floor":18},{"not_picked":["Hologram","Redo+1"],"picked":"Melter","floor":21}],"player_experience":2038370,"relics_obtained":[{"floor":5,"key":"Smiling Mask"},{"floor":9,"key":"StrikeDummy"},{"floor":10,"key":"DataDisk"},{"floor":13,"key":"Singing Bowl"}],"event_choices":[{"cards_removed":["Defend_B"],"damage_healed":0,"gold_gain":0,"player_choice":"Card Removal","damage_taken":0,"max_hp_gain":0,"max_hp_loss":0,"event_name":"The Cleric","floor":3,"gold_loss":75},{"damage_healed":0,"gold_gain":0,"player_choice":"Grow","damage_taken":0,"max_hp_gain":0,"max_hp_loss":0,"event_name":"Living Wall","floor":11,"gold_loss":0,"cards_upgraded":["Echo Form"]},{"damage_healed":0,"gold_gain":0,"cards_transformed":["Strike_B","Defend_B"],"player_choice":"Became Test Subject","damage_taken":0,"max_hp_gain":0,"max_hp_loss":0,"event_name":"Drug Dealer","floor":19,"gold_loss":0,"cards_obtained":["Redo","Leap"]},{"damage_healed":0,"gold_gain":0,"player_choice":"Opened","damage_taken":0,"relics_obtained":["Pantograph"],"max_hp_gain":0,"max_hp_loss":0,"event_name":"The Mausoleum","floor":20,"gold_loss":0,"cards_obtained":["Writhe"]}],"is_beta":false,"boss_relics":[{"not_picked":["SacredBark","Black Star"],"picked":"Cursed Key"}],"items_purged_floors":[],"is_endless":false,"potions_floor_spawned":[1,2,10,14,16,18],"killed_by":"3 Cultists","ascension_level":20}}