{"host":"kejlps3p6gwyjljy","time":1608272167,"event":{"mods":["Act Like it!","BaseMod","Colored Map","Colored Powertips","Dota2Spire","Downfall","FGO Abigail","Gensokyo","Highlight Path","Minty Spire (QoL Compilation)","Permanent Neow","Quick Restart","Spicy Shops","StSLib","【功能Mod】精心准备","没有小屋子和绿帽子啦"],"gold_per_floor":[0,18,18,3,3,15,62,87,12,42,58,58,71,87,102,102,102],"floor_reached":16,"playtime":918,"items_purged":[],"score":169,"play_id":"895a0ef8-fb20-4696-9468-c6d7ddb72150","local_time":"20201218141607","is_ascension_mode":true,"campfire_choices":[{"data":"FleetingSanity","floor":1.0,"key":"SMITH"},{"data":"Hitomi","floor":9.0,"key":"SMITH"}],"circlet_count":0,"master_deck":["Ab_Strike","Ab_Strike","Ab_Strike","Ab_Strike","Ab_Defend","Ab_Defend","Ab_Defend","FleetingSanity+1","ForeheadBeam","TentacleSwarm","EyesOfMadness","Hitomi+1","VoidWhispers","SanityCheck","TentacleSwarm","Pain","ConsumeFlesh"],"relics":["Salem_Diary","Turnip","Gensokyo:Justice","Sundial","downfall:HeartBlessingBlue","Bag of Marbles","Gensokyo:LunaticRedEyes"],"acts_visited":["Exordium"],"potions_floor_usage":[16,16],"damage_taken":[{"damage":3.0,"enemies":"Gensokyo:3_Fairies","floor":2.0,"turns":3.0},{"damage":0.0,"enemies":"downfall:FleeingMerchant","floor":4.0,"turns":4.0},{"damage":0.0,"enemies":"Gensokyo:2_Kodama","floor":6.0,"turns":3.0},{"damage":0.0,"enemies":"Gensokyo:Cirno","floor":8.0,"turns":4.0},{"damage":0,"enemies":"Gensokyo:Mamizou","floor":10,"turns":8},{"damage":1,"enemies":"Gensokyo:Gryphon","floor":11,"turns":3},{"damage":12,"enemies":"Gensokyo:Python_and_Kodama","floor":13,"turns":3},{"damage":10,"enemies":"Gensokyo:5_Fairies","floor":14,"turns":6},{"damage":11,"enemies":"Gensokyo:Gryphon_and_Rabbit","floor":15,"turns":5},{"damage":56,"enemies":"downfall:Defect","floor":16,"turns":6}],"seed_played":"421683463229963370","potions_obtained":[{"floor":6.0,"key":"Dota2Spire:HealingSalve"},{"floor":10,"key":"Dexterity Potion"},{"floor":11,"key":"LiquidMemories"},{"floor":14,"key":"PowerPotion"}],"is_trial":false,"path_per_floor":["R","M","?","$","?","M","T","E","R","E","M","?","M","M","M","B"],"character_chosen":"AbForeigner","items_purchased":[],"campfire_rested":0,"item_purchase_floors":[],"current_hp_per_floor":[40,47,60,60,60,60,60,60,70,70,69,69,57,48,38,0,0],"gold":102,"neow_bonus":"ONE_RARE_RELIC","is_daily":false,"chose_seed":false,"campfire_upgraded":2,"win_rate":0.0,"timestamp":1608272167,"path_taken":["R","M","?","?","?","M","T","E","R","E","M","?","M","M","M","BOSS"],"items_purchased_type":[],"build_version":"2020-12-13","purchased_purges":0,"victory":false,"max_hp_per_floor":[60,60,60,60,60,60,60,60,70,70,70,70,70,71,72,72,72],"card_choices":[{"not_picked":["CosmicSpark","ChocoKey"],"picked":"TentacleSwarm","floor":2.0},{"not_picked":["CommandSpell","Thflth"],"picked":"EyesOfMadness","floor":4.0},{"not_picked":["SavingThrow","CosmicSpark"],"picked":"Hitomi","floor":6.0},{"not_picked":["HolidayWishes","PapaProtection"],"picked":"VoidWhispers","floor":8.0},{"not_picked":["Thflth","WorldStrongest"],"picked":"SanityCheck","floor":10},{"not_picked":["HeroCreationA","CosmicSpark"],"picked":"TentacleSwarm","floor":11},{"not_picked":["AlignStars","EyesOfMadness"],"picked":"ConsumeFlesh","floor":13},{"not_picked":["CosmicSpark","Takeuchi","ChocoKey"],"picked":"SKIP","floor":14},{"not_picked":["LargeTentacle","Ygna","TeddyBear"],"picked":"SKIP","floor":15}],"player_experience":608405,"relics_obtained":[{"floor":8.0,"key":"Sundial"},{"floor":10,"key":"Bag of Marbles"}],"event_choices":[],"is_beta":false,"boss_relics":[],"items_purged_floors":[],"is_endless":false,"potions_floor_spawned":[6,10,11,14],"killed_by":"downfall:Defect","ascension_level":1}}