{"host":"h7phgxvratutj9mx","time":1608298085,"event":{"mods":["BaseMod","Highlight Path","Minty Spire (QoL Compilation)","Quick Restart"],"gold_per_floor":[217,217,229,304,315,348,348,367,447,18,36,50,50,12,12,112,162,179,59,59,76,94,121,221,255,255,255,255],"floor_reached":27,"playtime":1312,"items_purged":["Regret"],"score":303,"play_id":"cbd446d0-701c-4e7d-bf4c-d0096e14af25","local_time":"25631218202805","is_ascension_mode":true,"campfire_choices":[{"floor":7,"key":"REST"},{"floor":13,"key":"REST"},{"floor":15,"key":"REST"}],"circlet_count":0,"master_deck":["Strike_P","Strike_P","Strike_P+1","Strike_P","Defend_P","Defend_P","Defend_P","Defend_P","Eruption+1","Vigilance","Worship","BattleHymn","BowlingBash","FlurryOfBlows+1","Halt","Tantrum","Panacea","ClearTheMind","InnerPeace","DeusExMachina","DeceiveReality","Establishment","TalkToTheHand","EmptyBody","EmptyBody","Consecrate","FearNoEvil","Halt"],"relics":["PureWater","Mango","Whetstone","White Beast Statue","MealTicket","Tiny House","FaceOfCleric","Omamori","Bottled Tornado","Mummified Hand"],"acts_visited":["Exordium","TheCity"],"potions_floor_usage":[6,16,25,25,27],"damage_taken":[{"damage":0,"enemies":"2 Louse","floor":1,"turns":2},{"damage":11,"enemies":"Small Slimes","floor":3,"turns":4},{"damage":5,"enemies":"Cultist","floor":5,"turns":3},{"damage":27,"enemies":"Lagavulin","floor":6,"turns":4},{"damage":4,"enemies":"Exordium Wildlife","floor":8,"turns":3},{"damage":0,"enemies":"Gremlin Gang","floor":11,"turns":4},{"damage":21,"enemies":"Exordium Thugs","floor":12,"turns":4},{"damage":50,"enemies":"Hexaghost","floor":16,"turns":9},{"damage":22,"enemies":"3 Byrds","floor":18,"turns":5},{"damage":11,"enemies":"2 Thieves","floor":21,"turns":3},{"damage":32,"enemies":"3 Cultists","floor":22,"turns":5},{"damage":29,"enemies":"Slavers","floor":23,"turns":6},{"damage":43,"enemies":"Book of Stabbing","floor":25,"turns":7},{"damage":1,"enemies":"Cultist and Chosen","floor":27,"turns":6}],"seed_played":"8855662453021913964","potions_obtained":[{"floor":1,"key":"DistilledChaos"},{"floor":6,"key":"Strength Potion"},{"floor":8,"key":"Energy Potion"},{"floor":11,"key":"Fruit Juice"},{"floor":12,"key":"Explosive Potion"},{"floor":16,"key":"Block Potion"},{"floor":18,"key":"Ambrosia"},{"floor":22,"key":"BottledMiracle"},{"floor":25,"key":"Swift Potion"}],"is_trial":false,"path_per_floor":["M","?","M","?","M","E","R","M","T","$","M","M","R","$","R","B",null,"M","$","?","M","M","E","?","E","T","M"],"character_chosen":"WATCHER","items_purchased":["Tantrum","MealTicket","Panacea","ClearTheMind","DeceiveReality","FairyPotion","EmptyBody"],"campfire_rested":3,"item_purchase_floors":[10,10,10,10,14,19,19],"current_hp_per_floor":[72,86,75,64,59,32,57,53,53,53,53,32,57,72,86,41,96,74,89,89,79,48,20,20,7,7,6,6],"gold":255,"neow_bonus":"HUNDRED_GOLD","is_daily":false,"chose_seed":false,"campfire_upgraded":0,"win_rate":0.0,"timestamp":1608298085,"path_taken":["M","?","M","?","M","E","R","M","T","$","M","M","R","$","R","BOSS","M","$","?","M","?","E","?","E","T","M"],"items_purchased_type":["Card","Relic","Card","Card","Card","Potion","Card"],"build_version":"2020-12-13","purchased_purges":1,"victory":false,"max_hp_per_floor":[72,86,86,86,86,86,86,86,86,86,86,86,86,86,86,91,96,96,96,96,97,98,99,99,100,100,100,100],"card_choices":[{"not_picked":["TalkToTheHand","ClearTheMind"],"picked":"Worship","floor":1},{"not_picked":["CutThroughFate","EmptyBody"],"picked":"BattleHymn","floor":3},{"not_picked":["JustLucky","CrushJoints"],"picked":"BowlingBash","floor":5},{"not_picked":["SashWhip","Crescendo"],"picked":"FlurryOfBlows","floor":6},{"not_picked":["Indignation","SignatureMove"],"picked":"Halt","floor":8},{"not_picked":["Protect","WreathOfFlame"],"picked":"InnerPeace","floor":11},{"not_picked":["Collect","CutThroughFate"],"picked":"DeusExMachina","floor":12},{"not_picked":["ConjureBlade","Omniscience"],"picked":"Establishment","floor":16},{"not_picked":["Meditate","Adaptation"],"picked":"TalkToTheHand","floor":17},{"not_picked":["Tantrum+1","FlyingSleeves"],"picked":"EmptyBody","floor":18},{"not_picked":["ClearTheMind+1","BowlingBash+1"],"picked":"Consecrate","floor":21},{"not_picked":["DeceiveReality","EmptyFist"],"picked":"FearNoEvil","floor":22},{"not_picked":["Consecrate","WreathOfFlame","TalkToTheHand+1"],"picked":"SKIP","floor":23},{"not_picked":["Adaptation","Scrawl"],"picked":"Halt","floor":25}],"player_experience":482495,"relics_obtained":[{"floor":6,"key":"Whetstone"},{"floor":9,"key":"White Beast Statue"},{"floor":23,"key":"Omamori"},{"floor":25,"key":"Bottled Tornado"},{"floor":26,"key":"Mummified Hand"}],"event_choices":[{"damage_healed":0,"gold_gain":0,"player_choice":"Box","damage_taken":0,"relics_obtained":["Mango"],"max_hp_gain":0,"max_hp_loss":0,"event_name":"Big Fish","floor":2,"gold_loss":0,"cards_obtained":["Regret"]},{"damage_healed":0,"gold_gain":75,"player_choice":"Gather Gold","damage_taken":11,"max_hp_gain":0,"max_hp_loss":0,"event_name":"World of Goop","floor":4,"gold_loss":0},{"damage_healed":0,"gold_gain":0,"player_choice":"Trade","damage_taken":0,"relics_obtained":["FaceOfCleric"],"max_hp_gain":0,"max_hp_loss":0,"event_name":"FaceTrader","floor":20,"gold_loss":0},{"damage_healed":0,"gold_gain":100,"player_choice":"Pray","damage_taken":0,"max_hp_gain":0,"max_hp_loss":0,"event_name":"Golden Shrine","floor":24,"gold_loss":0}],"is_beta":false,"boss_relics":[{"not_picked":["Runic Dome","Runic Pyramid"],"picked":"Tiny House"}],"items_purged_floors":[10],"is_endless":false,"potions_floor_spawned":[1,6,8,11,12,16,18,21,22,23,25],"killed_by":"Cultist and Chosen","ascension_level":2}}