{"host":"8u7tvcybuv0u72fd","time":1608265667,"event":{"mods":["BaseMod","BetterRewards","Colored Map","Colored Powertips","Minty Spire (QoL Compilation)","Quick Restart","Shop Mod"],"gold_per_floor":[21,21,35,35,46,46,62,62,85,111,125,125,145,160,160,256,256,274,290,290,300,300,300,313,313,313,327,327,342,368,385,385,485,485,502,211,211,211,224,224,258,258,258,258,258,278,290,309,309,309,309],"floor_reached":50,"playtime":2562,"items_purged":["Strike_R"],"score":698,"play_id":"f01ccd79-0480-4330-96a6-c643d18965da","local_time":"20201217232747","is_ascension_mode":false,"campfire_choices":[{"data":"Shrug It Off","floor":6.0,"key":"SMITH"},{"data":"Rampage","floor":8.0,"key":"SMITH"},{"data":"Body Slam","floor":15.0,"key":"SMITH"},{"data":"Limit Break","floor":23.0,"key":"SMITH"},{"data":"Seeing Red","floor":25.0,"key":"SMITH"},{"data":"Iron Wave","floor":28.0,"key":"SMITH"},{"data":"Defend_R","floor":32.0,"key":"SMITH"},{"data":"Feed","floor":40,"key":"SMITH"},{"data":"Exhume","floor":42,"key":"SMITH"},{"data":"Infernal Blade","floor":44,"key":"SMITH"},{"data":"Magnetism","floor":49,"key":"SMITH"}],"circlet_count":0,"master_deck":["Strike_R","Strike_R","Defend_R","Defend_R","Defend_R","Defend_R+1","Bash+1","Iron Wave+1","Rampage+1","Shrug It Off+1","Seeing Red+1","Body Slam+1","Limit Break+1","Flex+1","Clash+1","Cleave+1","Infernal Blade+1","Entrench+1","Thunderclap+1","Feed+1","Heavy Blade+1","Exhume+1","Magnetism+1","True Grit+1"],"relics":["Burning Blood","Bag of Marbles","Gambling Chip","PreservedInsect","Charon\u0027s Ashes","Vajra","Omamori","Bottled Flame","Coffee Dripper","Bottled Lightning","MerchantsRug","WarpedTongs","White Beast Statue","Kunai"],"acts_visited":["Exordium","TheCity","TheBeyond"],"potions_floor_usage":[47,48,50,50,50],"damage_taken":[{"damage":6.0,"enemies":"Jaw Worm","floor":1.0,"turns":3.0},{"damage":0.0,"enemies":"2 Louse","floor":3.0,"turns":2.0},{"damage":0.0,"enemies":"Cultist","floor":5.0,"turns":3.0},{"damage":0.0,"enemies":"Lots of Slimes","floor":7.0,"turns":5.0},{"damage":8.0,"enemies":"Lagavulin","floor":10.0,"turns":4.0},{"damage":0.0,"enemies":"Blue Slaver","floor":11.0,"turns":2.0},{"damage":0.0,"enemies":"Large Slime","floor":13.0,"turns":4.0},{"damage":0.0,"enemies":"Gremlin Gang","floor":14.0,"turns":4.0},{"damage":38.0,"enemies":"The Guardian","floor":16.0,"turns":10.0},{"damage":8.0,"enemies":"3 Byrds","floor":18.0,"turns":5.0},{"damage":0.0,"enemies":"Spheric Guardian","floor":19.0,"turns":3.0},{"damage":22.0,"enemies":"Cultist and Chosen","floor":21.0,"turns":6.0},{"damage":22.0,"enemies":"Shelled Parasite and Fungi","floor":24.0,"turns":5.0},{"damage":0.0,"enemies":"Snake Plant","floor":27.0,"turns":1.0},{"damage":14.0,"enemies":"Snecko","floor":29.0,"turns":5.0},{"damage":8.0,"enemies":"Slavers","floor":30.0,"turns":2.0},{"damage":0.0,"enemies":"Sentry and Sphere","floor":31.0,"turns":2.0},{"damage":24.0,"enemies":"Champ","floor":33.0,"turns":8.0},{"damage":0.0,"enemies":"3 Shapes","floor":35.0,"turns":2.0},{"damage":15,"enemies":"Orb Walker","floor":39,"turns":2},{"damage":58,"enemies":"Nemesis","floor":41,"turns":5},{"damage":14,"enemies":"Spire Growth","floor":46,"turns":3},{"damage":9,"enemies":"Jaw Worm Horde","floor":47,"turns":3},{"damage":18,"enemies":"Transient","floor":48,"turns":5},{"damage":15,"enemies":"Time Eater","floor":50,"turns":4}],"seed_played":"6039630196694687422","potions_obtained":[{"floor":1.0,"key":"AttackPotion"},{"floor":5.0,"key":"FearPotion"},{"floor":14.0,"key":"HeartOfIron"},{"floor":24.0,"key":"Dexterity Potion"},{"floor":30.0,"key":"DistilledChaos"},{"floor":31.0,"key":"Explosive Potion"},{"floor":39,"key":"ColorlessPotion"},{"floor":46,"key":"Block Potion"},{"floor":47,"key":"SteroidPotion"},{"floor":48,"key":"DistilledChaos"}],"is_trial":false,"path_per_floor":["M","?","M","?","M","R","M","R","T","E","M","$","M","M","R","B",null,"M","M","?","M","?","R","M","R","T","M","R","M","E","M","R","B",null,"M","$","?","$","M","R","E","R","T","R","?","M","M","M","R","B"],"character_chosen":"IRONCLAD","items_purchased":["Bag of Marbles","PreservedInsect","Iron Wave","Rampage","BlessingOfTheForge","Bottled Lightning","MerchantsRug"],"campfire_rested":0,"item_purchase_floors":[0,0,0,0,0,36,36],"current_hp_per_floor":[48,48,54,59,65,65,71,71,71,76,82,82,88,92,92,60,92,90,92,92,76,60,60,44,44,44,50,50,42,40,46,46,28,92,95,95,95,95,86,86,34,34,34,34,34,26,27,15,15,0,0],"gold":309,"neow_bonus":"","is_daily":false,"chose_seed":false,"campfire_upgraded":11,"win_rate":0.0,"timestamp":1608265667,"path_taken":["M","?","M","?","M","R","M","R","T","E","M","?","?","M","R","BOSS","M","?","?","?","?","R","M","R","T","M","R","M","E","M","R","BOSS","M","$","?","$","?","R","E","R","T","R","?","M","M","M","R","BOSS"],"items_purchased_type":["Relic","Relic","Card","Card","Potion","Relic","Relic"],"build_version":"2020-12-13","purchased_purges":1,"victory":false,"max_hp_per_floor":[80,80,80,85,85,85,85,85,85,92,92,92,92,92,92,92,92,92,92,92,92,92,92,92,92,92,92,92,92,92,92,92,92,92,95,95,95,95,95,95,95,95,95,95,95,95,99,99,99,99,99],"card_choices":[{"not_picked":["Twin Strike","Iron Wave"],"picked":"Shrug It Off","floor":1.0},{"not_picked":["Bludgeon","Sever Soul","Sword Boomerang"],"picked":"SKIP","floor":3.0},{"not_picked":["Rage","Twin Strike","Pommel Strike"],"picked":"SKIP","floor":5.0},{"not_picked":["Iron Wave","Wild Strike","Burning Pact"],"picked":"SKIP","floor":7.0},{"not_picked":["Anger","Flame Barrier","Clothesline"],"picked":"SKIP","floor":10.0},{"not_picked":["Reckless Charge","Flex"],"picked":"Seeing Red","floor":11.0},{"not_picked":["Shrug It Off","Iron Wave","Reckless Charge"],"picked":"SKIP","floor":13.0},{"not_picked":["Havoc","Anger"],"picked":"Body Slam","floor":14.0},{"not_picked":["Brutality","Immolate"],"picked":"Limit Break","floor":16.0},{"not_picked":["Twin Strike","Anger"],"picked":"Flex+1","floor":18.0},{"not_picked":["Rampage","Shrug It Off","Flex"],"picked":"SKIP","floor":19.0},{"not_picked":["Anger","Blood for Blood","Reckless Charge+1"],"picked":"SKIP","floor":21.0},{"not_picked":["Sever Soul","Anger"],"picked":"Clash+1","floor":24.0},{"not_picked":["Shrug It Off","Rampage+1"],"picked":"Cleave+1","floor":27.0},{"not_picked":["Havoc","True Grit"],"picked":"Infernal Blade","floor":29.0},{"not_picked":["Havoc+1","Wild Strike"],"picked":"Entrench+1","floor":30.0},{"not_picked":["Combust","Hemokinesis"],"picked":"Thunderclap+1","floor":31.0},{"not_picked":["Bludgeon","Limit Break"],"picked":"Feed","floor":33.0},{"not_picked":["Sword Boomerang","Flex"],"picked":"Heavy Blade+1","floor":35.0},{"not_picked":["Feel No Pain","Whirlwind+1","Ghostly Armor+1"],"picked":"SKIP","floor":39},{"not_picked":["Thunderclap","Twin Strike+1"],"picked":"Exhume","floor":41},{"not_picked":["Impatience","Forethought"],"picked":"Magnetism","floor":45},{"not_picked":["Burning Pact","Heavy Blade","Body Slam"],"picked":"SKIP","floor":46},{"not_picked":["Evolve","Perfected Strike"],"picked":"True Grit+1","floor":47},{"not_picked":["Thunderclap","Spot Weakness","Shrug It Off+1"],"picked":"SKIP","floor":48}],"player_experience":1166708,"relics_obtained":[{"floor":9.0,"key":"Vajra"},{"floor":10.0,"key":"Strawberry"},{"floor":22.0,"key":"Enchiridion"},{"floor":26.0,"key":"Omamori"},{"floor":30.0,"key":"Bottled Flame"},{"floor":41,"key":"White Beast Statue"},{"floor":43,"key":"Kunai"}],"event_choices":[{"damage_healed":0.0,"max_hp_gain":0.0,"max_hp_loss":0.0,"gold_gain":0.0,"event_name":"Living Wall","player_choice":"Grow","floor":2.0,"gold_loss":0.0,"damage_taken":0.0,"cards_upgraded":["Bash"]},{"damage_healed":0.0,"max_hp_gain":5.0,"max_hp_loss":0.0,"gold_gain":0.0,"event_name":"Big Fish","player_choice":"Donut","floor":4.0,"gold_loss":0.0,"damage_taken":0.0},{"damage_healed":0.0,"max_hp_gain":0.0,"max_hp_loss":0.0,"gold_gain":0.0,"event_name":"NoteForYourself","player_choice":"Ignored","floor":20.0,"gold_loss":0.0,"damage_taken":0.0},{"damage_healed":0.0,"max_hp_gain":0.0,"max_hp_loss":0.0,"gold_gain":0.0,"event_name":"Cursed Tome","player_choice":"Obtained Book","floor":22.0,"gold_loss":0.0,"damage_taken":16.0},{"damage_healed":0,"gold_gain":0,"player_choice":"Rummage","damage_taken":0,"relics_obtained":["WarpedTongs"],"max_hp_gain":0,"max_hp_loss":0,"event_name":"Accursed Blacksmith","floor":37,"gold_loss":0,"cards_obtained":["Pain"]},{"damage_healed":0,"gold_gain":0,"player_choice":"Memory 1","damage_taken":0,"max_hp_gain":0,"max_hp_loss":0,"event_name":"SensoryStone","floor":45,"gold_loss":0}],"is_beta":false,"boss_relics":[{"not_picked":["Fusion Hammer","Velvet Choker"],"picked":"Empty Cage"},{"not_picked":["Runic Dome","Black Star"],"picked":"Coffee Dripper"}],"items_purged_floors":[0],"is_endless":false,"potions_floor_spawned":[1,5,14,24,29,30,31,39,46,47,48],"killed_by":"Time Eater","ascension_level":0}}