{"host":"1shobamjx3kfwgso","time":1608253132,"event":{"mods":["2.2 Compatiblity","AchievementEnabler","Act Like it!","Aspiration","BaseMod","Beaked The Cultist","BetterRewards","Block Reminder","CCEM","CapriCore","Challenge The Spire","Clockwork Mod","Colored Map","Colored Powertips","Conjunction","Conspire","Defuse TimeMaze Blight","Downfall","Elementarium","Energized Spire","Exacting","FoggyMod","GifTheSpireLib","Halation","Hallownest","Hermit","Highlight Path","Hubris","Infinite Spire","Lobotomy","LobotomyExtend","Mimic Mod","Minty Spire (QoL Compilation)","Pale of the Ancients","Quick Restart","Relic Sorter","Replay The Spire","Shade Mod","Shop Mod","StSLib","Stuff the Spire","The Bladedancer","The Bug Knight","The Construct","The Cursed","The Druid","The Gatherer","The Immortal","The Juggle","The Mystic","The Sage","The Servant 0.9.4","TheFirefly","TheVacant","Uncapped","vexMod"],"gold_per_floor":[111,111,28,76,76,111,111,125,125,148,0,0,29,29,29,105,105,116,78,78,78,37,37,36,36,60,70,70,70,70,70,70,0,0],"floor_reached":33,"playtime":2067,"items_purged":[],"score":288,"play_id":"17694dce-6fd1-4be2-bda4-f0a66a400567","local_time":"20201217195852","is_ascension_mode":false,"campfire_choices":[{"data":"expansioncontent:CaCaw","floor":7.0,"key":"SMITH"},{"data":"hermit:Snipe","floor":12.0,"key":"SMITH"},{"floor":23.0,"key":"REST"},{"floor":29.0,"key":"REST"},{"floor":32,"key":"REST"}],"circlet_count":0,"master_deck":["hermit:Strike_Hermit","hermit:Strike_Hermit","hermit:Strike_Hermit","hermit:Strike_Hermit","hermit:Defend_Hermit","hermit:Defend_Hermit+1","hermit:Defend_Hermit","hermit:Defend_Hermit+1","hermit:Snapshot","hermit:Covet","expansioncontent:CaCaw+1","hermit:Snipe+1","OldLady","hermit:GhostlyPresence","Freischutz","DespairKnight","hermit:FromBeyond","beaked:CrazyRituals","hermit:Headshot","hermit:Enervate","hermit:EyeOfTheStorm","hermit:HighNoon","Bloodbath","hermit:Spite","StuffTheSpire:Ambrosia","Pain","hermit:Dive","hermit:Coalescence+1"],"relics":["hermit:Momento","HellTrain","CogitoBucket","RabbitCall","LetterFromLob","hubris:Towel","infinitespire:Satchel","MagicBullet_r","War Paint","Lantern","Tiny Chest","Replay:Baseball","Shuriken","beaked:SacredDeck","sagemod:Creepy_Carousel","aspiration:FetidBarrel","Dream Catcher","HollowMod:StagPassRelic","hubris:Metronome","aspiration:RitualStick"],"acts_visited":["Exordium","TheCity"],"potions_floor_usage":[33,33,33],"damage_taken":[{"damage":2.0,"enemies":"2 Louse","floor":1.0,"turns":3.0},{"damage":21.0,"enemies":"HollowMod:MossKnight","floor":6.0,"turns":9.0},{"damage":0.0,"enemies":"Jaw Worm","floor":8.0,"turns":2.0},{"damage":23.0,"enemies":"Gremlin Nob","floor":13.0,"turns":4.0},{"damage":15.0,"enemies":"Fading Forest","floor":16.0,"turns":11.0},{"damage":11.0,"enemies":"Shell Parasite","floor":18.0,"turns":11.0},{"damage":52.0,"enemies":"Chosen and Byrds","floor":19.0,"turns":4.0},{"damage":30.0,"enemies":"conspire:SneckoGhost","floor":24.0,"turns":6.0},{"damage":0.0,"enemies":"Centurion and Healer","floor":27.0,"turns":4.0},{"damage":62,"enemies":"Automaton","floor":33,"turns":6}],"seed_played":"3126115160975641979","potions_obtained":[{"floor":1.0,"key":"hermit:BlackBile"},{"floor":8.0,"key":"Elixir"},{"floor":15.0,"key":"LifebloodPotion"},{"floor":15.0,"key":"BlessingOfTheForge"},{"floor":18.0,"key":"Toxic Potion"},{"floor":19.0,"key":"PowerPotion"},{"floor":24.0,"key":"Weak Potion"}],"is_trial":false,"path_per_floor":["M","?","$","T","M","E","R","M","T","T","$","R","E","?","R_BF","B",null,"M","M","T","?","$","R","E","?","T","MIM","?","R","M","?","R","B"],"character_chosen":"HERMIT","items_purchased":["expansioncontent:CaCaw","Replay:Baseball","hermit:EyeOfTheStorm"],"campfire_rested":3,"item_purchase_floors":[3,11,22],"current_hp_per_floor":[73,73,73,73,73,52,52,52,52,52,52,52,29,29,29,24,75,64,12,12,12,12,34,4,4,4,4,4,26,11,11,33,0,0],"gold":0,"neow_bonus":"","is_daily":false,"chose_seed":false,"campfire_upgraded":2,"win_rate":0.0,"timestamp":1608253132,"path_taken":["M","?","?","?","?","E","R","?","T","?","?","R","E","?","R_BF","BOSS","M","?","?","?","?","R","E","?","T","?","?","R","?","?","R","BOSS"],"items_purchased_type":["Card","Relic","Card"],"build_version":"2020-12-13","purchased_purges":0,"victory":false,"max_hp_per_floor":[75,75,75,75,75,75,75,75,75,75,75,75,75,75,75,75,75,75,75,75,75,75,75,75,75,75,75,75,75,75,75,75,76,76],"card_choices":[{"not_picked":["LittlePrince","Funeral","Bloodbath"],"picked":"Singing Bowl","floor":1.0},{"not_picked":["hermit:Manifest","hermit:Grudge","hermit:Misfire"],"picked":"SKIP","floor":1.0},{"not_picked":["Scorched","SnowQueen","CrumblingArmor"],"picked":"Singing Bowl","floor":6.0},{"not_picked":["hermit:Dive","hermit:WideOpen"],"picked":"hermit:Snipe","floor":6.0},{"not_picked":["WallGazer","GreedKing","NakedNest"],"picked":"Singing Bowl","floor":8.0},{"not_picked":["Mercenary","SpiderBud"],"picked":"OldLady","floor":8.0},{"not_picked":["hermit:Shortfuse","hermit:SprayPray"],"picked":"hermit:GhostlyPresence","floor":8.0},{"not_picked":["MeatLantern","FieryBird"],"picked":"Freischutz","floor":13.0},{"not_picked":["hermit:Coalescence","hermit:Glare"],"picked":"hermit:Gestalt","floor":13.0},{"not_picked":["CrumblingArmor","RedShoes","Woodsman"],"picked":"Singing Bowl","floor":16.0},{"not_picked":["UniverseFragment","QueenBee"],"picked":"DespairKnight","floor":16.0},{"not_picked":["hermit:Purgatory","hermit:FatalDesire"],"picked":"hermit:FromBeyond","floor":16.0},{"not_picked":["hermit:CalledShot+1","hermit:TrackingShot+1"],"picked":"hermit:Headshot","floor":18.0},{"not_picked":["Scorched","Wellcheers","Bloodbath"],"picked":"Singing Bowl","floor":18.0},{"not_picked":["SpiderBud","MHz","CrumblingArmor"],"picked":"Singing Bowl","floor":19.0},{"not_picked":["hermit:Ricochet","hermit:Vantage"],"picked":"hermit:Enervate","floor":19.0},{"not_picked":["hermit:FromBeyond","hermit:Brawl"],"picked":"hermit:HighNoon","floor":24.0},{"not_picked":["CENSORED","BigBadWolf","ShyLook"],"picked":"Singing Bowl","floor":24.0},{"not_picked":["PunishingBird","SingingMachine"],"picked":"Bloodbath","floor":27.0},{"not_picked":["hermit:Manifest","hermit:LuckOfTheDraw"],"picked":"hermit:Spite","floor":27.0},{"not_picked":["hermit:TrackingShot","hermit:BodyArmor"],"picked":"hermit:Dive","floor":29.0},{"not_picked":["hermit:SprayPray","hermit:Desperado"],"picked":"hermit:Coalescence+1","floor":32}],"player_experience":264755,"relics_obtained":[{"floor":1.0,"key":"LetterFromLob"},{"floor":4.0,"key":"infinitespire:Satchel"},{"floor":6.0,"key":"War Paint"},{"floor":9.0,"key":"Lantern"},{"floor":10.0,"key":"Tiny Chest"},{"floor":13.0,"key":"Shuriken"},{"floor":20.0,"key":"sagemod:Creepy_Carousel"},{"floor":24.0,"key":"aspiration:FetidBarrel"},{"floor":26.0,"key":"Dream Catcher"},{"floor":27.0,"key":"HollowMod:StagPassRelic"},{"floor":27.0,"key":"hubris:Metronome"}],"event_choices":[{"damage_healed":0.0,"max_hp_gain":0.0,"max_hp_loss":0.0,"gold_gain":0.0,"event_name":"Purifier","player_choice":"Ignored","floor":14.0,"gold_loss":0.0,"damage_taken":0.0},{"damage_healed":0,"gold_gain":0,"player_choice":"Ignored","damage_taken":0,"max_hp_gain":0,"max_hp_loss":0,"event_name":"NoteForYourself","floor":31,"gold_loss":0}],"is_beta":false,"boss_relics":[{"not_picked":["Abe\u0027s Treasure","Runic Dome"],"picked":"beaked:SacredDeck"}],"items_purged_floors":[],"is_endless":false,"potions_floor_spawned":[1,8,19,24],"killed_by":"Automaton","ascension_level":0}}