{"host":"2b0fqapnd02ydmuo","time":1608331052,"event":{"mods":["AchievementEnabler","Aspiration","BaseMod","Better Altar","Better Match","Better Note","Better Sensory Stone","Better Skull","Better Third Choice","BetterRewards","CCEM","Clawfect","Colored Map","Conspire","GifTheSpireLib","Googly Eyes","Halation","Highlight Path","Hubris","Infinite Spire","Jedi Mod","Jorbs\u0027s Wanderer Trilogy","Marisa????????","Mimic Mod","Minty Spire (QoL Compilation)","Permanent Neow","Replay The Spire","Shade Mod","Shop Mod","Spicy Shops","StSLib","Stuff the Spire","The Blackbeard","The Bug Knight","The Elementalist","The Jungle","Unceasing Turn Reminder","everything is the same but u backflip on backflip","slay the spire mod where everything is the same but ironclad has a cowboy hat"],"gold_per_floor":[118,137,151,169,132,160,160,160,233,233,244,260,260,292,292,292,292],"floor_reached":16,"playtime":875,"items_purged":[],"score":112,"play_id":"eeed7f68-647a-4b3e-90bb-a138bb49ca2d","local_time":"20201218233732","is_ascension_mode":false,"campfire_choices":[{"floor":13,"key":"REST"},{"floor":15,"key":"REST"}],"circlet_count":0,"master_deck":["elementalist:Earth_Emblem","elementalist:Fire_Emblem","elementalist:Fire_Emblem","elementalist:Strike+Elemblue","elementalist:Defend_Elemblue","elementalist:Defend_Elemblue","elementalist:Defend_Elemblue","elementalist:Firestrike","elementalist:Earthstrike","elementalist:Waterstrike","elementalist:Airstrike","elementalist:Crystal_Chalk","elementalist:Gaian_Form","elementalist:Cauterize","elementalist:Gaian_Form","elementalist:Ignition"],"relics":["elementalistmod:MagusStaff","elementalistmod:RedRibbon","NeowsBlessing","Mummified Hand","Matryoshka","infinitespire:Eraser"],"acts_visited":["Exordium"],"potions_floor_usage":[4,14,14,14,14,16,16],"damage_taken":[{"damage":0,"enemies":"Jaw Worm","floor":1,"turns":1},{"damage":0,"enemies":"Cultist","floor":2,"turns":1},{"damage":0,"enemies":"Small Slimes","floor":3,"turns":1},{"damage":9,"enemies":"Blue Slaver","floor":4,"turns":4},{"damage":42,"enemies":"Gremlin Nob","floor":6,"turns":6},{"damage":0,"enemies":"Large Slime","floor":11,"turns":6},{"damage":0,"enemies":"Exordium Wildlife","floor":12,"turns":3},{"damage":26,"enemies":"3 Sentries","floor":14,"turns":9},{"damage":30,"enemies":"The Guardian","floor":16,"turns":6}],"seed_played":"2555675776056924077","potions_obtained":[{"floor":1,"key":"EntropicBrew"},{"floor":2,"key":"Energy Potion"},{"floor":4,"key":"SpeedPotion"},{"floor":11,"key":"LiquidMemories"}],"is_trial":false,"path_per_floor":["M","M","M","M","$","E","R","?","T","?","M","M","R","E","R","B"],"character_chosen":"THE_ELEMENTALIST","items_purchased":["elementalist:Gaian_Form"],"campfire_rested":2,"item_purchase_floors":[5],"current_hp_per_floor":[70,70,70,61,61,19,19,12,12,12,12,12,33,7,28,0,0],"gold":292,"neow_bonus":"THREE_ENEMY_KILL","is_daily":false,"chose_seed":false,"campfire_upgraded":0,"win_rate":0.0,"timestamp":1608331052,"path_taken":["M","M","M","M","$","E","R","?","T","?","?","M","R","E","R","BOSS"],"items_purchased_type":["Card"],"build_version":"2020-12-13","purchased_purges":0,"victory":false,"max_hp_per_floor":[70,70,70,70,70,70,70,70,70,70,70,70,70,70,70,70,70],"card_choices":[{"not_picked":["elementalist:Low_Tides","elementalist:Aero"],"picked":"elementalist:Gaian_Form","floor":1},{"not_picked":["elementalist:Fission_Lance","elementalist:Prepared_Sand","elementalist:Aero"],"picked":"SKIP","floor":2},{"not_picked":["elementalist:Vaccuum","elementalist:Prepared_Sand","elementalist:Momentum"],"picked":"SKIP","floor":3},{"not_picked":["elementalist:Spark","elementalist:Stone_to_Mud"],"picked":"elementalist:Cauterize","floor":4},{"not_picked":["elementalist:Cyclone","elementalist:Overheat","elementalist:Emberveil"],"picked":"SKIP","floor":6},{"not_picked":["elementalist:Flame","elementalist:Fission_Lance","elementalist:Cauterize"],"picked":"SKIP","floor":11},{"not_picked":["elementalist:Cauterize","elementalist:Heavensfall","elementalist:Monument"],"picked":"SKIP","floor":12},{"not_picked":["elementalist:Ferruchemy","elementalist:Confluence"],"picked":"elementalist:Ignition","floor":14}],"player_experience":66323,"relics_obtained":[{"floor":6,"key":"Mummified Hand"},{"floor":9,"key":"Matryoshka"},{"floor":14,"key":"infinitespire:Eraser"}],"event_choices":[{"cards_removed":["elementalist:Defend_Elemblue"],"damage_healed":0,"gold_gain":0,"player_choice":"Card Removal","damage_taken":7,"max_hp_gain":0,"max_hp_loss":0,"event_name":"Golden Wing","floor":8,"gold_loss":0},{"cards_removed":["elementalist:Defend_Elemblue"],"damage_healed":0,"gold_gain":0,"player_choice":"Offered Basic","damage_taken":0,"max_hp_gain":0,"max_hp_loss":0,"event_name":"Bonfire Elementals","floor":10,"gold_loss":0}],"is_beta":false,"boss_relics":[],"items_purged_floors":[],"is_endless":false,"potions_floor_spawned":[1,2,4,11],"killed_by":"The Guardian","ascension_level":0}}