{"host":"3jpwrwmmgyabjceh","time":1608294881,"event":{"mods":["AchievementEnabler","BaseMod","Colored Map","Colored Powertips","Highlight Path","Minty Spire (QoL Compilation)","StSLib"],"gold_per_floor":[364,380,20,20,34,67,67,67,67,67,85,98,112,131,131,235,235,253,178,178,178,189,189,189,189],"floor_reached":24,"playtime":897,"items_purged":["Strike_R"],"score":230,"play_id":"a12a1b5c-0a0b-4605-8b59-5df91f6c9aee","local_time":"20201218153441","is_ascension_mode":true,"campfire_choices":[{"floor":15,"key":"REST"},{"data":"Barricade","floor":23,"key":"SMITH"}],"circlet_count":0,"master_deck":["Strike_R","Strike_R","Defend_R","Defend_R","Defend_R","Defend_R","Bash","Shame","Rampage","Pain","Armaments+1","Power Through+1","Armaments+1","Fire Breathing","Barricade+1","Fire Breathing","Inflame","Spot Weakness+1"],"relics":["Burning Blood","Du-Vu Doll","WarpedTongs","Bag of Marbles","Toxic Egg 2","Runic Cube","Dead Branch"],"acts_visited":["Exordium","TheCity"],"potions_floor_usage":[6,6,8,16,24],"damage_taken":[{"damage":9,"enemies":"2 Louse","floor":1,"turns":4},{"damage":3,"enemies":"Cultist","floor":2,"turns":4},{"damage":6,"enemies":"Jaw Worm","floor":5,"turns":2},{"damage":30,"enemies":"Lagavulin","floor":6,"turns":6},{"damage":0,"enemies":"3 Louse","floor":8,"turns":1},{"damage":11,"enemies":"2 Fungi Beasts","floor":11,"turns":3},{"damage":25,"enemies":"Gremlin Gang","floor":12,"turns":5},{"damage":3,"enemies":"Blue Slaver","floor":13,"turns":3},{"damage":24,"enemies":"Large Slime","floor":14,"turns":6},{"damage":26,"enemies":"Hexaghost","floor":16,"turns":11},{"damage":6,"enemies":"3 Byrds","floor":18,"turns":3},{"damage":30,"enemies":"2 Thieves","floor":22,"turns":3},{"damage":58,"enemies":"Book of Stabbing","floor":24,"turns":6}],"seed_played":"8964106918493746459","potions_obtained":[{"floor":1,"key":"Regen Potion"},{"floor":2,"key":"Block Potion"},{"floor":6,"key":"SmokeBomb"},{"floor":14,"key":"EntropicBrew"}],"is_trial":false,"path_per_floor":["M","M","$","?","M","E","$","M","T","?","M","M","M","M","R","B",null,"M","?","?","?","M","R","E"],"character_chosen":"IRONCLAD","items_purchased":["Du-Vu Doll"],"campfire_rested":1,"item_purchase_floors":[3],"current_hp_per_floor":[77,80,80,80,80,67,67,73,73,73,68,49,52,34,58,38,80,80,80,80,80,56,56,0,0],"gold":189,"neow_bonus":"TWO_FIFTY_GOLD","is_daily":false,"chose_seed":false,"campfire_upgraded":1,"win_rate":0.0,"timestamp":1608294881,"path_taken":["M","M","$","?","M","E","?","?","T","?","M","M","M","M","R","BOSS","M","?","?","?","?","R","E"],"items_purchased_type":["Relic"],"build_version":"2020-12-13","purchased_purges":1,"victory":false,"max_hp_per_floor":[80,80,80,80,80,80,80,80,80,80,80,80,80,80,80,80,80,80,80,80,80,80,80,80,80],"card_choices":[{"not_picked":["Perfected Strike","Thunderclap"],"picked":"Rampage","floor":1},{"not_picked":["True Grit","Combust","Second Wind"],"picked":"SKIP","floor":2},{"not_picked":["Pummel","Feel No Pain","Perfected Strike"],"picked":"SKIP","floor":5},{"not_picked":["Double Tap","Burning Pact","Havoc"],"picked":"SKIP","floor":6},{"not_picked":["Blood for Blood","Dark Embrace"],"picked":"Armaments+1","floor":11},{"not_picked":["Flame Barrier+1","Seeing Red+1"],"picked":"Power Through+1","floor":12},{"not_picked":["Havoc+1","Sentinel+1"],"picked":"Armaments+1","floor":13},{"not_picked":["Heavy Blade","Metallicize"],"picked":"Fire Breathing","floor":14},{"not_picked":["Feed","Berserk"],"picked":"Barricade","floor":16},{"not_picked":["Twin Strike+1","Metallicize"],"picked":"Fire Breathing","floor":18},{"not_picked":["Searing Blow","Dropkick"],"picked":"Spot Weakness+1","floor":22}],"player_experience":214779,"relics_obtained":[{"floor":6,"key":"Bag of Marbles"},{"floor":9,"key":"Toxic Egg 2"}],"event_choices":[{"damage_healed":0,"gold_gain":0,"player_choice":"Rummage","damage_taken":0,"relics_obtained":["WarpedTongs"],"max_hp_gain":0,"max_hp_loss":0,"event_name":"Accursed Blacksmith","floor":4,"gold_loss":0,"cards_obtained":["Pain"]},{"cards_removed":["Strike_R"],"damage_healed":0,"gold_gain":0,"player_choice":"Offered Basic","damage_taken":0,"max_hp_gain":0,"max_hp_loss":0,"event_name":"Bonfire Elementals","floor":10,"gold_loss":0},{"cards_removed":["Strike_R"],"damage_healed":0,"gold_gain":0,"player_choice":"Gave Gold","damage_taken":0,"max_hp_gain":0,"max_hp_loss":0,"event_name":"Beggar","floor":19,"gold_loss":75},{"damage_healed":0,"gold_gain":0,"player_choice":"Read","damage_taken":0,"max_hp_gain":0,"max_hp_loss":0,"event_name":"The Library","floor":20,"gold_loss":0,"cards_obtained":["Inflame"]},{"damage_healed":0,"gold_gain":0,"player_choice":"Gave Potion","damage_taken":0,"relics_obtained":["Dead Branch"],"max_hp_gain":0,"max_hp_loss":0,"event_name":"WeMeetAgain","floor":21,"gold_loss":0}],"is_beta":false,"boss_relics":[{"not_picked":["Philosopher\u0027s Stone","SacredBark"],"picked":"Runic Cube"}],"items_purged_floors":[3],"is_endless":false,"potions_floor_spawned":[1,2,6,14,16],"killed_by":"Book of Stabbing","ascension_level":3}}