{"host":"6azrrw3tf7wb0f4b","time":1608267664,"event":{"mods":["BaseMod","DeckTracker","Minty Spire (QoL Compilation)","SuperFastMode"],"gold_per_floor":[116,116,134,152,77,89,108,8,8,8,18,34,34,47,47,146,146,157,157,157,157],"floor_reached":20,"playtime":760,"items_purged":["Defend_B","Strike_B"],"score":227,"play_id":"ac994838-ff3c-48a0-84f0-a0ad10e632d8","local_time":"20201218140104","is_ascension_mode":true,"campfire_choices":[{"data":"Chaos","floor":10,"key":"SMITH"},{"data":"Dualcast","floor":13,"key":"SMITH"},{"data":"Redo","floor":15,"key":"SMITH"}],"circlet_count":0,"master_deck":["Strike_B","Strike_B","Strike_B","Defend_B","Defend_B","Defend_B","Zap","Dualcast+1","Secret Technique","Hologram","Leap","Chaos+1","Self Repair","Conserve Battery","Rebound","Redo+1","Core Surge","Ball Lightning"],"relics":["Cracked Core","FaceOfCleric","InkBottle","Nuclear Battery"],"acts_visited":["Exordium","TheCity"],"potions_floor_usage":[12,14],"damage_taken":[{"damage":2,"enemies":"Jaw Worm","floor":1,"turns":4},{"damage":0,"enemies":"Cultist","floor":3,"turns":3},{"damage":1,"enemies":"Small Slimes","floor":4,"turns":3},{"damage":7,"enemies":"3 Louse","floor":6,"turns":3},{"damage":6,"enemies":"Blue Slaver","floor":7,"turns":5},{"damage":25,"enemies":"Exordium Thugs","floor":11,"turns":8},{"damage":9,"enemies":"Lots of Slimes","floor":12,"turns":4},{"damage":10,"enemies":"Large Slime","floor":14,"turns":7},{"damage":33,"enemies":"Slime Boss","floor":16,"turns":9},{"damage":45,"enemies":"2 Thieves","floor":18,"turns":5},{"damage":1,"enemies":"3 Byrds","floor":20,"turns":1}],"seed_played":"7520454080974002121","potions_obtained":[{"floor":1,"key":"Strength Potion"},{"floor":6,"key":"Dexterity Potion"},{"floor":12,"key":"SkillPotion"},{"floor":16,"key":"Energy Potion"}],"is_trial":false,"path_per_floor":["M","?","M","M","$","M","M","$","T","R","M","M","R","M","R","B",null,"M","?","M"],"character_chosen":"DEFECT","items_purchased":[],"campfire_rested":0,"item_purchase_floors":[],"current_hp_per_floor":[66,66,67,67,67,61,56,56,56,56,39,38,38,36,36,11,60,23,23,22,22],"gold":157,"neow_bonus":"RANDOM_COLORLESS_2","is_daily":false,"chose_seed":false,"campfire_upgraded":3,"win_rate":0.0,"timestamp":1608267664,"path_taken":["M","?","M","M","?","M","M","$","T","R","M","M","R","M","R","BOSS","M","?","M"],"items_purchased_type":[],"build_version":"2020-12-13","purchased_purges":2,"victory":false,"max_hp_per_floor":[68,68,69,70,70,71,72,72,72,72,73,74,74,75,75,76,76,77,77,77,77],"card_choices":[{"not_picked":["The Bomb","Sadistic Nature"],"picked":"Secret Technique","floor":0},{"not_picked":["Beam Cell","Skim"],"picked":"Hologram","floor":1},{"not_picked":["Hologram","Rebound"],"picked":"Leap","floor":3},{"not_picked":["Auto Shields","Scrape","Leap"],"picked":"SKIP","floor":4},{"not_picked":["Go for the Eyes","Recycle"],"picked":"Chaos","floor":6},{"not_picked":["Coolheaded","Stack"],"picked":"Self Repair","floor":7},{"not_picked":["FTL","Force Field"],"picked":"Conserve Battery","floor":11},{"not_picked":["Beam Cell","Fusion"],"picked":"Rebound","floor":12},{"not_picked":["Turbo","Hologram"],"picked":"Redo","floor":14},{"not_picked":["Amplify","Machine Learning"],"picked":"Core Surge","floor":16},{"not_picked":["Conserve Battery+1","FTL"],"picked":"Ball Lightning","floor":18}],"player_experience":606945,"relics_obtained":[{"floor":9,"key":"InkBottle"}],"event_choices":[{"damage_healed":0,"gold_gain":0,"player_choice":"Trade","damage_taken":0,"relics_obtained":["FaceOfCleric"],"max_hp_gain":0,"max_hp_loss":0,"event_name":"FaceTrader","floor":2,"gold_loss":0},{"damage_healed":0,"gold_gain":0,"player_choice":"Ignored","damage_taken":0,"max_hp_gain":0,"max_hp_loss":0,"event_name":"Cursed Tome","floor":19,"gold_loss":0}],"is_beta":false,"boss_relics":[{"not_picked":["Empty Cage","SlaversCollar"],"picked":"Nuclear Battery"}],"items_purged_floors":[5,8],"is_endless":false,"potions_floor_spawned":[1,6,12,16],"killed_by":"3 Byrds","ascension_level":7}}