{"host":"newqdrzxfhh2im9e","time":1608261313,"event":{"mods":["AchievementEnabler","BaseMod","BetterRewards","Block Reminder","Colored Map","Jorbs\u0027s Wanderer Trilogy","Minty Spire (QoL Compilation)","Rare Cards Sparkle","Shop Mod","StSLib"],"gold_per_floor":[117,117,132,4,4,4,31,31,56,69,83,83,98,20,20,124,124,144,156,169,6,6,6],"floor_reached":22,"playtime":1056,"items_purged":[],"score":211,"play_id":"84d0a21a-d4a6-49b7-aca2-05266c49021b","local_time":"20201217191513","is_ascension_mode":false,"campfire_choices":[{"data":"Forethought","floor":6.0,"key":"SMITH"},{"data":"All For One","floor":8.0,"key":"SMITH"},{"data":"Defragment","floor":12.0,"key":"SMITH"},{"data":"Tempest","floor":15.0,"key":"SMITH"}],"circlet_count":0,"master_deck":["Strike_B","Strike_B","Strike_B","Strike_B","Defend_B","Defend_B","Defend_B","Defend_B","Zap","Dualcast","Rip and Tear","Streamline","Self Repair","Forethought+1","All For One+1","Defragment+1","Blizzard","Capacitor","Tempest+1","Creative AI","Glacier","Capacitor+1","Chaos","Apotheosis"],"relics":["Cracked Core","NeowsBlessing","Ancient Tea Set","Regal Pillow","Bronze Scales","SacredBark"],"acts_visited":["Exordium","TheCity"],"potions_floor_usage":[20,22],"damage_taken":[{"damage":0.0,"enemies":"Small Slimes","floor":1.0,"turns":1.0},{"damage":0.0,"enemies":"Jaw Worm","floor":3.0,"turns":1.0},{"damage":0.0,"enemies":"Gremlin Nob","floor":7.0,"turns":1.0},{"damage":2.0,"enemies":"2 Louse","floor":10.0,"turns":2.0},{"damage":15.0,"enemies":"Looter","floor":11.0,"turns":3.0},{"damage":10.0,"enemies":"Gremlin Gang","floor":13.0,"turns":4.0},{"damage":55.0,"enemies":"Hexaghost","floor":16.0,"turns":8.0},{"damage":32,"enemies":"Chosen","floor":18,"turns":5},{"damage":6,"enemies":"3 Byrds","floor":19,"turns":4},{"damage":32,"enemies":"Centurion and Healer","floor":20,"turns":9},{"damage":41,"enemies":"Cultist and Chosen","floor":22,"turns":4}],"seed_played":"548940280335653467","potions_obtained":[{"floor":3.0,"key":"Energy Potion"},{"floor":7.0,"key":"DuplicationPotion"},{"floor":10.0,"key":"DistilledChaos"},{"floor":19,"key":"Dexterity Potion"},{"floor":20,"key":"AttackPotion"}],"is_trial":false,"path_per_floor":["M","?","M","$","?","R","E","R","T","M","M","R","M","$","R","B",null,"M","M","M","$","M"],"character_chosen":"DEFECT","items_purchased":["Self Repair","Forethought","Tempest","Apotheosis"],"campfire_rested":0,"item_purchase_floors":[4,4,14,21],"current_hp_per_floor":[75,72,72,72,77,77,77,77,77,75,67,67,64,64,64,16,80,62,63,38,38,0,0],"gold":6,"neow_bonus":"THREE_ENEMY_KILL","is_daily":false,"chose_seed":false,"campfire_upgraded":4,"win_rate":0.0,"timestamp":1608261313,"path_taken":["M","?","M","$","?","R","E","R","T","M","M","R","M","?","R","BOSS","M","M","M","$","M"],"items_purchased_type":["Card","Card","Card","Card"],"build_version":"2020-12-13","purchased_purges":0,"victory":false,"max_hp_per_floor":[75,75,75,75,80,80,80,80,80,80,80,80,80,80,80,80,80,80,80,80,80,80,80],"card_choices":[{"not_picked":["Steam","Skim"],"picked":"Rip and Tear","floor":1.0},{"not_picked":["Ball Lightning","Go for the Eyes"],"picked":"Streamline","floor":3.0},{"not_picked":["Multi-Cast","Rebound"],"picked":"All For One","floor":7.0},{"not_picked":["Turbo","Gash"],"picked":"Defragment","floor":10.0},{"not_picked":["Glacier","Redo"],"picked":"Blizzard","floor":11.0},{"not_picked":["Stack","Streamline"],"picked":"Capacitor","floor":13.0},{"not_picked":["Hyperbeam","Fission"],"picked":"Creative AI","floor":16.0},{"not_picked":["Streamline","Go for the Eyes"],"picked":"Glacier","floor":18},{"not_picked":["FTL","Genetic Algorithm"],"picked":"Capacitor+1","floor":19},{"not_picked":["Barrage","Beam Cell+1"],"picked":"Chaos","floor":20}],"player_experience":607565,"relics_obtained":[{"floor":7.0,"key":"Regal Pillow"},{"floor":9.0,"key":"Bronze Scales"}],"event_choices":[{"damage_healed":0.0,"max_hp_gain":0.0,"max_hp_loss":0.0,"gold_gain":0.0,"event_name":"Scrap Ooze","player_choice":"Success","floor":2.0,"gold_loss":0.0,"damage_taken":3.0,"relics_obtained":["Ancient Tea Set"]},{"damage_healed":0.0,"max_hp_gain":5.0,"max_hp_loss":0.0,"gold_gain":0.0,"event_name":"Big Fish","player_choice":"Donut","floor":5.0,"gold_loss":0.0,"damage_taken":0.0}],"is_beta":false,"boss_relics":[{"not_picked":["Runic Pyramid","Inserter"],"picked":"SacredBark"}],"items_purged_floors":[],"is_endless":false,"potions_floor_spawned":[3,7,10,19,20],"killed_by":"Cultist and Chosen","ascension_level":0}}