{"host":"zerj8jnfx7q70f00","time":1608255155,"event":{"mods":["2.2 Compatiblity","AchievementEnabler","BaseMod","Minty Spire (QoL Compilation)","Permanent Neow","Quick Restart","SuperFastMode"],"gold_per_floor":[114,128,141,156,173,173,173,194,220,238,259,289,289,310,310,439,439,452,452,466,201,220,220,235,235,235,235,246,271,271,271,271,366,366,384,384,384,384,401,401,432,45,45,45,95,95,0,17,17,17],"floor_reached":51,"playtime":1975,"items_purged":["Strike_G","Strike_G"],"score":826,"play_id":"95857448-09af-46e6-9eae-58cd4d6dd804","local_time":"20201218103235","is_ascension_mode":true,"campfire_choices":[{"data":"Bouncing Flask","floor":6.0,"key":"SMITH"},{"data":"Adrenaline","floor":15.0,"key":"SMITH"},{"data":"Adrenaline","floor":23.0,"key":"SMITH"},{"data":"Acrobatics","floor":25.0,"key":"SMITH"},{"data":"Master of Strategy","floor":27.0,"key":"SMITH"},{"data":"Tactician","floor":32.0,"key":"SMITH"},{"data":"Burst","floor":40.0,"key":"SMITH"},{"data":"Master of Strategy","floor":46.0,"key":"SMITH"},{"data":"Reflex","floor":49.0,"key":"SMITH"}],"circlet_count":0,"master_deck":["Strike_G","Defend_G","Defend_G","Defend_G","Defend_G","Survivor","Neutralize","Poisoned Stab","Acrobatics+1","Tactician+1","Bouncing Flask+1","Noxious Fumes","Adrenaline+1","Noxious Fumes","PiercingWail","Adrenaline+1","Reflex+1","Master of Strategy+1","Deadly Poison+1","Clumsy","Well Laid Plans+1","Burst+1","Master of Strategy+1","Finesse","Escape Plan+1","Catalyst+1","Backflip+1","Bouncing Flask+1"],"relics":["Empty Cage","Bloody Idol","Juzu Bracelet","HornCleat","Cursed Key","Eternal Feather","Vajra","Bag of Preparation","Coffee Dripper","Bag of Marbles","Omamori","Orrery","Paper Crane","Thread and Needle","Red Mask"],"acts_visited":["Exordium","TheCity","TheBeyond"],"potions_floor_usage":[],"damage_taken":[{"damage":0.0,"enemies":"Jaw Worm","floor":1.0,"turns":8.0},{"damage":4.0,"enemies":"Small Slimes","floor":2.0,"turns":5.0},{"damage":2.0,"enemies":"2 Louse","floor":3.0,"turns":2.0},{"damage":11.0,"enemies":"Looter","floor":4.0,"turns":4.0},{"damage":2.0,"enemies":"Large Slime","floor":5.0,"turns":6.0},{"damage":4.0,"enemies":"3 Louse","floor":8.0,"turns":3.0},{"damage":3.0,"enemies":"2 Fungi Beasts","floor":10.0,"turns":5.0},{"damage":3.0,"enemies":"Large Slime","floor":11.0,"turns":5.0},{"damage":0.0,"enemies":"Lots of Slimes","floor":14.0,"turns":4.0},{"damage":18.0,"enemies":"The Guardian","floor":16.0,"turns":8.0},{"damage":0.0,"enemies":"Chosen","floor":18.0,"turns":4.0},{"damage":0.0,"enemies":"Spheric Guardian","floor":20.0,"turns":3.0},{"damage":0.0,"enemies":"Snake Plant","floor":22.0,"turns":4.0},{"damage":0.0,"enemies":"Centurion and Healer","floor":24.0,"turns":6.0},{"damage":16.0,"enemies":"Cultist and Chosen","floor":28.0,"turns":5.0},{"damage":0.0,"enemies":"Book of Stabbing","floor":29.0,"turns":5.0},{"damage":16.0,"enemies":"Collector","floor":33.0,"turns":6.0},{"damage":2.0,"enemies":"Orb Walker","floor":35.0,"turns":3.0},{"damage":0.0,"enemies":"3 Darklings","floor":39.0,"turns":4.0},{"damage":2.0,"enemies":"Giant Head","floor":41.0,"turns":6.0},{"damage":0.0,"enemies":"Mind Bloom Boss Battle","floor":45.0,"turns":2.0},{"damage":0.0,"enemies":"Jaw Worm Horde","floor":48.0,"turns":3.0},{"damage":0,"enemies":"Time Eater","floor":50,"turns":2}],"seed_played":"3509975468880742040","potions_obtained":[{"floor":2.0,"key":"SteroidPotion"},{"floor":3.0,"key":"Ancient Potion"},{"floor":4.0,"key":"Fire Potion"},{"floor":10.0,"key":"Block Potion"},{"floor":16.0,"key":"Explosive Potion"},{"floor":29.0,"key":"SpeedPotion"},{"floor":35.0,"key":"DuplicationPotion"},{"floor":39.0,"key":"GhostInAJar"},{"floor":48.0,"key":"Dexterity Potion"}],"is_trial":false,"path_per_floor":["M","M","M","M","M","R","?","M","T","M","M","?","?","M","R","B",null,"M","?","M","$","M","R","M","R","T","R","M","E","?","?","R","B",null,"M","?","?","?","M","R","E","$","T","$","?","R","?","M","R","B",null],"character_chosen":"THE_SILENT","items_purchased":["Master of Strategy","Omamori","Orrery"],"campfire_rested":0,"item_purchase_floors":[21,42,42],"current_hp_per_floor":[70,66,64,53,51,51,51,47,47,44,41,41,34,34,34,16,65,65,65,65,65,65,65,65,65,65,65,54,59,59,59,65,54,65,65,55,55,65,65,65,65,65,65,65,65,65,65,65,65,65],"gold":17,"neow_bonus":"BOSS_RELIC","is_daily":false,"chose_seed":false,"campfire_upgraded":9,"win_rate":0.0,"timestamp":1608255155,"path_taken":["M","M","M","M","M","R","?","M","T","M","M","?","?","M","R","BOSS","M","?","M","$","M","R","M","R","T","R","M","E","?","?","R","BOSS","M","?","?","?","M","R","E","$","T","$","?","R","?","M","R","BOSS"],"items_purchased_type":["Card","Relic","Relic"],"build_version":"2020-12-13","purchased_purges":2,"victory":true,"max_hp_per_floor":[70,70,70,70,70,70,65,65,65,65,65,65,65,65,65,65,65,65,65,65,65,65,65,65,65,65,65,65,65,65,65,65,65,65,65,65,65,65,65,65,65,65,65,65,65,65,65,65,65,65],"card_choices":[{"not_picked":["Slice","Underhanded Strike"],"picked":"Poisoned Stab","floor":1.0},{"not_picked":["Dagger Throw","Caltrops"],"picked":"Acrobatics","floor":2.0},{"not_picked":["Underhanded Strike","Slice"],"picked":"Tactician","floor":3.0},{"not_picked":["Underhanded Strike","Prepared"],"picked":"Bouncing Flask","floor":4.0},{"not_picked":["Deflect","Skewer","Prepared"],"picked":"SKIP","floor":5.0},{"not_picked":["PiercingWail","Distraction"],"picked":"Noxious Fumes","floor":8.0},{"not_picked":["Catalyst","Quick Slash"],"picked":"Adrenaline","floor":10.0},{"not_picked":["Underhanded Strike","Slice"],"picked":"Noxious Fumes","floor":11.0},{"not_picked":["Eviscerate","Prepared"],"picked":"PiercingWail","floor":14.0},{"not_picked":["After Image","Unload"],"picked":"Adrenaline","floor":16.0},{"not_picked":["Outmaneuver","Terror"],"picked":"Reflex","floor":18.0},{"not_picked":["Predator","Dodge and Roll","Poisoned Stab"],"picked":"SKIP","floor":20.0},{"not_picked":["Poisoned Stab+1","Eviscerate"],"picked":"Deadly Poison+1","floor":22.0},{"not_picked":["Masterful Stab","Infinite Blades","Prepared"],"picked":"SKIP","floor":24.0},{"not_picked":["Predator","Deadly Poison","Poisoned Stab"],"picked":"SKIP","floor":28.0},{"not_picked":["Outmaneuver","Slice"],"picked":"Well Laid Plans+1","floor":29.0},{"not_picked":["Tools of the Trade","Die Die Die"],"picked":"Burst","floor":33.0},{"not_picked":["Flying Knee","Dodge and Roll+1","Endless Agony+1"],"picked":"SKIP","floor":35.0},{"not_picked":["Madness","Dark Shackles"],"picked":"Master of Strategy","floor":36.0},{"not_picked":["Apotheosis","PanicButton"],"picked":"Finesse","floor":36.0},{"not_picked":["Flying Knee+1","Reflex+1"],"picked":"Escape Plan+1","floor":39.0},{"not_picked":["Skewer","Riddle With Holes","Blade Dance+1"],"picked":"SKIP","floor":41.0},{"not_picked":["Blade Dance","Poisoned Stab"],"picked":"Catalyst+1","floor":42.0},{"not_picked":["Choke+1","PiercingWail"],"picked":"Backflip+1","floor":42.0},{"not_picked":["Crippling Poison+1","Endless Agony+1"],"picked":"Bouncing Flask+1","floor":48.0}],"player_experience":8988,"relics_obtained":[{"floor":9.0,"key":"Juzu Bracelet"},{"floor":26.0,"key":"Eternal Feather"},{"floor":29.0,"key":"Vajra"},{"floor":41.0,"key":"Bag of Marbles"},{"floor":43.0,"key":"Paper Crane"},{"floor":45.0,"key":"Thread and Needle"}],"event_choices":[{"damage_healed":0.0,"max_hp_gain":0.0,"max_hp_loss":5.0,"gold_gain":0.0,"event_name":"Golden Idol","player_choice":"Lose Max HP","floor":7.0,"gold_loss":0.0,"damage_taken":0.0,"relics_obtained":["Golden Idol"]},{"damage_healed":0.0,"max_hp_gain":0.0,"max_hp_loss":0.0,"gold_gain":30.0,"event_name":"Dead Adventurer","player_choice":"Searched \u00271\u0027 times","floor":12.0,"gold_loss":0.0,"damage_taken":0.0},{"damage_healed":0.0,"max_hp_gain":0.0,"max_hp_loss":0.0,"gold_gain":0.0,"event_name":"Scrap Ooze","player_choice":"Success","floor":13.0,"gold_loss":0.0,"damage_taken":7.0,"relics_obtained":["HornCleat"]},{"damage_healed":0.0,"max_hp_gain":0.0,"max_hp_loss":0.0,"gold_gain":0.0,"event_name":"Forgotten Altar","player_choice":"Gave Idol","floor":19.0,"relics_lost":["Golden Idol"],"gold_loss":0.0,"damage_taken":0.0,"relics_obtained":["Bloody Idol"]},{"damage_healed":0.0,"max_hp_gain":0.0,"max_hp_loss":0.0,"gold_gain":0.0,"event_name":"Ghosts","player_choice":"Ignored","floor":30.0,"gold_loss":0.0,"damage_taken":0.0},{"damage_healed":0.0,"max_hp_gain":0.0,"max_hp_loss":0.0,"gold_gain":0.0,"event_name":"The Mausoleum","player_choice":"Opened","floor":31.0,"gold_loss":0.0,"damage_taken":0.0,"relics_obtained":["Bag of Preparation"]},{"damage_healed":0.0,"max_hp_gain":0.0,"max_hp_loss":0.0,"gold_gain":0.0,"event_name":"SensoryStone","player_choice":"Memory 3","floor":36.0,"gold_loss":0.0,"damage_taken":10.0},{"cards_removed":["Defend_G"],"damage_healed":0.0,"max_hp_gain":0.0,"max_hp_loss":0.0,"gold_gain":0.0,"event_name":"Falling","player_choice":"Removed Skill","floor":37.0,"gold_loss":0.0,"damage_taken":0.0},{"damage_healed":10.0,"max_hp_gain":0.0,"max_hp_loss":0.0,"gold_gain":0.0,"event_name":"Wheel of Change","player_choice":"Full Heal","floor":38.0,"gold_loss":0.0,"damage_taken":0.0},{"damage_healed":0.0,"max_hp_gain":0.0,"max_hp_loss":0.0,"gold_gain":0.0,"event_name":"MindBloom","player_choice":"Fight","floor":45.0,"gold_loss":0.0,"damage_taken":0.0},{"damage_healed":0.0,"max_hp_gain":0.0,"max_hp_loss":0.0,"gold_gain":0.0,"event_name":"Tomb of Lord Red Mask","player_choice":"Paid","floor":47.0,"gold_loss":95.0,"damage_taken":0.0,"relics_obtained":["Red Mask"]}],"is_beta":false,"boss_relics":[{"not_picked":["Ectoplasm","Runic Dome"],"picked":"Cursed Key"},{"not_picked":["Fusion Hammer","Tiny House"],"picked":"Coffee Dripper"}],"items_purged_floors":[21,42],"is_endless":false,"potions_floor_spawned":[2,3,4,10,16,22,28,29,35,39,48],"ascension_level":1}}