{"host":"t75twhtg6c476ygg","time":1608298469,"event":{"mods":["AchievementEnabler","BaseMod","Colored Powertips","Minty Spire (QoL Compilation)","Quick Restart","Relic Stats","StSLib","SuperFastMode"],"gold_per_floor":[32,32,52,72,72,101,134,187,187,258,258,309,152,191,191,318,318,336,336,28,46,46,75,116,149,196,239,94,105,162,205,205,334,334,369,369,138,138,174,174,205,205,232,306,306,356,356,371,371,371],"floor_reached":51,"playtime":1234,"items_purged":[],"score":1648,"play_id":"03d093fa-8fa8-4272-aba2-9d7f9695afc2","local_time":"20201218133429","is_ascension_mode":true,"campfire_choices":[{"data":"Rage","floor":11,"key":"SMITH"},{"floor":15,"key":"REST"},{"data":"1","floor":32,"key":"LIFT"},{"data":"2","floor":40,"key":"LIFT"},{"data":"3","floor":42,"key":"LIFT"},{"data":"Rage+1","floor":49,"key":"PURGE"}],"circlet_count":0,"master_deck":["Anger+1","Body Slam+1","Clash+1","Flex+1"],"relics":["Burning Blood","Unceasing Top","HornCleat","Omamori","Medical Kit","Blue Candle","Peace Pipe","FossilizedHelix","Paper Frog","Odd Mushroom","Molten Egg 2","Nunchaku","Girya","Black Star","Ornamental Fan","Bag of Preparation","Orichalcum","Bronze Scales","Dream Catcher","Bag of Marbles","Membership Card","Frozen Egg 2","Fusion Hammer","Juzu Bracelet","Brimstone","Blood Vial","Eternal Feather","Anchor","Boot","Magic Flower","Ginger"],"acts_visited":["Exordium","TheCity","TheBeyond"],"potions_floor_usage":[50,50,50],"damage_taken":[{"damage":0.0,"enemies":"2 Louse","floor":1.0,"turns":1.0},{"damage":0.0,"enemies":"Cultist","floor":3.0,"turns":1.0},{"damage":0.0,"enemies":"Jaw Worm","floor":4.0,"turns":1.0},{"damage":0.0,"enemies":"Gremlin Nob","floor":6.0,"turns":2.0},{"damage":0.0,"enemies":"Exordium Wildlife","floor":7.0,"turns":1.0},{"damage":0.0,"enemies":"3 Sentries","floor":8.0,"turns":2.0},{"damage":0,"enemies":"The Mushroom Lair","floor":10,"turns":2},{"damage":0,"enemies":"Gremlin Nob","floor":12,"turns":2},{"damage":0,"enemies":"Exordium Thugs","floor":14,"turns":2},{"damage":0,"enemies":"Slime Boss","floor":16,"turns":3},{"damage":0,"enemies":"Chosen","floor":18,"turns":2},{"damage":0,"enemies":"Shell Parasite","floor":21,"turns":1},{"damage":0,"enemies":"Book of Stabbing","floor":23,"turns":2},{"damage":0,"enemies":"Cultist and Chosen","floor":24,"turns":2},{"damage":0,"enemies":"Gremlin Leader","floor":25,"turns":1},{"damage":0,"enemies":"Centurion and Healer","floor":27,"turns":1},{"damage":0,"enemies":"Chosen and Byrds","floor":29,"turns":1},{"damage":0,"enemies":"Slavers","floor":30,"turns":2},{"damage":0,"enemies":"Snake Plant","floor":31,"turns":1},{"damage":0,"enemies":"Automaton","floor":33,"turns":3},{"damage":0,"enemies":"3 Shapes","floor":35,"turns":1},{"damage":0,"enemies":"3 Darklings","floor":39,"turns":1},{"damage":0,"enemies":"Nemesis","floor":41,"turns":1},{"damage":0,"enemies":"2 Orb Walkers","floor":44,"turns":1},{"damage":0,"enemies":"Mind Bloom Boss Battle","floor":46,"turns":1},{"damage":0,"enemies":"Jaw Worm Horde","floor":48,"turns":1},{"damage":0,"enemies":"Time Eater","floor":50,"turns":2}],"seed_played":"4967837664571609037","potions_obtained":[{"floor":1.0,"key":"ColorlessPotion"},{"floor":3.0,"key":"EssenceOfSteel"},{"floor":8.0,"key":"AttackPotion"},{"floor":12,"key":"PowerPotion"},{"floor":48,"key":"EssenceOfSteel"}],"is_trial":false,"path_per_floor":["M","?","M","M","$","E","M","E","T","?","R","E","$","M","R","B",null,"M","?","$","M","?","E","M","E","T","M","$","M","E","M","R","B",null,"M","?","$","?","M","R","E","R","T","?","?","?","?","M","R","B",null],"character_chosen":"IRONCLAD","items_purchased":["Nunchaku","Ornamental Fan","Body Slam+1","Membership Card","Juzu Bracelet","Brimstone","Blood Vial"],"campfire_rested":1,"item_purchase_floors":[13,20,20,28,37,37,37],"current_hp_per_floor":[80,80,80,80,80,80,80,80,80,80,80,80,80,80,80,80,80,80,80,80,80,65,71,77,83,83,85,85,85,85,85,85,85,85,85,85,85,85,85,85,85,85,85,85,85,85,85,85,85,85],"gold":371,"neow_bonus":"RANDOM_COLORLESS_2","is_daily":false,"chose_seed":false,"campfire_upgraded":1,"win_rate":0.0,"timestamp":1608298469,"path_taken":["M","?","M","?","?","E","M","E","T","?","R","E","?","M","R","BOSS","M","?","?","M","?","E","?","E","T","M","$","M","E","M","R","BOSS","M","?","$","?","M","R","E","R","T","?","?","?","?","M","R","BOSS"],"items_purchased_type":["Relic","Relic","Card","Relic","Relic","Relic","Relic"],"build_version":"2020-12-13","purchased_purges":0,"victory":true,"max_hp_per_floor":[80,80,80,80,80,80,80,80,80,80,80,80,80,80,80,80,80,80,80,80,80,85,85,85,85,85,85,85,85,85,85,85,85,85,85,85,85,85,85,85,85,85,85,85,85,85,85,85,85,85],"relic_stats":{"counters":[27,41],"Blue Candle":[0],"Magic Flower":[0],"Eternal Feather":0,"Bag of Preparation":[9],"Juzu Bracelet":1,"Ginger":[0],"Orichalcum":[0],"Medical Kit":[2],"Boot":[0],"Burning Blood":20,"Peace Pipe":1,"Blood Vial":0,"Nunchaku":[17],"Dream Catcher":0,"Ornamental Fan":[164],"Bronze Scales":[21],"Black Star":4,"obtain_stats":[{"Magic Flower":44,"Bag of Preparation":23,"Juzu Bracelet":37,"Ginger":46,"Boot":43,"Burning Blood":0,"Blood Vial":37,"Nunchaku":13,"Dream Catcher":25,"HornCleat":2,"Fusion Hammer":34,"Paper Frog":9,"Girya":15,"Blue Candle":8,"Eternal Feather":41,"Omamori":6,"Odd Mushroom":10,"Orichalcum":23,"Frozen Egg 2":30,"Medical Kit":8,"Peace Pipe":8,"Anchor":41,"Ornamental Fan":20,"Brimstone":37,"Bronze Scales":25,"Molten Egg 2":12,"Black Star":17,"Bag of Marbles":26,"Membership Card":28,"Bottled Lightning":30,"Unceasing Top":0,"FossilizedHelix":8},{"Magic Flower":24,"Bag of Preparation":13,"Juzu Bracelet":21,"Ginger":25,"Boot":23,"Burning Blood":0,"Blood Vial":21,"Nunchaku":8,"Dream Catcher":15,"HornCleat":1,"Fusion Hammer":20,"Paper Frog":6,"Girya":9,"Blue Candle":6,"Eternal Feather":23,"Omamori":4,"Odd Mushroom":7,"Orichalcum":13,"Frozen Egg 2":18,"Medical Kit":6,"Peace Pipe":6,"Anchor":23,"Ornamental Fan":11,"Brimstone":21,"Bronze Scales":15,"Molten Egg 2":8,"Black Star":10,"Bag of Marbles":15,"Membership Card":16,"Bottled Lightning":18,"Unceasing Top":0,"FossilizedHelix":6},{"Magic Flower":37,"Bag of Preparation":22,"Juzu Bracelet":34,"Ginger":38,"Boot":36,"Burning Blood":0,"Blood Vial":34,"Nunchaku":12,"Dream Catcher":25,"HornCleat":1,"Fusion Hammer":33,"Paper Frog":8,"Girya":14,"Blue Candle":8,"Eternal Feather":36,"Omamori":5,"Odd Mushroom":10,"Orichalcum":22,"Frozen Egg 2":29,"Medical Kit":8,"Peace Pipe":8,"Anchor":36,"Ornamental Fan":19,"Brimstone":34,"Bronze Scales":25,"Molten Egg 2":12,"Black Star":17,"Bag of Marbles":25,"Membership Card":26,"Bottled Lightning":29,"Unceasing Top":0,"FossilizedHelix":8}],"Unceasing Top":[112]},"card_choices":[{"not_picked":["Panache","Violence"],"picked":"HandOfGreed","floor":0.0},{"not_picked":["Warcry","Twin Strike","Cleave"],"picked":"SKIP","floor":1.0},{"not_picked":["Battle Trance","Wild Strike","Searing Blow"],"picked":"SKIP","floor":3.0},{"not_picked":["Sentinel","Inflame","Sword Boomerang"],"picked":"SKIP","floor":4.0},{"not_picked":["Infernal Blade","Headbutt"],"picked":"Rage","floor":6.0},{"not_picked":["Warcry","Shrug It Off","Armaments"],"picked":"SKIP","floor":7.0},{"not_picked":["Wild Strike","Headbutt","Cleave"],"picked":"SKIP","floor":8.0},{"not_picked":["Disarm","Dark Embrace","Carnage+1"],"picked":"SKIP","floor":12},{"not_picked":["Power Through","Brutality","Anger+1"],"picked":"SKIP","floor":14},{"not_picked":["Sword Boomerang+1","Iron Wave+1","Clash+1"],"picked":"SKIP","floor":18},{"not_picked":["True Grit","Iron Wave+1","Pummel+1"],"picked":"SKIP","floor":21},{"not_picked":["Inflame","Intimidate+1"],"picked":"Clash+1","floor":23},{"not_picked":["Flame Barrier","Iron Wave+1","Power Through+1"],"picked":"SKIP","floor":24},{"not_picked":["Sword Boomerang+1","Heavy Blade+1","Brutality"],"picked":"SKIP","floor":25},{"not_picked":["Body Slam+1","Iron Wave+1","Cleave+1"],"picked":"SKIP","floor":27},{"not_picked":["Perfected Strike+1","True Grit","Flame Barrier"],"picked":"SKIP","floor":29},{"not_picked":["Ghostly Armor+1","Perfected Strike+1","Seeing Red"],"picked":"SKIP","floor":30},{"not_picked":["Pommel Strike+1","Cleave+1","True Grit"],"picked":"SKIP","floor":31},{"not_picked":["Sword Boomerang+1","Clothesline+1","Twin Strike+1"],"picked":"SKIP","floor":35},{"not_picked":["Armaments","Carnage+1","Cleave+1"],"picked":"SKIP","floor":39},{"not_picked":["Wild Strike+1","Flame Barrier+1","Whirlwind+1"],"picked":"SKIP","floor":41},{"not_picked":["Battle Trance+1","Twin Strike+1"],"picked":"Flex","floor":44},{"not_picked":["Heavy Blade+1","Headbutt+1","Rupture+1"],"picked":"SKIP","floor":48}],"player_experience":178940,"relics_obtained":[{"floor":6.0,"key":"Omamori"},{"floor":8.0,"key":"FossilizedHelix"},{"floor":9.0,"key":"Paper Frog"},{"floor":10,"key":"Odd Mushroom"},{"floor":12,"key":"Molten Egg 2"},{"floor":23,"key":"Bag of Preparation"},{"floor":23,"key":"Orichalcum"},{"floor":25,"key":"Bronze Scales"},{"floor":25,"key":"Dream Catcher"},{"floor":26,"key":"Bag of Marbles"},{"floor":30,"key":"Frozen Egg 2"},{"floor":30,"key":"Bottled Lightning"},{"floor":41,"key":"Eternal Feather"},{"floor":41,"key":"Anchor"},{"floor":43,"key":"Boot"},{"floor":44,"key":"Magic Flower"},{"floor":46,"key":"Ginger"}],"event_choices":[{"damage_healed":0.0,"max_hp_gain":0.0,"max_hp_loss":0.0,"gold_gain":0.0,"event_name":"WeMeetAgain","player_choice":"Gave Potion","floor":2.0,"gold_loss":0.0,"damage_taken":0.0,"relics_obtained":["HornCleat"]},{"damage_healed":0,"gold_gain":0,"player_choice":"Fought Mushrooms","damage_taken":0,"max_hp_gain":0,"max_hp_loss":0,"event_name":"Mushrooms","floor":10,"gold_loss":0},{"damage_healed":0,"gold_gain":0,"player_choice":"Full Heal","damage_taken":0,"max_hp_gain":0,"max_hp_loss":0,"event_name":"Wheel of Change","floor":19,"gold_loss":0},{"damage_healed":0,"gold_gain":0,"player_choice":"Shed Blood","damage_taken":20,"max_hp_gain":5,"max_hp_loss":0,"event_name":"Forgotten Altar","floor":22,"gold_loss":0},{"cards_removed":["Anger"],"damage_healed":0,"gold_gain":0,"player_choice":"Removed Attack","damage_taken":0,"max_hp_gain":0,"max_hp_loss":0,"event_name":"Falling","floor":36,"gold_loss":0},{"damage_healed":0,"gold_gain":0,"player_choice":"Ignored","damage_taken":0,"max_hp_gain":0,"max_hp_loss":0,"event_name":"Tomb of Lord Red Mask","floor":38,"gold_loss":0},{"damage_healed":0,"gold_gain":0,"player_choice":"Fight","damage_taken":0,"max_hp_gain":0,"max_hp_loss":0,"event_name":"Mysterious Sphere","floor":44,"gold_loss":0},{"damage_healed":0,"gold_gain":0,"player_choice":"Forge","damage_taken":0,"max_hp_gain":0,"max_hp_loss":0,"event_name":"Accursed Blacksmith","floor":45,"gold_loss":0,"cards_upgraded":["Flex"]},{"damage_healed":0,"gold_gain":0,"player_choice":"Fight","damage_taken":0,"max_hp_gain":0,"max_hp_loss":0,"event_name":"MindBloom","floor":46,"gold_loss":0},{"damage_healed":0,"gold_gain":0,"player_choice":"Memory 1","damage_taken":0,"max_hp_gain":0,"max_hp_loss":0,"event_name":"SensoryStone","floor":47,"gold_loss":0}],"is_beta":false,"boss_relics":[{"not_picked":["Velvet Choker","Coffee Dripper"],"picked":"Black Star"},{"not_picked":["Runic Pyramid","Busted Crown"],"picked":"Fusion Hammer"}],"items_purged_floors":[],"is_endless":false,"potions_floor_spawned":[1,3,8,12,16,21,27,29,30,31,35,48],"ascension_level":5}}