{"host":"4a6fro0of1ie0h2w","time":1608287256,"event":{"mods":["Aspiration","BaseMod","CCEM","Colored Map","Conspire","Downfall","GifTheSpireLib","Halation","Highlight Path","Hubris","Infinite Spire","Marisa????????","Minty Spire (QoL Compilation)","Permanent Neow","Replay The Spire","StSLib","Stuff the Spire","The Servant 0.9.4"],"gold_per_floor":[99,112,112,138,138,138,138,63,90,90,101,11,0,18,29,132,132,57,5,21,21,48,48,71,99,99,99,99,111,111,111,111,111],"floor_reached":32,"playtime":2194,"items_purged":["Injury","Guardian:Defend_Guardian"],"score":349,"play_id":"ebbc48b1-c916-451e-9698-7e4be4764abc","local_time":"20201218122736","is_ascension_mode":true,"campfire_choices":[{"data":"Guardian:SentryBeam","floor":6,"key":"SMITH"},{"data":"Guardian:TwinSlam","floor":8,"key":"SMITH"},{"floor":10,"key":"RECALL"},{"data":"Guardian:ChargeUp","floor":18,"key":"SMITH"},{"data":"Guardian:Planning","floor":21,"key":"SMITH"},{"floor":27,"key":"REST"}],"circlet_count":0,"master_deck":["Guardian:Strike_Guardian","Guardian:Strike_Guardian","Guardian:Defend_Guardian","Guardian:Defend_Guardian","Guardian:CurlUp","Guardian:TwinSlam+1","Guardian:VentSteam","Guardian:TemporalShield+1","Guardian:SentryBeam+1","Guardian:PiercingHide","Guardian:PolyBeam+1","Guardian:Orbwalk+1","Guardian:Planning+1","Guardian:TemporalStrike","Guardian:ChargeUp+1","Guardian:TimeSifter+1","Guardian:DecasProtection+1","Guardian:TimeCapacitor+1","Guardian:Preprogram+1","Guardian:BronzeOrb+1","ReplayTheSpireMod:Book of Names+1","Guardian:PolyBeam+1","Replay:Fractal Strike","Guardian:Gem_Crimson","Guardian:Gem_Green","Shame"],"relics":["Guardian:ModeShifter","Frozen Egg 2","StuffTheSpire:Rhapsscallions","hubris:Icosahedron","downfall:HeartBlessingBlue","hubris:SlimyHat","Guardian:StasisSlotReductionRelic","downfall:HeartBlessingRed","Peace Pipe","hubris:KleinBottle","hubris:FruitBowl","Nunchaku","Replay:Bottled Eggs","infinitespire:PuzzleCube","halation:Prosthetics","PrismaticShard","halation:BottledLove"],"acts_visited":["Exordium","TheCity"],"potions_floor_usage":[13,16,16,20,25],"damage_taken":[{"damage":2.0,"enemies":"Small Slimes","floor":2.0,"turns":3.0},{"damage":22,"enemies":"Lagavulin","floor":4,"turns":8},{"damage":20,"enemies":"Gremlin Nob","floor":9,"turns":4},{"damage":0,"enemies":"Jaw Worm","floor":11,"turns":3},{"damage":1,"enemies":"downfall:FleeingMerchant","floor":12,"turns":4},{"damage":6,"enemies":"downfall:FleeingMerchant","floor":13,"turns":4},{"damage":6,"enemies":"Cultist","floor":14,"turns":3},{"damage":11,"enemies":"Red Slaver","floor":15,"turns":4},{"damage":0,"enemies":"downfall:Watcher","floor":16,"turns":5},{"damage":0,"enemies":"downfall:FleeingMerchant","floor":19,"turns":4},{"damage":20,"enemies":"Shell Parasite","floor":20,"turns":5},{"damage":18,"enemies":"Nightmare","floor":22,"turns":8},{"damage":11,"enemies":"conspire:SneckoGhost","floor":25,"turns":6},{"damage":3,"enemies":"3 Byrds","floor":29,"turns":4},{"damage":15,"enemies":"Shelled Parasite and Fungi","floor":32,"turns":3}],"seed_played":"-6306792657041041339","potions_obtained":[{"floor":4,"key":"FearPotion"},{"floor":9,"key":"AttackPotion"},{"floor":15,"key":"Block Potion"},{"floor":16,"key":"Guardian:DefensiveModePotion"},{"floor":22,"key":"LiquidMemories"}],"is_trial":false,"path_per_floor":["R_BF","M","?","E","?","R","T","R","E","R","M","$","$","M","M","B",null,"R","$","M","R","NM","$","T","E","AVR","R","?","M","?","?","M"],"character_chosen":"GUARDIAN","items_purchased":["Guardian:TimeCapacitor+1","hubris:KleinBottle","hubris:FruitBowl"],"campfire_rested":1,"item_purchase_floors":[19,23,23],"current_hp_per_floor":[80,78,78,61,61,61,61,71,51,51,51,50,44,38,27,27,95,95,95,75,75,57,19,19,8,8,20,24,21,13,13,0,0],"gold":111,"neow_bonus":"TRANSFORM_TWO_CARDS","is_daily":false,"chose_seed":false,"campfire_upgraded":4,"win_rate":0.0,"timestamp":1608287256,"path_taken":["R_BF","M","?","E","?","R","T","R","E","R","?","$","$","M","M","BOSS","R","$","?","R","NM","?","T","E","AVR","R","?","M","?","?","M"],"items_purchased_type":["Card","Relic","Relic"],"build_version":"2020-12-13","purchased_purges":2,"victory":false,"max_hp_per_floor":[80,80,80,85,85,85,85,95,95,95,95,95,95,95,95,95,95,95,95,95,95,95,95,95,95,43,43,43,43,43,43,43,43],"card_choices":[{"not_picked":["Guardian:Gem_Green","Guardian:Clone"],"picked":"Guardian:SentryBeam","floor":2},{"not_picked":["Guardian:ShieldSpikes","Guardian:Emergency"],"picked":"Guardian:PiercingHide","floor":4},{"not_picked":["Guardian:Suspension","Guardian:ShieldCharger"],"picked":"Guardian:PolyBeam","floor":9},{"not_picked":["Guardian:ChargeCore","Guardian:GemFire"],"picked":"Guardian:Orbwalk+1","floor":11},{"not_picked":["Guardian:TemporalStrike","Guardian:Gem_Green"],"picked":"Guardian:Planning","floor":12},{"not_picked":["Guardian:Emergency","Guardian:VentSteam"],"picked":"Guardian:TemporalStrike","floor":13},{"not_picked":["Guardian:Gem_Green","Guardian:Recover"],"picked":"Guardian:Gem_Yellow","floor":14},{"not_picked":["Guardian:Gem_Green","Guardian:Gem_Cyan"],"picked":"Guardian:ChargeUp","floor":15},{"not_picked":["Guardian:ExploitGems","Guardian:Gem_Orange"],"picked":"Guardian:TimeSifter+1","floor":16},{"not_picked":["Guardian:RollAttack","Guardian:ArmoredProtocol+1"],"picked":"Guardian:DecasProtection+1","floor":19},{"not_picked":["Guardian:Gem_Purple","Guardian:VentSteam"],"picked":"Guardian:Preprogram+1","floor":20},{"not_picked":["Guardian:PrismaticBarrier","Guardian:Reroute+1"],"picked":"Guardian:BronzeOrb+1","floor":22},{"not_picked":["infinitespire:FutureSight","infinitespire:NeuralNetwork"],"picked":"ReplayTheSpireMod:Book of Names","floor":23},{"not_picked":["Guardian:ShieldCharger","Guardian:ConstructionForm+1"],"picked":"Guardian:PolyBeam","floor":25},{"not_picked":["Guardian:Gem_Cyan","Guardian:EvasiveProtocol+1"],"picked":"Guardian:Gem_Crimson","floor":29},{"not_picked":["Guardian:Planning+1","Guardian:Recover"],"picked":"Guardian:Gem_Green","floor":30}],"player_experience":182040,"relics_obtained":[{"floor":4,"key":"StuffTheSpire:Rhapsscallions"},{"floor":9,"key":"hubris:SlimyHat"},{"floor":22,"key":"Peace Pipe"},{"floor":24,"key":"Nunchaku"},{"floor":25,"key":"Replay:Bottled Eggs"},{"floor":30,"key":"PrismaticShard"}],"event_choices":[{"damage_healed":0,"gold_gain":0,"player_choice":"Stole Relic","damage_taken":0,"relics_obtained":["halation:BottledLove"],"max_hp_gain":0,"max_hp_loss":0,"event_name":"Addict","floor":31,"gold_loss":0,"cards_obtained":["Shame"]}],"is_beta":false,"boss_relics":[{"not_picked":["halation:CatFaceCupcake","CCEMRelics:TransientCore"],"picked":"Guardian:StasisSlotReductionRelic"}],"items_purged_floors":[12,26],"is_endless":true,"potions_floor_spawned":[4,9,15,16,22],"killed_by":"Shelled Parasite and Fungi","ascension_level":1}}