{"host":"joxnbq9hujdt0xua","time":1608324801,"event":{"mods":["Act Like it!","BaseMod","Colored Powertips","Downfall","Minty Spire (QoL Compilation)","Replay The Spire","StSLib"],"gold_per_floor":[99,110,123,136,152,152,152,181,196,196,45,58,73,73,85,85,85],"floor_reached":16,"playtime":695,"items_purged":[],"score":96,"play_id":"22df034c-3b8a-40e9-8b77-515d3511a4b6","local_time":"20201219045321","is_ascension_mode":false,"campfire_choices":[{"data":"Slimebound:Split","floor":1,"key":"SMITH"},{"data":"Slimebound:LevelUp","floor":10,"key":"SMITH"}],"circlet_count":0,"master_deck":["Slimebound:Strike_Slimebound","Slimebound:Strike_Slimebound","Slimebound:Strike_Slimebound","Slimebound:Tackle","Slimebound:Defend_Slimebound","Slimebound:Defend_Slimebound","Slimebound:Defend_Slimebound","Slimebound:Split+1","Slimebound:CorrosiveSpit","Slimebound:LeechingTouch","Slimebound:SpikyOuterGoop","Slimebound:LevelUp+1","Slimebound:SlimeSpikes","Slimebound:MegaLick+1","Slimebound:Repurpose","Slimebound:MassFeed","Slimebound:MegaLick","Slimebound:Teamwork"],"relics":["Slimebound:AbsorbEndCombat","Slimebound:MaxSlimesRelic","Odd Mushroom"],"acts_visited":["Exordium"],"potions_floor_usage":[16,16],"damage_taken":[{"damage":15,"enemies":"Small Slimes","floor":2,"turns":4},{"damage":17,"enemies":"2 Louse","floor":3,"turns":2},{"damage":11,"enemies":"Jaw Worm","floor":4,"turns":3},{"damage":30,"enemies":"Exordium Thugs","floor":5,"turns":4},{"damage":26,"enemies":"The Mushroom Lair","floor":8,"turns":3},{"damage":19,"enemies":"Large Slime","floor":9,"turns":4},{"damage":15,"enemies":"downfall:FleeingMerchant","floor":11,"turns":4},{"damage":19,"enemies":"Blue Slaver","floor":12,"turns":3},{"damage":12,"enemies":"3 Louse","floor":13,"turns":3},{"damage":37,"enemies":"Gremlin Gang","floor":15,"turns":6},{"damage":64,"enemies":"downfall:Defect","floor":16,"turns":6}],"seed_played":"913977360236434664","potions_obtained":[{"floor":2,"key":"Fire Potion"},{"floor":4,"key":"Explosive Potion"},{"floor":9,"key":"EssenceOfSteel"}],"is_trial":false,"path_per_floor":["R","M","M","M","M","?","T","?","M","R","$","M","M","?","M","B"],"character_chosen":"SLIMEBOUND","items_purchased":["Slimebound:MassFeed"],"campfire_rested":0,"item_purchase_floors":[11],"current_hp_per_floor":[66,63,58,66,56,56,56,54,59,59,66,63,62,62,52,0,0],"gold":85,"neow_bonus":"TEN_PERCENT_HP_BONUS","is_daily":false,"chose_seed":false,"campfire_upgraded":2,"win_rate":0.0,"timestamp":1608324801,"path_taken":["R","M","M","M","M","?","T","?","M","R","?","?","M","?","M","BOSS"],"items_purchased_type":["Card"],"build_version":"2020-12-13","purchased_purges":0,"victory":false,"max_hp_per_floor":[66,66,66,66,66,66,66,66,66,66,66,66,69,69,72,72,72],"card_choices":[{"not_picked":["Slimebound:HungryTackle","Slimebound:ForwardTackle"],"picked":"Slimebound:LeechingTouch","floor":2},{"not_picked":["Slimebound:SplitLeeching","Slimebound:SlimeBarrage"],"picked":"Slimebound:SpikyOuterGoop","floor":3},{"not_picked":["Slimebound:RollThrough","Slimebound:ForwardTackle"],"picked":"Slimebound:LevelUp","floor":4},{"not_picked":["Slimebound:LeadByExample","Slimebound:Chomp"],"picked":"Slimebound:SlimeSpikes","floor":5},{"not_picked":["Slimebound:GoopTackle","Slimebound:HauntingLick","Slimebound:Chomp"],"picked":"SKIP","floor":9},{"not_picked":["Slimebound:LeechEnergy","Slimebound:GoopSpray"],"picked":"Slimebound:Repurpose","floor":11},{"not_picked":["Slimebound:RejuvenatingLick","Slimebound:RollThrough","Slimebound:Equalize"],"picked":"SKIP","floor":12},{"not_picked":["Slimebound:LeechEnergy","Slimebound:Schlurp"],"picked":"Slimebound:MegaLick","floor":13},{"not_picked":["Slimebound:GrowthPunch","Slimebound:SplitBruiser"],"picked":"Slimebound:Teamwork","floor":15}],"player_experience":70963,"relics_obtained":[{"floor":7,"key":"Slimebound:MaxSlimesRelic"},{"floor":8,"key":"Odd Mushroom"}],"event_choices":[{"damage_healed":0,"gold_gain":0,"player_choice":"Fought Mushrooms","damage_taken":0,"max_hp_gain":0,"max_hp_loss":0,"event_name":"Mushrooms","floor":8,"gold_loss":0}],"is_beta":false,"boss_relics":[],"items_purged_floors":[],"is_endless":false,"potions_floor_spawned":[2,4,9,12],"killed_by":"downfall:Defect","ascension_level":0}}