{"host":"9nd616dgym2ayubq","time":1608329061,"event":{"mods":["AchievementEnabler","BaseMod","Googly Eyes","Minty Spire (QoL Compilation)","Quick Restart","Random Character Button","Shop Mod","StSLib","The Cursed","The IronCluck","The Servant 0.9.4"],"gold_per_floor":[118,118,293,293,304,335,335,352,352,47,64,64,94,112,112,216,216,231,231,330,342,342,374,374,406,452,464,39,55,74,102,102,200,200,213,213,264,276,498,529,529,88,115,131,131,131,160,179,179,179,179,179,67,94,94],"floor_reached":56,"playtime":4265,"items_purged":["Doubt","Strike_G"],"score":1216,"play_id":"e7785d53-dcb9-4ca1-98fe-db96f05aac05","local_time":"20201218140421","is_ascension_mode":false,"campfire_choices":[{"data":"Neutralize","floor":7.0,"key":"SMITH"},{"data":"Accuracy","floor":12.0,"key":"SMITH"},{"floor":15.0,"key":"REST"},{"floor":24.0,"key":"RECALL"},{"data":"Infinite Blades","floor":27.0,"key":"SMITH"},{"data":"Accuracy","floor":32.0,"key":"SMITH"},{"data":"Mayhem","floor":41.0,"key":"SMITH"},{"floor":49.0,"key":"REST"},{"data":"Defend_G","floor":52.0,"key":"SMITH"}],"circlet_count":0,"master_deck":["Strike_G+1","Strike_G+1","Defend_G","Defend_G","Defend_G","Defend_G+1","Defend_G+1","Survivor","Neutralize+1","Blade Dance+1","Infinite Blades+1","Accuracy+1","Catalyst+1","Blur+1","Blur+1","Storm of Steel+1","Escape Plan+1","Blade Dance+1","J.A.X.+1","Phantasmal Killer+1","Accuracy+1","Perseverance+1","Reinforced Body+1","Mayhem+1","Thunderclap+1","Double Energy+1","Storm of Steel+1","Cloak And Dagger+1","Phantasmal Killer+1","TheCursedMod:OutForBlood"],"relics":["SacredBark","Toxic Egg 2","Eternal Feather","Bronze Scales","Odd Mushroom","Black Star","Blood Vial","Red Mask","PrismaticShard","MerchantsRug","Happy Flower","Lizard Tail","Kunai","HoveringKite","Tingsha","The Courier","Oddly Smooth Stone","TwistedFunnel","Centennial Puzzle","Orichalcum","Akabeko","Snake Skull","Boot"],"acts_visited":["Exordium","TheCity","TheBeyond","TheEnding"],"potions_floor_usage":[55],"damage_taken":[{"damage":10.0,"enemies":"Jaw Worm","floor":1.0,"turns":8.0},{"damage":0.0,"enemies":"Small Slimes","floor":5.0,"turns":5.0},{"damage":45.0,"enemies":"Gremlin Nob","floor":6.0,"turns":5.0},{"damage":2.0,"enemies":"2 Louse","floor":8.0,"turns":5.0},{"damage":2.0,"enemies":"Blue Slaver","floor":11.0,"turns":3.0},{"damage":7.0,"enemies":"The Mushroom Lair","floor":13.0,"turns":4.0},{"damage":1.0,"enemies":"Large Slime","floor":14.0,"turns":6.0},{"damage":8.0,"enemies":"The Guardian","floor":16.0,"turns":12.0},{"damage":6.0,"enemies":"2 Thieves","floor":18.0,"turns":3.0},{"damage":0.0,"enemies":"Chosen","floor":21.0,"turns":4.0},{"damage":18.0,"enemies":"Slavers","floor":23.0,"turns":5.0},{"damage":31.0,"enemies":"Masked Bandits","floor":25.0,"turns":4.0},{"damage":2.0,"enemies":"Snake Plant","floor":29.0,"turns":3.0},{"damage":15.0,"enemies":"Shelled Parasite and Fungi","floor":30.0,"turns":5.0},{"damage":9.0,"enemies":"Gremlin Leader","floor":31.0,"turns":4.0},{"damage":32.0,"enemies":"Collector","floor":33.0,"turns":8.0},{"damage":14.0,"enemies":"3 Darklings","floor":35.0,"turns":5.0},{"damage":22.0,"enemies":"2 Orb Walkers","floor":37.0,"turns":3.0},{"damage":0.0,"enemies":"Orb Walker","floor":38.0,"turns":3.0},{"damage":6.0,"enemies":"Giant Head","floor":40.0,"turns":6.0},{"damage":3.0,"enemies":"Transient","floor":44.0,"turns":5.0},{"damage":8.0,"enemies":"Reptomancer","floor":47.0,"turns":5.0},{"damage":10.0,"enemies":"Sphere and 2 Shapes","floor":48.0,"turns":3.0},{"damage":15.0,"enemies":"Awakened One","floor":50.0,"turns":6.0},{"damage":19.0,"enemies":"Shield and Spear","floor":54.0,"turns":4.0},{"damage":71,"enemies":"The Heart","floor":55,"turns":11}],"seed_played":"-7203943229342286617","potions_obtained":[{"floor":5.0,"key":"DistilledChaos"},{"floor":11.0,"key":"LiquidMemories"},{"floor":13.0,"key":"CunningPotion"},{"floor":25.0,"key":"BlessingOfTheForge"},{"floor":29.0,"key":"Strength Potion"},{"floor":33.0,"key":"Poison Potion"},{"floor":35.0,"key":"FearPotion"},{"floor":37.0,"key":"Explosive Potion"},{"floor":44.0,"key":"Dexterity Potion"},{"floor":48.0,"key":"Poison Potion"}],"is_trial":false,"path_per_floor":["M","?","?","?","M","E","R","M","T","$","M","R","?","M","R","B",null,"M","?","?","M","?","E","R","?","T","R","$","M","M","E","R","B",null,"M","?","?","M","?","E","R","$","T","M","T","?","E","M","R","B",null,"R","$","E","B",null],"character_chosen":"THE_SILENT","items_purchased":["Bronze Scales","Accuracy","Accuracy","PrismaticShard","MerchantsRug","Happy Flower","TwistedFunnel","Centennial Puzzle","Orichalcum","Storm of Steel+1","Cloak And Dagger+1","Phantasmal Killer+1"],"campfire_rested":2,"item_purchase_floors":[10,10,28,28,28,28,42,42,42,53,53,53],"current_hp_per_floor":[60,60,60,57,57,12,18,16,16,16,14,23,16,15,45,37,70,64,64,64,64,64,46,58,29,29,41,41,41,28,21,36,6,70,56,56,36,38,38,34,49,49,56,55,55,55,49,41,77,62,77,77,77,58,27],"gold":94,"neow_bonus":"BOSS_RELIC","is_daily":false,"chose_seed":false,"campfire_upgraded":6,"win_rate":0.0,"timestamp":1608329061,"path_taken":["M","?","?","?","M","E","R","M","T","$","M","R","?","M","R","BOSS","M","?","?","M","?","E","R","?","T","R","$","M","M","E","R","BOSS","M","?","?","M","?","E","R","$","T","M","?","?","E","M","R","BOSS","R","$","E","BOSS"],"items_purchased_type":["Relic","Card","Card","Relic","Relic","Relic","Relic","Relic","Relic","Card","Card","Card"],"build_version":"2020-12-13","purchased_purges":2,"victory":true,"max_hp_per_floor":[70,70,70,70,70,70,70,70,70,70,70,70,70,70,70,70,70,70,70,70,70,70,70,70,70,70,70,70,70,70,70,70,70,70,70,70,70,70,70,70,70,70,77,77,77,77,77,77,77,77,77,77,77,77,77],"card_choices":[{"not_picked":["Acrobatics","Dodge and Roll","Deadly Poison"],"picked":"SKIP","floor":1.0},{"not_picked":["Bane","Infinite Blades"],"picked":"Blade Dance+1","floor":5.0},{"not_picked":["Tactician+1","Reflex+1"],"picked":"Infinite Blades","floor":6.0},{"not_picked":["PiercingWail+1","Endless Agony","Sucker Punch"],"picked":"SKIP","floor":8.0},{"not_picked":["Choke","Flying Knee"],"picked":"Catalyst+1","floor":11.0},{"not_picked":["Outmaneuver+1","Dagger Spray"],"picked":"Blur+1","floor":13.0},{"not_picked":["Bane","Night Terror+1"],"picked":"Blur+1","floor":14.0},{"not_picked":["Unload","After Image"],"picked":"Storm of Steel+1","floor":16.0},{"not_picked":["Well Laid Plans","Dagger Spray"],"picked":"Escape Plan+1","floor":18.0},{"not_picked":["Bouncing Flask+1","Poisoned Stab"],"picked":"Blade Dance+1","floor":21.0},{"not_picked":["Poisoned Stab","Adrenaline+1"],"picked":"Phantasmal Killer+1","floor":23.0},{"not_picked":["Worship+1","Hologram+1","True Grit+1"],"picked":"SKIP","floor":29.0},{"not_picked":["Deadly Poison+1","Night Terror+1"],"picked":"Perseverance+1","floor":30.0},{"not_picked":["Halt+1","Backstab"],"picked":"Reinforced Body+1","floor":31.0},{"not_picked":["Devotion","PendulumOfEternity"],"picked":"Mayhem","floor":33.0},{"not_picked":["Wallop+1","FlyingSleeves","Poisoned Stab"],"picked":"SKIP","floor":35.0},{"not_picked":["TheCursedMod:FleshFromBone+1","Sweeping Beam+1","CutThroughFate"],"picked":"SKIP","floor":38.0},{"not_picked":["TheCursedMod:SurpriseAttack+1","FollowUp+1","Backflip+1"],"picked":"SKIP","floor":40.0},{"not_picked":["Indignation+1","TheCursedMod:CursedBoomerang+1"],"picked":"Thunderclap+1","floor":44.0},{"not_picked":["Eviscerate","Revamp+1","Compile Driver+1"],"picked":"SKIP","floor":47.0},{"not_picked":["TheCursedMod:EmpowerCircles","TheCursedMod:CursedArmor+1"],"picked":"Double Energy+1","floor":48.0},{"not_picked":["Biased Cognition","StarChef"],"picked":"TheCursedMod:OutForBlood","floor":54.0}],"player_experience":1363110,"relics_obtained":[{"floor":6.0,"key":"Eternal Feather"},{"floor":13.0,"key":"Odd Mushroom"},{"floor":23.0,"key":"Blood Vial"},{"floor":23.0,"key":"Whetstone"},{"floor":25.0,"key":"Red Mask"},{"floor":26.0,"key":"MawBank"},{"floor":31.0,"key":"Lizard Tail"},{"floor":31.0,"key":"Kunai"},{"floor":37.0,"key":"Tingsha"},{"floor":40.0,"key":"The Courier"},{"floor":40.0,"key":"Oddly Smooth Stone"},{"floor":43.0,"key":"Strawberry"},{"floor":45.0,"key":"Dead Branch"},{"floor":47.0,"key":"MealTicket"},{"floor":47.0,"key":"Akabeko"},{"floor":54.0,"key":"Snake Skull"},{"floor":54.0,"key":"Boot"}],"event_choices":[{"cards_removed":["Strike_G"],"damage_healed":0.0,"max_hp_gain":0.0,"max_hp_loss":0.0,"gold_gain":0.0,"event_name":"Living Wall","player_choice":"Forget","floor":2.0,"gold_loss":0.0,"damage_taken":0.0},{"damage_healed":0.0,"max_hp_gain":0.0,"max_hp_loss":0.0,"gold_gain":175.0,"event_name":"Liars Game","player_choice":"AGREE","floor":3.0,"gold_loss":0.0,"damage_taken":0.0,"cards_obtained":["Doubt"]},{"damage_healed":0.0,"max_hp_gain":0.0,"max_hp_loss":0.0,"gold_gain":0.0,"event_name":"Scrap Ooze","player_choice":"Success","floor":4.0,"gold_loss":0.0,"damage_taken":3.0,"relics_obtained":["Toxic Egg 2"]},{"damage_healed":0.0,"max_hp_gain":0.0,"max_hp_loss":0.0,"gold_gain":0.0,"event_name":"Mushrooms","player_choice":"Fought Mushrooms","floor":13.0,"gold_loss":0.0,"damage_taken":0.0},{"damage_healed":0.0,"max_hp_gain":0.0,"max_hp_loss":0.0,"gold_gain":0.0,"event_name":"Vampires","player_choice":"Ignored","floor":19.0,"gold_loss":0.0,"damage_taken":0.0},{"damage_healed":0.0,"max_hp_gain":0.0,"max_hp_loss":0.0,"gold_gain":99.0,"event_name":"Nest","player_choice":"Stole From Cult","floor":20.0,"gold_loss":0.0,"damage_taken":0.0},{"damage_healed":0.0,"max_hp_gain":0.0,"max_hp_loss":0.0,"gold_gain":0.0,"event_name":"Drug Dealer","player_choice":"Obtain J.A.X.","floor":22.0,"gold_loss":0.0,"damage_taken":0.0,"cards_obtained":["J.A.X."]},{"damage_healed":0.0,"max_hp_gain":0.0,"max_hp_loss":0.0,"gold_gain":0.0,"event_name":"Masked Bandits","player_choice":"Fought Bandits","floor":25.0,"gold_loss":0.0,"damage_taken":0.0},{"cards_removed":["Strike_G"],"damage_healed":0.0,"max_hp_gain":0.0,"max_hp_loss":0.0,"gold_gain":0.0,"event_name":"Falling","player_choice":"Removed Attack","floor":36.0,"gold_loss":0.0,"damage_taken":0.0},{"damage_healed":0.0,"max_hp_gain":0.0,"max_hp_loss":0.0,"gold_gain":0.0,"event_name":"Mysterious Sphere","player_choice":"Fight","floor":37.0,"gold_loss":0.0,"damage_taken":0.0},{"damage_healed":0.0,"max_hp_gain":0.0,"max_hp_loss":0.0,"gold_gain":222.0,"event_name":"Tomb of Lord Red Mask","player_choice":"Wore Mask","floor":39.0,"gold_loss":0.0,"damage_taken":0.0},{"damage_healed":0.0,"max_hp_gain":0.0,"max_hp_loss":0.0,"gold_gain":0.0,"event_name":"Accursed Blacksmith","player_choice":"Forge","floor":46.0,"gold_loss":0.0,"damage_taken":0.0,"cards_upgraded":["Defend_G"]}],"is_beta":false,"boss_relics":[{"not_picked":["Busted Crown","Velvet Choker"],"picked":"Black Star"},{"not_picked":["Cursed Key","Sozu"],"picked":"HoveringKite"}],"items_purged_floors":[10,42],"is_endless":false,"potions_floor_spawned":[5,11,13,25,29,33,35,37,44,48],"ascension_level":0}}