{"host":"Teixeira","time":1608327601,"event":{"mods":["2.2 Compatiblity","Aspiration","BaseMod","Better Match","Better Note","Better Sensory Stone","Better Skull","Better Third Choice","Colored Map","Colored Powertips","Hermit","Infinite Spire","Minty Spire (QoL Compilation)","Permanent Neow","Quick Restart","Rare Cards Sparkle","Relic Filter","Replay The Spire","Spicy Shops","StSLib","SuperFastMode"],"gold_per_floor":[117,19,31,46,46,46,75,75,99,126,126,176,200,247,247,367,367,394,419,419,2,2,2,48,48,94,125,125,125,486,519,519,696,696,787,874,345,345,406,488,488,579,661,761,851,965,965,1085,1085,1103],"floor_reached":51,"playtime":3327,"items_purged":["Shame"],"score":1199,"play_id":"0c09279e-8852-42ed-8b48-13728fa7663e","local_time":"20201218184001","is_ascension_mode":true,"campfire_choices":[{"data":"Defragment","floor":6.0,"key":"SMITH"},{"floor":15.0,"key":"REST"},{"data":"infinitespire:Gouge","floor":15.0,"key":"SMITH"},{"data":"Zap","floor":23.0,"key":"SMITH"},{"data":"Conserve Battery","floor":28.0,"key":"SMITH"},{"data":"Blizzard","floor":32.0,"key":"SMITH"},{"data":"Blizzard","floor":41,"key":"SMITH"},{"data":"Glacier","floor":47,"key":"SMITH"},{"data":"Dualcast","floor":49,"key":"SMITH"}],"circlet_count":0,"master_deck":["Strike_B","Strike_B","Strike_B+1","Strike_B+1","Defend_B","Defend_B","Defend_B","Defend_B","Zap+1","Dualcast+1","Defragment+1","Blizzard+1","Chill+1","Bandage Up","infinitespire:Gouge+1","Glacier+1","Conserve Battery+1","Echo Form+1","Defragment+1","Parasite","Blizzard+1","Capacitor+1"],"relics":["Cracked Core","Bronze Scales","Black Star","Replay:Frozen Program","Mercury Hourglass","Divine Protection","Blood Vial","Replay:Bandana","HornCleat","Pen Nib","Replay:Wax Seal","infinitespire:Magic Flask","Sozu","Geode","infinitespire:FocusingShard","Golden Idol","Happy Flower","Ancient Tea Set","Meat on the Bone","Boot","Vajra","MealTicket","Old Coin","infinitespire:EvilPickle","aspiration:Stellarator","aspiration:EnhancedActuators","Replay:Baseball","Guide Book","aspiration:FaultyCoupler","infinitespire:Satchel","infinitespire:PuzzleCube","Simple Rune","aspiration:StickyExplosives_weak","Replay:Rubber Ducky","ReplayTheSpireMod:Shallot","ReplayFunnel","ReplayTheSpireMod:Ninjato","Onion Ring","infinitespire:SolderingIron"],"acts_visited":["Exordium","TheCity","TheBeyond"],"potions_floor_usage":[],"damage_taken":[{"damage":7.0,"enemies":"Small Slimes","floor":1.0,"turns":3.0},{"damage":2.0,"enemies":"Jaw Worm","floor":3.0,"turns":2.0},{"damage":6.0,"enemies":"Cultist","floor":4.0,"turns":3.0},{"damage":30.0,"enemies":"Gremlin Nob","floor":7.0,"turns":4.0},{"damage":0.0,"enemies":"Blue Slaver","floor":10.0,"turns":3.0},{"damage":2.0,"enemies":"Lagavulin","floor":12.0,"turns":5.0},{"damage":0.0,"enemies":"2 Fungi Beasts","floor":13.0,"turns":2.0},{"damage":0.0,"enemies":"Replay:BlueRogue","floor":14.0,"turns":4.0},{"damage":13.0,"enemies":"The Guardian","floor":16.0,"turns":8.0},{"damage":0.0,"enemies":"Spheric Guardian","floor":18.0,"turns":3.0},{"damage":0.0,"enemies":"3 Byrds","floor":19.0,"turns":2.0},{"damage":2.0,"enemies":"Slavers","floor":24.0,"turns":4.0},{"damage":0.0,"enemies":"Snake Plant","floor":27.0,"turns":3.0},{"damage":0.0,"enemies":"Gremlin Leader","floor":30.0,"turns":6.0},{"damage":0.0,"enemies":"Centurion and Healer","floor":31.0,"turns":5.0},{"damage":1.0,"enemies":"Pondfish","floor":33.0,"turns":10.0},{"damage":6.0,"enemies":"3 Darklings","floor":35.0,"turns":5.0},{"damage":8.0,"enemies":"3 Shapes","floor":36.0,"turns":4.0},{"damage":23,"enemies":"Writhing Mass","floor":39,"turns":5},{"damage":0,"enemies":"Reptomancer","floor":40,"turns":6},{"damage":0,"enemies":"R_Hoarder","floor":42,"turns":5},{"damage":0,"enemies":"Reptomancer","floor":44,"turns":5},{"damage":0,"enemies":"4 Shapes","floor":45,"turns":3},{"damage":0,"enemies":"Nemesis","floor":46,"turns":7},{"damage":0,"enemies":"Reptomancer","floor":48,"turns":5},{"damage":0,"enemies":"Replay:Hell Engine","floor":50,"turns":11}],"seed_played":"405221749821996432","potions_obtained":[{"floor":1.0,"key":"Explosive Potion"},{"floor":10.0,"key":"Fire Potion"},{"floor":12.0,"key":"GamblersBrew"},{"floor":14.0,"key":"Swift Potion"}],"is_trial":false,"path_per_floor":["M","$","M","M","?","R","E","?","T","M","?","E","M","E","R","B",null,"M","M","?","$","?","R","E","?","T","M","R","?","E","M","R","B",null,"M","M","$","?","M","E","R","E","T","E","M","E","R","E","R","B",null],"character_chosen":"DEFECT","items_purchased":["Replay:Frozen Program","Defragment","Geode","Glacier","infinitespire:FocusingShard","aspiration:EnhancedActuators","Replay:Baseball","Guide Book"],"campfire_rested":1,"item_purchase_floors":[2,2,21,21,21,37,37,37],"current_hp_per_floor":[68,68,66,60,60,60,30,30,30,36,18,22,28,34,56,49,75,75,75,75,75,61,61,65,65,65,67,67,67,73,79,79,79,80,74,68,80,80,61,67,67,73,73,80,80,80,80,80,80,80],"gold":1103,"neow_bonus":"RANDOM_COMMON_RELIC","is_daily":false,"chose_seed":false,"campfire_upgraded":8,"win_rate":0.0,"timestamp":1608327601,"path_taken":["M","$","M","M","?","R","E","?","T","M","?","E","M","E","R","BOSS","M","M","?","$","?","R","E","?","T","M","R","?","E","M","R","BOSS","M","?","$","?","M","E","R","E","T","E","?","E","R","E","R","BOSS"],"items_purchased_type":["Relic","Card","Relic","Card","Relic","Relic","Relic","Relic"],"build_version":"2020-11-17","purchased_purges":1,"victory":true,"max_hp_per_floor":[75,75,75,75,75,75,75,75,75,75,75,75,75,75,75,75,75,75,75,75,75,80,80,80,80,80,80,80,80,80,80,80,80,80,80,80,80,80,80,80,80,80,80,80,80,80,80,80,80,80],"card_choices":[{"not_picked":["Streamline","Coolheaded","Stack"],"picked":"SKIP","floor":1.0},{"not_picked":["Fusion","Go for the Eyes","Force Field"],"picked":"SKIP","floor":3.0},{"not_picked":["Double Energy","Steam Power"],"picked":"Blizzard","floor":4.0},{"not_picked":["Undo","Rebound"],"picked":"Chill","floor":7.0},{"not_picked":["Good Instincts","ReplayTheSpireMod:Uncanny Aura"],"picked":"Bandage Up","floor":8.0},{"not_picked":["Hologram","Steam","Turbo"],"picked":"SKIP","floor":10.0},{"not_picked":["ReplayTheSpireMod:Echoes of Time","infinitespire:Punishment"],"picked":"infinitespire:Gouge","floor":11.0},{"not_picked":["Hello World","ReplayTheSpireMod:Repulse","Sweeping Beam"],"picked":"SKIP","floor":12.0},{"not_picked":["Streamline","Auto Shields","Sweeping Beam"],"picked":"SKIP","floor":13.0},{"not_picked":["Streamline","Auto Shields","Sweeping Beam"],"picked":"SKIP","floor":13.0},{"not_picked":["Steam","All For One","BasicCrystalCard"],"picked":"SKIP","floor":14.0},{"not_picked":["Streamline","ReplaySolidLightProjector","ReplayTheSpireMod:System Scan"],"picked":"SKIP","floor":18.0},{"not_picked":["Melter+1","Hologram","Static Discharge"],"picked":"SKIP","floor":19.0},{"not_picked":["Melter+1","Hologram","Static Discharge"],"picked":"SKIP","floor":19.0},{"not_picked":["Streamline","Doom and Gloom","Redo"],"picked":"SKIP","floor":24.0},{"not_picked":["Stack","Aggregate"],"picked":"Conserve Battery","floor":27.0},{"not_picked":["Static Discharge+1","Stack+1"],"picked":"Echo Form","floor":30.0},{"not_picked":["Auto Shields","ReplayGash+1","Doom and Gloom"],"picked":"SKIP","floor":31.0},{"not_picked":["Sunder","Barrage+1"],"picked":"Defragment","floor":35.0},{"not_picked":["Stack+1","Compile Driver","Aggregate"],"picked":"SKIP","floor":36.0},{"not_picked":["Steam","Gash"],"picked":"Blizzard","floor":39},{"not_picked":["Turbo+1","Stack","Leap+1"],"picked":"SKIP","floor":40},{"not_picked":["Sweeping Beam","Auto Shields","Rebound"],"picked":"SKIP","floor":42},{"not_picked":["Rip and Tear+1","Conserve Battery"],"picked":"Capacitor+1","floor":44},{"not_picked":["Go for the Eyes+1","Meteor Strike","Storm"],"picked":"SKIP","floor":45},{"not_picked":["BasicCrystalCard","Darkness","Beam Cell"],"picked":"SKIP","floor":46},{"not_picked":["Lockon","Beam Cell","Barrage"],"picked":"SKIP","floor":48}],"player_experience":21297,"relics_obtained":[{"floor":5.0,"key":"Mercury Hourglass"},{"floor":7.0,"key":"Divine Protection"},{"floor":7.0,"key":"Blood Vial"},{"floor":9.0,"key":"Replay:Bandana"},{"floor":12.0,"key":"HornCleat"},{"floor":12.0,"key":"Pen Nib"},{"floor":14.0,"key":"Replay:Wax Seal"},{"floor":14.0,"key":"infinitespire:Magic Flask"},{"floor":24.0,"key":"Happy Flower"},{"floor":24.0,"key":"Ancient Tea Set"},{"floor":26.0,"key":"Boot"},{"floor":30.0,"key":"MealTicket"},{"floor":30.0,"key":"Old Coin"},{"floor":40,"key":"aspiration:FaultyCoupler"},{"floor":40,"key":"infinitespire:Satchel"},{"floor":42,"key":"infinitespire:PuzzleCube"},{"floor":42,"key":"Simple Rune"},{"floor":43,"key":"aspiration:StickyExplosives_weak"},{"floor":44,"key":"Replay:Rubber Ducky"},{"floor":44,"key":"ReplayTheSpireMod:Shallot"},{"floor":46,"key":"ReplayFunnel"},{"floor":46,"key":"ReplayTheSpireMod:Ninjato"},{"floor":48,"key":"Onion Ring"},{"floor":48,"key":"infinitespire:SolderingIron"}],"event_choices":[{"damage_healed":0.0,"max_hp_gain":0.0,"max_hp_loss":0.0,"gold_gain":1.0,"event_name":"betterStone:BetterStone","player_choice":"1","floor":8.0,"gold_loss":0.0,"damage_taken":0.0},{"cards_removed":["infinitespire:Gouge"],"damage_healed":0.0,"max_hp_gain":0.0,"max_hp_loss":0.0,"gold_gain":0.0,"event_name":"betterNote:BetterNote","player_choice":"Give","floor":20.0,"gold_loss":0.0,"damage_taken":0.0,"cards_obtained":["None"]},{"damage_healed":0.0,"max_hp_gain":5.0,"max_hp_loss":0.0,"gold_gain":0.0,"event_name":"Forgotten Altar","player_choice":"Shed Blood","floor":22.0,"gold_loss":0.0,"damage_taken":19.0},{"damage_healed":0.0,"max_hp_gain":0.0,"max_hp_loss":0.0,"gold_gain":0.0,"event_name":"Addict","player_choice":"Stole Relic","floor":25.0,"gold_loss":0.0,"damage_taken":0.0,"relics_obtained":["Meat on the Bone"],"cards_obtained":["Shame"]},{"damage_healed":0,"gold_gain":0,"player_choice":"Forge","damage_taken":0,"max_hp_gain":0,"max_hp_loss":0,"event_name":"Accursed Blacksmith","floor":38,"gold_loss":0,"cards_upgraded":["Defragment"]}],"is_beta":true,"boss_relics":[{"not_picked":["Replay:Drink Me","Honey Jar"],"picked":"Sozu"},{"not_picked":["Runic Dome","Calling Bell"],"picked":"aspiration:Stellarator"}],"items_purged_floors":[37],"is_endless":false,"potions_floor_spawned":[1,10,12,14,24,31,33,35,42,46],"ascension_level":2}}