{"host":"rd7y11747h4ctw9a","time":1608329968,"event":{"mods":["AchievementEnabler","BaseMod","Colored Map","Colored Powertips","Downfall","Minty Spire (QoL Compilation)","Rare Cards Sparkle","StSLib","The Blue Laboratory"],"gold_per_floor":[111,57,75,85,100,100,132,23,102,120,139,157,85,99,99,99,99],"floor_reached":16,"playtime":1059,"items_purged":[],"score":106,"play_id":"b3dd67e6-4dc6-434f-a028-8c4711294991","local_time":"20201218161928","is_ascension_mode":false,"campfire_choices":[{"data":"Chaos","floor":6,"key":"SMITH"},{"floor":15,"key":"REST"}],"circlet_count":0,"master_deck":["Strike_B","Strike_B","Strike_B","Strike_B","Defend_B","Defend_B","Defend_B","Defend_B","Zap","Dualcast","FTL","Fusion","Ball Lightning","Chaos+1","Thunder Strike","Lockon","Barrage","Leap+1","Self Repair","Rainbow+1","Reinforced Body+1"],"relics":["Cracked Core","NeowsBlessing","StoneCalendar","MawBank","Toxic Egg 2"],"acts_visited":["Exordium"],"potions_floor_usage":[16],"damage_taken":[{"damage":0,"enemies":"Jaw Worm","floor":1,"turns":1},{"damage":0,"enemies":"Cultist","floor":3,"turns":1},{"damage":0,"enemies":"Small Slimes","floor":4,"turns":1},{"damage":15,"enemies":"3 Louse","floor":5,"turns":3},{"damage":29,"enemies":"3 Sentries","floor":7,"turns":7},{"damage":9,"enemies":"Blue Slaver","floor":10,"turns":3},{"damage":5,"enemies":"Looter","floor":11,"turns":3},{"damage":4,"enemies":"3 Louse","floor":12,"turns":3},{"damage":8,"enemies":"Red Slaver","floor":14,"turns":2},{"damage":36,"enemies":"The Guardian","floor":16,"turns":5}],"seed_played":"-434765978339124011","potions_obtained":[{"floor":1,"key":"Swift Potion"},{"floor":3,"key":"EssenceOfSteel"},{"floor":10,"key":"SpeedPotion"},{"floor":12,"key":"blueLaboratory:RelayPotion"}],"is_trial":false,"path_per_floor":["M","?","M","M","M","R","E","$","T","M","M","M","$","M","R","B"],"character_chosen":"DEFECT","items_purchased":["Lockon","Barrage","Rainbow+1"],"campfire_rested":1,"item_purchase_floors":[8,8,13],"current_hp_per_floor":[75,75,75,75,60,60,31,31,31,22,17,13,13,12,34,0,0],"gold":99,"neow_bonus":"THREE_ENEMY_KILL","is_daily":false,"chose_seed":false,"campfire_upgraded":1,"win_rate":0.0,"timestamp":1608329968,"path_taken":["M","?","M","M","M","R","E","?","T","M","M","M","$","M","R","BOSS"],"items_purchased_type":["Card","Card","Card"],"build_version":"2020-12-13","purchased_purges":0,"victory":false,"max_hp_per_floor":[75,75,75,75,75,75,75,75,75,75,75,75,75,75,75,75,75],"card_choices":[{"not_picked":["Conserve Battery","Rebound"],"picked":"FTL","floor":1},{"not_picked":["Compile Driver","Tempest"],"picked":"Fusion","floor":3},{"not_picked":["Force Field","Sweeping Beam"],"picked":"Ball Lightning","floor":4},{"not_picked":["Skim","Barrage"],"picked":"Chaos","floor":5},{"not_picked":["Turbo","Skim"],"picked":"Thunder Strike","floor":7},{"not_picked":["Compile Driver","Sweeping Beam"],"picked":"Leap+1","floor":10},{"not_picked":["Ball Lightning","Conserve Battery+1"],"picked":"Self Repair","floor":11},{"not_picked":["Turbo+1","Redo+1","Self Repair"],"picked":"SKIP","floor":12},{"not_picked":["Beam Cell","All For One"],"picked":"Reinforced Body+1","floor":14}],"player_experience":218293,"relics_obtained":[{"floor":7,"key":"MawBank"},{"floor":9,"key":"Toxic Egg 2"}],"event_choices":[{"damage_healed":0,"gold_gain":0,"player_choice":"Paid Gold","damage_taken":0,"relics_obtained":["StoneCalendar"],"max_hp_gain":0,"max_hp_loss":0,"event_name":"WeMeetAgain","floor":2,"gold_loss":54}],"is_beta":false,"boss_relics":[],"items_purged_floors":[],"is_endless":false,"potions_floor_spawned":[1,3,10,12],"killed_by":"The Guardian","ascension_level":0}}