{"host":"r3d3rfw8zyydmocx","time":1608269113,"event":{"mods":["Aspiration","BaseMod","Colored Powertips","Conspire","Downfall","Hermit","Highlight Path","Hubris","Minty Spire (QoL Compilation)","Replay The Spire","StSLib","The Hierophant","The Servant 0.9.4"],"gold_per_floor":[99,99,99,134,205,205,205,240,165,200,258,269,280,317,330,425,425,514,514,514,548,563,573,598,629,554,580,580,596,209,209,222,326,326,326,345,357,429,443,99,125,225,225,259,272,286,300,300,300],"floor_reached":48,"playtime":3177,"items_purged":["Writhe"],"score":686,"play_id":"5e5aa5ff-7667-41e7-be60-9f82f241c6f8","local_time":"20201217212513","is_ascension_mode":false,"campfire_choices":[{"data":"Guardian:TwinSlam","floor":1,"key":"SMITH"},{"floor":3,"key":"RECALL"},{"data":"Guardian:Preprogram","floor":9,"key":"SMITH"},{"data":"Guardian:Planning","floor":20,"key":"SMITH"},{"data":"Guardian:StasisField","floor":26,"key":"SMITH"},{"data":"Guardian:TimeSifter","floor":35,"key":"SMITH"},{"data":"Guardian:TimeCapacitor","floor":43,"key":"SMITH"}],"circlet_count":0,"master_deck":["Guardian:Strike_Guardian","Guardian:Strike_Guardian","Guardian:Strike_Guardian","Guardian:Strike_Guardian","Guardian:Defend_Guardian","Guardian:Defend_Guardian","Guardian:Defend_Guardian","Guardian:Defend_Guardian","Guardian:CurlUp+1","Guardian:TwinSlam+1","Guardian:Preprogram+1","Guardian:ChargeCore+1","Guardian:Incinerate+1","Guardian:Planning+1","Guardian:DecasProtection","Guardian:TimeSifter+1","Guardian:TemporalStrike+1","Guardian:DonusPower+1","Guardian:BaubleBeam+1","Guardian:StasisField+1","Guardian:TemporalStrike+1","Guardian:Planning+1","Guardian:TimeSifter","Guardian:TimeCapacitor","Guardian:Suspension+1","Guardian:ChargeCore+1","Guardian:ChargeCore+1","Guardian:TimeCapacitor+1","Guardian:DecasProtection+1","Guardian:Gem_White","Guardian:Incinerate+1"],"relics":["Guardian:ModeShifter","downfall:HeartsMalice","Quantum Egg","Molten Egg 2","Snack Pack","conspire:Flyswatter","downfall:HeartBlessingRed","Replay:Mystery Machine","Counterbalance","Darkstone Periapt","hubris:TerracottaHorce","conspire:GiftBox","Mirror","Tiny Chest","downfall:HeartBlessingBlue","Lizard Tail","War Paint","Coffee Dripper","hubris:Reverence","Kunai","Toy Ornithopter","Letter Opener"],"acts_visited":["Exordium","TheCity","TheBeyond"],"potions_floor_usage":[10,10,14,16,21,23,23,25,33,33],"damage_taken":[{"damage":0,"enemies":"3 Sentries","floor":4,"turns":1},{"damage":0,"enemies":"Jaw Worm","floor":6,"turns":1},{"damage":0,"enemies":"Replay:BlueRogue","floor":8,"turns":1},{"damage":5,"enemies":"3 Sentries","floor":10,"turns":6},{"damage":14,"enemies":"Lagavulin Event","floor":11,"turns":5},{"damage":0,"enemies":"2 Louse","floor":12,"turns":2},{"damage":6,"enemies":"Small Slimes","floor":13,"turns":3},{"damage":19,"enemies":"conspire:MimicChest","floor":14,"turns":7},{"damage":6,"enemies":"Blue Slaver","floor":15,"turns":2},{"damage":13,"enemies":"downfall:Defect","floor":16,"turns":4},{"damage":13,"enemies":"Replay:Snechameleon","floor":21,"turns":5},{"damage":29,"enemies":"Shell Parasite","floor":22,"turns":6},{"damage":0,"enemies":"3 Byrds","floor":23,"turns":2},{"damage":27,"enemies":"conspire:SneckoGhost","floor":25,"turns":6},{"damage":15,"enemies":"Replay:Snechameleon","floor":27,"turns":6},{"damage":26,"enemies":"Shelled Parasite and Fungi","floor":29,"turns":4},{"damage":3,"enemies":"downfall:FleeingMerchant","floor":30,"turns":4},{"damage":2,"enemies":"Snecko","floor":32,"turns":4},{"damage":0,"enemies":"downfall:Silent","floor":33,"turns":6},{"damage":0,"enemies":"3 Shapes","floor":36,"turns":5},{"damage":13,"enemies":"3 Darklings","floor":37,"turns":5},{"damage":35,"enemies":"4 Shapes","floor":39,"turns":8},{"damage":3,"enemies":"downfall:FleeingMerchant","floor":40,"turns":4},{"damage":25,"enemies":"Nemesis","floor":44,"turns":13},{"damage":63,"enemies":"Transient","floor":45,"turns":5},{"damage":33,"enemies":"Writhing Mass","floor":46,"turns":5},{"damage":18,"enemies":"3 Darklings","floor":47,"turns":3},{"damage":13,"enemies":"Jaw Worm Horde","floor":48,"turns":1}],"seed_played":"-4023254788752261133","potions_obtained":[{"floor":4,"key":"EntropicBrew"},{"floor":10,"key":"champ:CounterPotion"},{"floor":14,"key":"Slimebound:ThreeZeroPotion"},{"floor":16,"key":"Explosive Potion"},{"floor":22,"key":"champ:CounterPotion"},{"floor":23,"key":"EssenceOfSteel"},{"floor":27,"key":"SkillPotion"},{"floor":29,"key":"SpeedPotion"},{"floor":31,"key":"CultistPotion"},{"floor":44,"key":"Doom Potion"},{"floor":46,"key":"Doom Potion"}],"is_trial":false,"path_per_floor":["R","?","R","E","T","M","T","E","R","E","?","M","M","?","M","B",null,"R","?","R","E","M","M","T","E","R","E","?","M","$","?","M","B",null,"R","M","M","T","M","$","T","?","R","E","M","M","M","M"],"character_chosen":"GUARDIAN","items_purchased":["Guardian:Gem_Orange","War Paint","Kunai","Guardian:TimeCapacitor"],"campfire_rested":0,"item_purchase_floors":[30,30,40,40],"current_hp_per_floor":[80,80,80,80,80,80,80,80,80,77,67,67,63,46,42,35,69,69,75,75,66,39,39,39,18,28,19,51,27,30,30,32,36,81,81,85,76,76,45,46,46,46,46,45,50,23,7,0,0],"gold":300,"neow_bonus":"THREE_ENEMY_KILL","is_daily":false,"chose_seed":false,"campfire_upgraded":6,"win_rate":0.0,"timestamp":1608269113,"path_taken":["R","?","R","E","?","M","T","E","R","E","?","?","M","?","M","BOSS","R","?","R","E","M","M","T","E","R","E","?","M","?","?","M","BOSS","R","M","M","?","M","$","T","?","R","E","M","M","M","?"],"items_purchased_type":["Card","Relic","Relic","Card"],"build_version":"2020-12-13","purchased_purges":1,"victory":false,"max_hp_per_floor":[80,80,80,80,80,80,80,80,80,80,80,80,80,80,80,80,80,80,86,86,86,86,86,86,86,96,96,96,96,96,96,96,96,96,96,96,96,96,96,96,96,96,96,96,96,96,96,96,96],"card_choices":[{"not_picked":["Guardian:ArmoredProtocol","Guardian:ChargeUp"],"picked":"Guardian:Preprogram","floor":4},{"not_picked":["Guardian:Incinerate+1","Guardian:Suspension"],"picked":"Guardian:ChargeCore+1","floor":6},{"not_picked":["Guardian:FloatingOrbs","Guardian:MultiBeam+1"],"picked":"Guardian:Incinerate+1","floor":8},{"not_picked":["Guardian:PrismaticBeam+1","Guardian:Gem_Red"],"picked":"Guardian:Planning","floor":10},{"not_picked":["Guardian:Harden","Guardian:CrystalBeam+1"],"picked":"Guardian:DecasProtection","floor":11},{"not_picked":["Guardian:TemporalShield","Guardian:SpikerProtocol"],"picked":"Guardian:Gem_Cyan","floor":12},{"not_picked":["Guardian:Gem_Cyan","Guardian:Planning"],"picked":"Guardian:TimeSifter","floor":13},{"not_picked":["Guardian:Gem_Blue","Guardian:SpikerProtocol"],"picked":"Guardian:TemporalStrike+1","floor":14},{"not_picked":["Guardian:FloatingOrbs","Guardian:Gem_Crimson"],"picked":"Guardian:DonusPower","floor":15},{"not_picked":["Guardian:RevengeProtocol","Guardian:StasisStrike+1"],"picked":"Guardian:Gem_Orange","floor":16},{"not_picked":["Guardian:Gem_Synthetic","Guardian:ConstructionForm"],"picked":"Guardian:BaubleBeam+1","floor":19},{"not_picked":["Guardian:BronzeOrb+1","Guardian:Gem_Cyan"],"picked":"Guardian:StasisField","floor":21},{"not_picked":["Guardian:Preprogram","Guardian:Gem_Green"],"picked":"Guardian:TemporalStrike+1","floor":22},{"not_picked":["Guardian:Gem_Green","Guardian:Incinerate+1"],"picked":"Guardian:Gem_Cyan","floor":23},{"not_picked":["Guardian:SpikerProtocol","Guardian:Suspension+1"],"picked":"Guardian:Gem_White","floor":25},{"not_picked":["Guardian:Reroute+1","Guardian:Recover"],"picked":"Guardian:Planning+1","floor":27},{"not_picked":["Guardian:ShieldSpikes","Guardian:Gem_Lightblue","Guardian:Reroute+1"],"picked":"SKIP","floor":29},{"not_picked":["Guardian:GuardianWhirl+1","Guardian:CrystalBeam+1"],"picked":"Guardian:Gem_Cyan","floor":30},{"not_picked":["Guardian:ChargeUp","Guardian:WalkerClaw+1"],"picked":"Guardian:TimeSifter","floor":32},{"not_picked":["Guardian:WalkerClaw+1","Guardian:PolyBeam+1"],"picked":"Guardian:TimeCapacitor","floor":36},{"not_picked":["Guardian:MultiBeam+1","Guardian:ShieldCharger"],"picked":"Guardian:Suspension+1","floor":37},{"not_picked":["Guardian:Reroute+1","Guardian:Gem_Lightblue"],"picked":"Guardian:ChargeCore+1","floor":39},{"not_picked":["Guardian:VentSteam+1","Guardian:TemporalStrike+1"],"picked":"Guardian:ChargeCore+1","floor":40},{"not_picked":["Guardian:Suspension+1","Guardian:ChargeCore+1"],"picked":"Guardian:DecasProtection+1","floor":44},{"not_picked":["Guardian:Harden+1","Guardian:BaubleBeam+1","Guardian:Reroute+1"],"picked":"SKIP","floor":45},{"not_picked":["Guardian:VentSteam+1","Guardian:Repulse+1"],"picked":"Guardian:Gem_White","floor":46},{"not_picked":["Guardian:DonusPower+1","Guardian:TemporalStrike+1"],"picked":"Guardian:Incinerate+1","floor":47}],"player_experience":518771,"relics_obtained":[{"floor":4,"key":"Quantum Egg"},{"floor":5,"key":"Molten Egg 2"},{"floor":7,"key":"Snack Pack"},{"floor":8,"key":"conspire:Flyswatter"},{"floor":10,"key":"Replay:Mystery Machine"},{"floor":11,"key":"Counterbalance"},{"floor":14,"key":"Darkstone Periapt"},{"floor":21,"key":"Mirror"},{"floor":25,"key":"Tiny Chest"},{"floor":27,"key":"Lizard Tail"},{"floor":38,"key":"hubris:Reverence"},{"floor":41,"key":"Toy Ornithopter"},{"floor":44,"key":"Letter Opener"}],"event_choices":[{"damage_healed":32,"gold_gain":0,"player_choice":"Heal","damage_taken":0,"max_hp_gain":0,"max_hp_loss":0,"event_name":"The Library","floor":28,"gold_loss":0}],"is_beta":false,"boss_relics":[{"not_picked":["Cursed Key","Snecko Eye"],"picked":"hubris:TerracottaHorce"},{"not_picked":["aspiration:IroncladSkillbook","hubris:ScarierMask"],"picked":"Coffee Dripper"}],"items_purged_floors":[30],"is_endless":false,"potions_floor_spawned":[4,10,11,12,14,16,22,23,27,29,44,45,46],"killed_by":"Jaw Worm Horde","ascension_level":0}}