{"host":"9tzam4717zt8ei1o","time":1608301695,"event":{"mods":["BaseMod","Colored Map","Keyboard Shortcuts","Minty Spire (QoL Compilation)","Quick Restart","StSLib","SuperFastMode"],"gold_per_floor":[109,109,120,130,143,169,188,188,260,260,260],"floor_reached":10,"playtime":169,"items_purged":[],"score":137,"play_id":"990d7dde-951a-42f5-a113-b5e28329fb2c","local_time":"20201218232815","is_ascension_mode":true,"campfire_choices":[{"floor":8,"key":"REST"}],"circlet_count":0,"master_deck":["AscendersBane","Strike_G","Strike_G","Strike_G","Strike_G","Strike_G","Defend_G","Defend_G","Defend_G","Defend_G","Defend_G","Survivor","Neutralize","Backflip","Eviscerate","Escape Plan","Acrobatics","Dagger Throw","Escape Plan"],"relics":["Ring of the Snake","NeowsBlessing","Pocketwatch","Molten Egg 2"],"acts_visited":["Exordium"],"potions_floor_usage":[7,10],"damage_taken":[{"damage":0,"enemies":"Small Slimes","floor":1,"turns":1},{"damage":0,"enemies":"2 Louse","floor":3,"turns":1},{"damage":0,"enemies":"Jaw Worm","floor":4,"turns":1},{"damage":4,"enemies":"2 Fungi Beasts","floor":5,"turns":5},{"damage":50,"enemies":"Gremlin Nob","floor":6,"turns":5},{"damage":2,"enemies":"Large Slime","floor":7,"turns":5},{"damage":22,"enemies":"3 Sentries","floor":10,"turns":6}],"seed_played":"-5044359709687969092","potions_obtained":[{"floor":3,"key":"Explosive Potion"},{"floor":6,"key":"Block Potion"}],"is_trial":false,"path_per_floor":["M","$","M","M","M","E","M","R","T","E"],"character_chosen":"THE_SILENT","items_purchased":[],"campfire_rested":1,"item_purchase_floors":[],"current_hp_per_floor":[59,59,59,59,55,5,3,22,22,0,0],"gold":260,"neow_bonus":"THREE_ENEMY_KILL","is_daily":false,"chose_seed":false,"campfire_upgraded":0,"win_rate":0.0,"timestamp":1608301695,"path_taken":["M","$","M","M","M","E","M","R","T","E"],"items_purchased_type":[],"build_version":"2020-12-13","purchased_purges":0,"victory":false,"max_hp_per_floor":[66,66,66,66,66,66,66,66,66,66,66],"card_choices":[{"not_picked":["Acrobatics","Concentrate"],"picked":"Backflip","floor":1},{"not_picked":["Dagger Spray","Blade Dance"],"picked":"Eviscerate","floor":3},{"not_picked":["Dagger Throw","Accuracy"],"picked":"Escape Plan","floor":4},{"not_picked":["Prepared","Crippling Poison"],"picked":"Acrobatics","floor":5},{"not_picked":["Slice","Backflip"],"picked":"Dagger Throw","floor":6},{"not_picked":["Poisoned Stab","Flying Knee"],"picked":"Escape Plan","floor":7}],"player_experience":82770,"relics_obtained":[{"floor":6,"key":"Pocketwatch"},{"floor":9,"key":"Molten Egg 2"}],"event_choices":[],"is_beta":false,"boss_relics":[],"items_purged_floors":[],"is_endless":false,"potions_floor_spawned":[3,6],"killed_by":"3 Sentries","ascension_level":19}}