{"host":"2i0myh7fqij2ti1z","time":1608296531,"event":{"mods":["Aspiration","BaseMod","Better Third Choice","Colored Powertips","Downfall","FoggyMod","Highlight Path","Infinite Spire","Minty Spire (QoL Compilation)","Quick Restart","Random Character Button","Random Character Mod","Replay The Spire","Shop Mod","Spicy Shops","StSLib","Transform Curses","Wandering Minibosses"],"gold_per_floor":[99,99,115,115,54671,54671,54671,54671,54671,54700,54685,54685,54040,54040,54054,54151,54151,54151,54151,54178,54178,54178,54278,54278,54278,54289,54289,52962,52962,52974,52974,52986,53091,53091,53091,53091,53091,52105,52134,52178,52202,52202,52202,52202,52218,52330,52355,52370,52385,52385],"floor_reached":51,"playtime":4048,"items_purged":["Injury","Slimebound:Defend_Slimebound","Slimebound:Defend_Slimebound","Slimebound:Strike_Slimebound","Slimebound:Tackle"],"score":881,"play_id":"a6974d77-9954-4061-979f-66bcdeff4fd3","local_time":"20201218210211","is_ascension_mode":false,"campfire_choices":[{"floor":1.0,"key":"RECALL"},{"data":"Slimebound:Defend_Slimebound","floor":18.0,"key":"PURGE"},{"data":"Slimebound:AcidTongue","floor":25.0,"key":"SMITH"},{"data":"Slimebound:Gluttony","floor":27.0,"key":"SMITH"},{"data":"Slimebound:OozeBath","floor":35.0,"key":"SMITH"}],"circlet_count":0,"master_deck":["Slimebound:Strike_Slimebound+1","Slimebound:Split","Slimebound:CorrosiveSpit","Slimebound:RainOfGoop","Slimebound:SplitBruiser","Slimebound:FirmFortitude","Slimebound:SplitMire","Slimebound:SplitMire","Slimebound:LeechingTouch+1","Slimebound:SlimeTap","Slimebound:LeechingTouch+1","Slimebound:DuplicatedForm","Slimebound:Gluttony+1","expansioncontent:Corrupt","Slimebound:Replication","Slimebound:Prepare","Slimebound:PrepareCrush","Writhe","Slimebound:AcidTongue+1","infinitespire:TheBestDefense","Slimebound:Replication","Slimebound:SpikyOuterGoop","Slimebound:Overexert","Slimebound:GoopSpray","Slimebound:OozeBath+1","expansioncontent:DashGenerateEvil+1","Slimebound:LeadByExample","Slimebound:RainOfGoop+1","Slimebound:ItLooksTasty+1","ReplayTheSpireMod:Restless Dread","Slimebound:SpikyOuterGoop"],"relics":["Molten Egg 2","Gremlin Food","infinitespire:Satchel","Potion Belt","Replay:Lucky Slots","Replay:WaspNest","aspiration:FrozenJewel","Gambling Chip","TheAbacus","ReplayTheSpireMod:Lightbulb","PreservedInsect","Lee\u0027s Waffle","m_BurningSludge","wanderingMiniBosses:OtherGremlinHorn","Painkiller Herb","Shuriken","Ancient Tea Set","Matryoshka","Toy Ornithopter","Pear","Divine Protection","Replay:Towering Pillar of Hats","infinitespire:Magic Flask","Mango","Calipers","Replay:Bronze Core","aspiration:ArtOfWarUpgrade","infinitespire:Golems Mask","Membership Card","CeramicFish","ReplayTheSpireMod:ShopPack","Strawberry","Simple Rune","Mercury Hourglass","Pocketwatch","Replay:Rubber Ducky","Eternal Feather","ReplayTheSpireMod:Ring of Exchange","ReplayTheSpireMod:Ring of Challenge","infinitespire:Beetle Shell"],"acts_visited":["Exordium","TheCity","TheBeyond"],"potions_floor_usage":[],"damage_taken":[{"damage":13.0,"enemies":"Jaw Worm","floor":3.0,"turns":2.0},{"damage":11.0,"enemies":"downfall:FleeingMerchant","floor":5.0,"turns":4.0},{"damage":35.0,"enemies":"3 Sentries","floor":10.0,"turns":4.0},{"damage":21.0,"enemies":"downfall:FleeingMerchant","floor":11.0,"turns":4.0},{"damage":0.0,"enemies":"Cultist","floor":12.0,"turns":1.0},{"damage":37.0,"enemies":"downfall:FleeingMerchant","floor":13.0,"turns":4.0},{"damage":12.0,"enemies":"2 Louse","floor":15.0,"turns":5.0},{"damage":37.0,"enemies":"downfall:Watcher","floor":16.0,"turns":5.0},{"damage":21.0,"enemies":"Nightmare","floor":20.0,"turns":4.0},{"damage":27.0,"enemies":"downfall:LadyInBlue","floor":23.0,"turns":3.0},{"damage":7.0,"enemies":"Chosen","floor":26.0,"turns":4.0},{"damage":20.0,"enemies":"3 Byrds","floor":30.0,"turns":2.0},{"damage":64.0,"enemies":"Shelled Parasite and Fungi","floor":32.0,"turns":3.0},{"damage":35.0,"enemies":"downfall:Defect","floor":33.0,"turns":4.0},{"damage":20.0,"enemies":"3 Shapes","floor":39.0,"turns":2.0},{"damage":15.0,"enemies":"Giant Head","floor":40.0,"turns":4.0},{"damage":34.0,"enemies":"infinitespire:Three Voidlings","floor":45.0,"turns":3.0},{"damage":37.0,"enemies":"Nightmare_Alpha","floor":45.0,"turns":6.0},{"damage":20,"enemies":"3 Darklings","floor":48,"turns":4},{"damage":0,"enemies":"Spire Growth","floor":49,"turns":5},{"damage":0,"enemies":"downfall:Ironclad","floor":50,"turns":5}],"seed_played":"-4147922709565933286","potions_obtained":[{"floor":3.0,"key":"Fire Potion"},{"floor":15.0,"key":"Swift Potion"},{"floor":16.0,"key":"Swift Potion"},{"floor":23.0,"key":"Dexterity Potion"},{"floor":23.0,"key":"Milkshake"},{"floor":23.0,"key":"Venom Potion"},{"floor":29.0,"key":"downfall:CursedFountainPotion"},{"floor":49,"key":"FearPotion"}],"is_trial":false,"path_per_floor":["R","?","M","?","$","?","T","T","?","E","$","M","$","?","M","B",null,"T","?","NM","?","T","?","T","T","?","T","T","?","?","?","?","B",null,"T","?","?","T","?","E","T","T","T","T","?","?","T","?","?","B",null],"character_chosen":"SLIMEBOUND","items_purchased":["Slimebound:SplitMire","Gremlin Food","infinitespire:Satchel","Potion Belt","Replay:Lucky Slots","Replay:WaspNest","TheAbacus","ReplayTheSpireMod:Lightbulb","PreservedInsect","Lee\u0027s Waffle","Slimebound:Gluttony","expansioncontent:Corrupt","Slimebound:Replication","Replay:Towering Pillar of Hats","infinitespire:Magic Flask","Mango","Calipers","Membership Card","expansioncontent:DashGenerateEvil+1","Slimebound:LeadByExample","CeramicFish","ReplayTheSpireMod:ShopPack","Strawberry","Simple Rune","Mercury Hourglass"],"campfire_rested":0,"item_purchase_floors":[5,5,5,5,5,5,13,13,13,13,13,13,13,28,28,28,28,38,38,38,38,38,38,38,38],"current_hp_per_floor":[66,66,65,65,66,66,66,66,66,51,62,62,73,73,73,73,73,73,73,68,68,68,73,83,83,83,83,97,97,96,77,44,39,102,102,102,102,109,101,109,109,109,109,109,93,66,66,69,88,109],"gold":52385,"neow_bonus":"TEN_PERCENT_HP_BONUS","is_daily":false,"chose_seed":false,"campfire_upgraded":3,"win_rate":0.0,"timestamp":1608296531,"path_taken":["R","?","?","?","?","?","T","?","?","E","$","?","?","?","M","BOSS","T","?","NM","?","?","?","T","T","?","T","T","?","?","?","?","BOSS","T","?","?","?","?","E","T","T","?","T","?","?","?","?","?","BOSS"],"items_purchased_type":["Card","Relic","Relic","Relic","Relic","Relic","Relic","Relic","Relic","Relic","Card","Card","Card","Relic","Relic","Relic","Relic","Relic","Card","Card","Relic","Relic","Relic","Relic","Relic"],"build_version":"2020-12-13","purchased_purges":5,"victory":true,"max_hp_per_floor":[66,66,66,66,66,66,66,66,66,66,66,66,73,73,73,73,73,73,73,73,73,73,73,83,83,83,83,97,97,97,102,102,102,102,102,102,102,109,109,109,109,109,109,109,109,109,109,109,109,109],"card_choices":[{"not_picked":["Slimebound:SlimeSpikes","Slimebound:SamplingLick"],"picked":"Slimebound:SplitBruiser","floor":3.0},{"not_picked":["Slimebound:SplitAcid","Slimebound:SlimeTap"],"picked":"Slimebound:FirmFortitude","floor":5.0},{"not_picked":["Slimebound:PressTheAttack+1","Slimebound:ProtectTheBoss"],"picked":"Slimebound:LeechingTouch+1","floor":10.0},{"not_picked":["Slimebound:SplitBruiser","Slimebound:LeechEnergy+1"],"picked":"Slimebound:SlimeTap","floor":11.0},{"not_picked":["Slimebound:FinishingTackle+1","Slimebound:RollThrough+1"],"picked":"Slimebound:LeechingTouch+1","floor":12.0},{"not_picked":["Slimebound:LeechingTouch+1","Slimebound:SplitBruiser"],"picked":"Slimebound:DuplicatedForm","floor":13.0},{"not_picked":["Slimebound:SamplingLick","Slimebound:SlimeSpikes"],"picked":"Slimebound:Prepare","floor":15.0},{"not_picked":["Offering","Slimebound:SlimeSlap+1"],"picked":"Slimebound:PrepareCrush","floor":16.0},{"not_picked":["Slimebound:RollThrough+1","Slimebound:SplitAcid"],"picked":"Slimebound:AcidTongue","floor":20.0},{"not_picked":["ReplayTheSpireMod:??????????????????????","infinitespire:FinalStrike"],"picked":"infinitespire:TheBestDefense","floor":20.0},{"not_picked":["Slimebound:SplitLeeching","Slimebound:SplitBruiser"],"picked":"Slimebound:Replication","floor":23.0},{"not_picked":["Slimebound:Replication","Slimebound:ComboTackle+1"],"picked":"Slimebound:SpikyOuterGoop","floor":26.0},{"not_picked":["Slimebound:RollThrough+1","Slimebound:Nibble+1"],"picked":"Slimebound:Overexert","floor":30.0},{"not_picked":["Slimebound:SplitAcid","Slimebound:ComboTackle+1"],"picked":"Slimebound:GoopSpray","floor":32.0},{"not_picked":["Slimebound:WasteNot","Slimebound:RallyTheTroops+1"],"picked":"Slimebound:OozeBath","floor":33.0},{"not_picked":["Slimebound:SplitBruiser","Slimebound:SplitMire+1"],"picked":"Slimebound:RainOfGoop+1","floor":39.0},{"not_picked":["Slimebound:PrepareCrush","Slimebound:Prepare"],"picked":"Slimebound:ItLooksTasty+1","floor":40.0},{"not_picked":["Slimebound:ViciousTackle+1","Slimebound:LeechingTouch+1"],"picked":"Slimebound:SpikyOuterGoop","floor":46},{"not_picked":["Slimebound:Schlurp+1","Slimebound:ForwardTackle+1","Slimebound:SlimeBrawl"],"picked":"SKIP","floor":48},{"not_picked":["Sword Boomerang+1","Slimebound:SplitBruiser","Whirlwind+1"],"picked":"SKIP","floor":49}],"player_experience":177190,"relics_obtained":[{"floor":8.0,"key":"aspiration:FrozenJewel"},{"floor":10.0,"key":"Gambling Chip"},{"floor":15.0,"key":"wanderingMiniBosses:OtherGremlinHorn"},{"floor":20.0,"key":"Ancient Tea Set"},{"floor":22.0,"key":"Matryoshka"},{"floor":23.0,"key":"Toy Ornithopter"},{"floor":24.0,"key":"Pear"},{"floor":24.0,"key":"Divine Protection"},{"floor":37.0,"key":"Art of War"},{"floor":37.0,"key":"infinitespire:Golems Mask"},{"floor":40.0,"key":"Pocketwatch"},{"floor":41.0,"key":"Replay:Rubber Ducky"},{"floor":43.0,"key":"Eternal Feather"},{"floor":45,"key":"ReplayTheSpireMod:Ring of Exchange"},{"floor":45,"key":"ReplayTheSpireMod:Ring of Challenge"},{"floor":47,"key":"infinitespire:Beetle Shell"}],"event_choices":[{"damage_healed":0.0,"max_hp_gain":0.0,"max_hp_loss":0.0,"gold_gain":0.0,"cards_transformed":["Slimebound:Defend_Slimebound"],"event_name":"Transmorgrifier","player_choice":"Transformed","floor":2.0,"gold_loss":0.0,"damage_taken":0.0,"cards_obtained":["Slimebound:RainOfGoop"]},{"damage_healed":0.0,"max_hp_gain":0.0,"max_hp_loss":0.0,"gold_gain":0.0,"event_name":"NoteForYourself","player_choice":"Ignored","floor":9.0,"gold_loss":0.0,"damage_taken":0.0}],"is_beta":false,"boss_relics":[{"not_picked":["Runic Pyramid","Replay:Drink Me"],"picked":"Painkiller Herb"},{"not_picked":["SlaversCollar","SacredBark"],"picked":"Replay:Bronze Core"}],"items_purged_floors":[5,13,28,38,38],"is_endless":false,"potions_floor_spawned":[3,15,16,30,45,49],"ascension_level":0}}