{"host":"yhemb00fn7g5zwp1","time":1608263611,"event":{"mods":["AchievementEnabler","Act Like it!","BaseMod","CapriCore","Gensokyo","Hallownest","Highlight Path","KinomotoSakuraMod(Ä¾Ö®±¾Ó£)","Koishi","KomeijiMod","Marisa£¨ìFÓê¡¡Ä§ÀíÉ³£©","Minty Spire (QoL Compilation)","MostiFishMod","Pale of the Ancients","Prisma Mod","Reimu£¨²©ÀöÁéÃÎ£©","Remilia£¨ÀÙÃ×ÀòÑÇ£©","StSLib","Td1madao Mod","The Factory","The Hayseed","The Servant 0.9.4","Youmu£¨»êÆÇÑýÃÎ£©","Yuyuko","¡¾¶«·½¶þ´Î´´×÷¡¿°ËÔÆ×Ïmod","¡¾ÒÅÎï¿¨ÅÆ¡¿REMEMod"],"gold_per_floor":[111,111,111,111,54,85,85,160,160,173,227,227,227,254,254,333,333,347,347,347,366,384,384,412,412,412,412,428,428,80,99,99,99,99],"floor_reached":33,"playtime":759,"items_purged":[],"score":518,"play_id":"1f40c775-77da-4c0b-9847-bfe43e04264f","local_time":"20201218115331","is_ascension_mode":true,"campfire_choices":[{"data":"Forethought","floor":7,"key":"SMITH"},{"data":"Heavy Blade","floor":13,"key":"SMITH"},{"data":"Inflame","floor":15,"key":"SMITH"},{"data":"REME_ACTH","floor":23,"key":"SMITH"},{"data":"MostiFishMod:UltimateDefense","floor":25,"key":"SMITH"},{"data":"Double Tap","floor":29,"key":"SMITH"},{"data":"Pommel Strike","floor":32,"key":"SMITH"}],"circlet_count":0,"master_deck":["AscendersBane","Bash","PrismaMod:IllyaInstallSaber","Forethought+1","Flex","Dropkick","Heavy Blade+1","Headbutt","Inflame+1","Demon Form","MostiFishMod:UltimateDefense+1","MostiFishMod:DarkDeal+1","REME_SingleHolding","Juggernaut","Infernal Blade+1","Twin Strike","Sword Boomerang+1","REME_ACTH+1","Iron Wave","Sword Boomerang","Clothesline","REME_Scribble","Double Tap+1","Pommel Strike+1"],"relics":["Burning Blood","REME_ComplimentaryCards","DaveBox","SentryEyes","Question Card","Eternal Feather","Kunai","Blue Candle","ImportantClient","Pandora\u0027s Box","Self Forming Clay","ImprovedEquipment","Bottled Tornado","Technique"],"acts_visited":["Exordium","Exordium"],"potions_floor_usage":[],"damage_taken":[{"damage":0,"enemies":"Small Slimes","floor":1,"turns":2},{"damage":15,"enemies":"Lagavulin","floor":6,"turns":3},{"damage":0,"enemies":"2 Louse","floor":10,"turns":1},{"damage":14,"enemies":"Gremlin Nob","floor":14,"turns":3},{"damage":47,"enemies":"Hexaghost","floor":16,"turns":5},{"damage":2,"enemies":"Gensokyo:2_Gloops","floor":18,"turns":3},{"damage":5,"enemies":"Gensokyo:AngelMirror","floor":21,"turns":1},{"damage":24,"enemies":"Gensokyo:Chomper_and_Gloop","floor":22,"turns":3},{"damage":24,"enemies":"Gensokyo:Koishi","floor":24,"turns":3},{"damage":26,"enemies":"Gensokyo:Slime_Group","floor":28,"turns":2},{"damage":27,"enemies":"Gensokyo:Wraith","floor":31,"turns":3},{"damage":0,"enemies":"Gensokyo:Eternal_Rivals","floor":33,"turns":1}],"seed_played":"-182293758127219636","potions_obtained":[{"floor":14,"key":"GrandPatriotsElixir:ReiMu"},{"floor":21,"key":"CalmPotion"},{"floor":24,"key":"GrandPatriotsElixir:ReiMu"},{"floor":28,"key":"AttackPotion"}],"is_trial":false,"path_per_floor":["M","?","?","T","$","E","R","?","T","M","?","?","R","E","R","B",null,"M","?","?","M","M","R","E","R","T","?","M","R","$","M","R","B"],"character_chosen":"IRONCLAD","items_purchased":["Heavy Blade","Bottled Tornado","Technique"],"campfire_rested":0,"item_purchase_floors":[5,30,30],"current_hp_per_floor":[74,74,63,63,63,57,66,55,55,61,61,61,70,62,71,33,65,69,69,69,70,55,67,52,64,64,64,49,61,61,45,57,57,57],"gold":99,"neow_bonus":"RANDOM_COLORLESS","is_daily":false,"chose_seed":false,"campfire_upgraded":7,"win_rate":0.0,"timestamp":1608263611,"path_taken":["M","?","?","?","?","E","R","?","T","?","?","?","R","E","R","BOSS","M","?","?","M","?","R","E","R","T","?","M","R","$","?","R","BOSS"],"items_purchased_type":["Card","Relic","Relic"],"build_version":"2020-12-13","purchased_purges":0,"victory":false,"max_hp_per_floor":[75,75,75,75,75,75,75,75,75,75,75,75,75,75,75,75,75,75,75,75,75,75,75,75,75,75,75,77,77,77,79,79,79,79],"card_choices":[{"not_picked":["PanicButton","GradualImprovement"],"picked":"Forethought","floor":0},{"not_picked":["Dark Embrace","REME_FearOfPain"],"picked":"Flex","floor":1},{"not_picked":["REME_FearOfPain","Clash","Thunderclap"],"picked":"Headbutt","floor":6},{"not_picked":["Anger","Warcry","Havoc"],"picked":"Flex","floor":10},{"not_picked":["Clash","Armaments","Offering"],"picked":"Inflame","floor":14},{"not_picked":["MostiFishMod:DarkDeal","REME_ACTH","MostiFishMod:UniRed"],"picked":"Demon Form","floor":16},{"not_picked":["Dual Wield","Ghostly Armor","Power Through"],"picked":"Sword Boomerang+1","floor":18},{"not_picked":["Disarm","Havoc","Dropkick"],"picked":"Iron Wave","floor":21},{"not_picked":["Ghostly Armor","Second Wind","Combust"],"picked":"Sword Boomerang","floor":22},{"not_picked":["Body Slam","REME_FearOfPain","Clash"],"picked":"Clothesline","floor":24},{"not_picked":["Flex","Warcry+1","Perfected Strike"],"picked":"Double Tap","floor":28},{"not_picked":["Dark Embrace","Havoc","REME_Scribble"],"picked":"Pommel Strike","floor":31}],"player_experience":432069,"relics_obtained":[{"floor":1,"key":"Question Card"},{"floor":4,"key":"StrikeDummy"},{"floor":6,"key":"Kunai"},{"floor":9,"key":"Blue Candle"},{"floor":16,"key":"ImportantClient"},{"floor":24,"key":"Self Forming Clay"},{"floor":26,"key":"ImprovedEquipment"}],"event_choices":[{"damage_healed":0,"gold_gain":0,"cards_transformed":["Strike_R"],"player_choice":"Change","damage_taken":0,"max_hp_gain":0,"max_hp_loss":0,"event_name":"Living Wall","floor":2,"gold_loss":0,"cards_obtained":["Dropkick"]},{"damage_healed":0,"gold_gain":0,"player_choice":"Success","damage_taken":11,"relics_obtained":["Eternal Feather"],"max_hp_gain":0,"max_hp_loss":0,"event_name":"Scrap Ooze","floor":3,"gold_loss":0},{"damage_healed":0,"gold_gain":75,"player_choice":"Gather Gold","damage_taken":11,"max_hp_gain":0,"max_hp_loss":0,"event_name":"World of Goop","floor":8,"gold_loss":0},{"damage_healed":0,"gold_gain":54,"player_choice":"Gained Gold","damage_taken":0,"max_hp_gain":0,"max_hp_loss":0,"event_name":"Golden Wing","floor":11,"gold_loss":0}],"is_beta":false,"boss_relics":[{"not_picked":["Philosopher\u0027s Stone","TimeKeys"],"picked":"Pandora\u0027s Box"}],"items_purged_floors":[],"is_endless":false,"potions_floor_spawned":[14,21,24,28],"killed_by":"Gensokyo:Eternal_Rivals","ascension_level":20}}