{"host":"Ian","time":1608302695,"event":{"mods":["BaseMod","Bestiary","Block Reminder","Colored Map","Highlight Path","Key Reminder","Minty Spire (QoL Compilation)","Relic Stats"],"gold_per_floor":[114,114,126,126,144,144,180,196,220,245,245,18,31,66,66,159,159,184,198,216,24,39,39,80,80,80,80,80,80],"floor_reached":28,"playtime":1175,"items_purged":["Strike_R","Strike_R"],"score":500,"play_id":"bce2534d-87d9-4185-b1ca-e243b81801e8","local_time":"20201218144455","is_ascension_mode":true,"campfire_choices":[{"data":"Inflame","floor":6.0,"key":"SMITH"},{"floor":11.0,"key":"REST"},{"floor":15.0,"key":"REST"},{"floor":23.0,"key":"REST"},{"data":"Inflame","floor":27,"key":"SMITH"}],"circlet_count":0,"master_deck":["AscendersBane","Strike_R","Strike_R","Strike_R","Defend_R","Defend_R","Defend_R","Defend_R","Bash","Spot Weakness","Inflame+1","Headbutt","Inflame+1","Sword Boomerang","Cleave","Burning Pact","Clothesline","Armaments","Anger","Heavy Blade+1","Flame Barrier","Thunderclap","Armaments+1","Intimidate+1","Havoc+1","Ghostly+1","Ghostly+1","Ghostly+1"],"relics":["Burning Blood","Golden Idol","Dream Catcher","keyreminder:keyreminder","Membership Card","Juzu Bracelet","Cursed Key","Toxic Egg 2","HornCleat"],"acts_visited":["Exordium","TheCity"],"potions_floor_usage":[24],"damage_taken":[{"damage":6.0,"enemies":"Jaw Worm","floor":1.0,"turns":6.0},{"damage":4.0,"enemies":"2 Louse","floor":3.0,"turns":3.0},{"damage":8.0,"enemies":"Small Slimes","floor":5.0,"turns":4.0},{"damage":40.0,"enemies":"3 Sentries","floor":7.0,"turns":8.0},{"damage":28.0,"enemies":"Exordium Thugs","floor":8.0,"turns":6.0},{"damage":8.0,"enemies":"Large Slime","floor":10.0,"turns":5.0},{"damage":1.0,"enemies":"Exordium Wildlife","floor":13.0,"turns":2.0},{"damage":25.0,"enemies":"Lagavulin","floor":14.0,"turns":7.0},{"damage":17.0,"enemies":"Hexaghost","floor":16.0,"turns":6.0},{"damage":27.0,"enemies":"3 Byrds","floor":18.0,"turns":6.0},{"damage":17.0,"enemies":"2 Thieves","floor":19.0,"turns":3.0},{"damage":23.0,"enemies":"Chosen and Byrds","floor":20.0,"turns":5.0},{"damage":9.0,"enemies":"Snecko","floor":22.0,"turns":4.0},{"damage":15,"enemies":"Gremlin Leader","floor":24,"turns":4},{"damage":22,"enemies":"Book of Stabbing","floor":28,"turns":4}],"seed_played":"2472728108571529053","potions_obtained":[{"floor":0.0,"key":"HeartOfIron"},{"floor":0.0,"key":"SteroidPotion"},{"floor":16.0,"key":"Block Potion"},{"floor":18.0,"key":"FearPotion"},{"floor":19.0,"key":"SkillPotion"},{"floor":22.0,"key":"LiquidBronze"}],"is_trial":false,"path_per_floor":["M","?","M","?","M","R","E","M","T","M","R","$","M","E","R","B",null,"M","M","M","$","M","R","E","?","T","R","E"],"character_chosen":"IRONCLAD","items_purchased":["Membership Card","Burning Pact","Toxic Egg 2"],"campfire_rested":3,"item_purchase_floors":[12,12,21],"current_hp_per_floor":[68,73,75,72,70,70,36,14,14,12,33,33,38,19,40,29,61,40,29,12,12,9,30,21,21,21,21,0,0],"gold":80,"neow_bonus":"THREE_SMALL_POTIONS","is_daily":false,"chose_seed":false,"campfire_upgraded":2,"win_rate":0.0,"timestamp":1608302695,"path_taken":["M","?","M","?","M","R","E","M","T","M","R","$","M","E","R","BOSS","M","M","M","$","M","R","E","?","T","R","E"],"items_purchased_type":["Relic","Card","Relic"],"build_version":"2020-12-17","purchased_purges":2,"victory":false,"max_hp_per_floor":[75,80,80,72,72,72,72,72,72,72,72,72,72,72,72,72,72,72,72,72,72,72,72,72,36,36,36,36,36],"relic_stats":{"Dream Catcher":3,"counters":[15,73],"Golden Idol":71,"Juzu Bracelet":0,"Cursed Key":0,"obtain_stats":[{"keyreminder:keyreminder":9,"Dream Catcher":7,"HornCleat":24,"Golden Idol":4,"Juzu Bracelet":14,"Membership Card":12,"Toxic Egg 2":21,"Cursed Key":17,"Burning Blood":0},{"keyreminder:keyreminder":5,"Dream Catcher":4,"HornCleat":14,"Golden Idol":2,"Juzu Bracelet":8,"Membership Card":6,"Toxic Egg 2":12,"Cursed Key":9,"Burning Blood":0},{"keyreminder:keyreminder":27,"Dream Catcher":21,"HornCleat":69,"Golden Idol":9,"Juzu Bracelet":41,"Membership Card":32,"Toxic Egg 2":61,"Cursed Key":47,"Burning Blood":0}],"Burning Blood":84},"card_choices":[{"not_picked":["Havoc","Warcry"],"picked":"Spot Weakness","floor":1.0},{"not_picked":["Bloodletting","Pommel Strike"],"picked":"Inflame","floor":3.0},{"not_picked":["Bloodletting","Rupture"],"picked":"Headbutt","floor":5.0},{"not_picked":["Clash","Rage"],"picked":"Inflame","floor":7.0},{"not_picked":["Hemokinesis","Combust","Searing Blow"],"picked":"SKIP","floor":8.0},{"not_picked":["Body Slam","Barricade"],"picked":"Sword Boomerang","floor":10.0},{"not_picked":["Flex","Warcry"],"picked":"Cleave","floor":11.0},{"not_picked":["Entrench","Evolve"],"picked":"Clothesline","floor":13.0},{"not_picked":["Sever Soul","Shrug It Off"],"picked":"Armaments","floor":14.0},{"not_picked":["Sentinel","Sever Soul"],"picked":"Anger","floor":15.0},{"not_picked":["Thunderclap","Sever Soul"],"picked":"Heavy Blade+1","floor":18.0},{"not_picked":["Cleave","Combust"],"picked":"Flame Barrier","floor":19.0},{"not_picked":["Havoc","Searing Blow+1"],"picked":"Thunderclap","floor":20.0},{"not_picked":["Pummel","Perfected Strike"],"picked":"Armaments+1","floor":22.0},{"not_picked":["Whirlwind","Warcry+1"],"picked":"Intimidate+1","floor":23.0},{"not_picked":["Iron Wave","Inflame"],"picked":"Havoc+1","floor":24}],"player_experience":2546181,"relics_obtained":[{"floor":7.0,"key":"Dream Catcher"},{"floor":14.0,"key":"Juzu Bracelet"},{"floor":24,"key":"HornCleat"}],"event_choices":[{"damage_healed":0.0,"max_hp_gain":5.0,"max_hp_loss":0.0,"gold_gain":0.0,"event_name":"Big Fish","player_choice":"Donut","floor":2.0,"gold_loss":0.0,"damage_taken":0.0},{"damage_healed":0.0,"max_hp_gain":0.0,"max_hp_loss":8.0,"gold_gain":0.0,"event_name":"Golden Idol","player_choice":"Lose Max HP","floor":4.0,"gold_loss":0.0,"damage_taken":0.0,"relics_obtained":["Golden Idol"]},{"damage_healed":0,"gold_gain":0,"player_choice":"Became a Ghost","damage_taken":0,"max_hp_gain":0,"max_hp_loss":36,"event_name":"Ghosts","floor":25,"gold_loss":0,"cards_obtained":["Ghostly","Ghostly","Ghostly"]}],"is_beta":true,"boss_relics":[{"not_picked":["SacredBark","Ectoplasm"],"picked":"Cursed Key"}],"items_purged_floors":[12,21],"is_endless":false,"potions_floor_spawned":[5,7,8,10,16,18,19,22],"killed_by":"Book of Stabbing","ascension_level":20}}