{"host":"c2vrdknshfutmcsq","time":1608294656,"event":{"mods":["BaseMod","Minty Spire (QoL Compilation)"],"gold_per_floor":[114,134,134,150,150,180,210,210,210,210,220,248,258,293,293,370,370,381,395,412,430,430,460,473,505,505,120,120,137,151,184,184,258,258,274,274,291,301,315,315,315],"floor_reached":40,"playtime":3128,"items_purged":["Defend_B"],"score":845,"play_id":"2981c115-8a74-4198-ad2e-6bf5327ee4ce","local_time":"20201218133056","is_ascension_mode":true,"campfire_choices":[{"floor":8.0,"key":"REST"},{"data":"Zap","floor":10.0,"key":"SMITH"},{"data":"Multi-Cast","floor":15.0,"key":"SMITH"},{"data":"Buffer","floor":32.0,"key":"SMITH"}],"circlet_count":0,"master_deck":["AscendersBane","Strike_B","Strike_B","Strike_B","Defend_B","Zap+1","Dualcast+1","Reinforced Body","Auto Shields","Leap","Barrage","BootSequence","Stack","Melter","Multi-Cast+1","Electrodynamics","Buffer+1","Leap","Conserve Battery+1","Ball Lightning","Double Energy","Core Surge","Aggregate+1","Tempest+1","Genetic Algorithm","Seek","Lockon","Double Energy","Defragment","Chaos","Fission","Defragment"],"relics":["Cracked Core","NeowsBlessing","Lantern","Odd Mushroom","Meat on the Bone","Anchor","StrikeDummy","SlaversCollar","Oddly Smooth Stone","Centennial Puzzle","Bottled Lightning","Pen Nib","Happy Flower","Busted Crown"],"acts_visited":["Exordium","TheCity","TheBeyond"],"potions_floor_usage":[40],"damage_taken":[{"damage":0.0,"enemies":"Jaw Worm","floor":1.0,"turns":1.0},{"damage":0.0,"enemies":"2 Louse","floor":2.0,"turns":1.0},{"damage":0.0,"enemies":"Small Slimes","floor":4.0,"turns":1.0},{"damage":38.0,"enemies":"Gremlin Nob","floor":6.0,"turns":5.0},{"damage":9.0,"enemies":"The Mushroom Lair","floor":7.0,"turns":6.0},{"damage":2.0,"enemies":"2 Fungi Beasts","floor":11.0,"turns":4.0},{"damage":5.0,"enemies":"Lagavulin","floor":12.0,"turns":8.0},{"damage":0.0,"enemies":"Exordium Wildlife","floor":13.0,"turns":4.0},{"damage":12.0,"enemies":"Gremlin Nob","floor":14.0,"turns":3.0},{"damage":13.0,"enemies":"Slime Boss","floor":16.0,"turns":7.0},{"damage":0.0,"enemies":"Chosen","floor":18.0,"turns":6.0},{"damage":0.0,"enemies":"2 Thieves","floor":19.0,"turns":5.0},{"damage":0.0,"enemies":"Snake Plant","floor":20.0,"turns":4.0},{"damage":0.0,"enemies":"Chosen and Byrds","floor":21.0,"turns":4.0},{"damage":32.0,"enemies":"Slavers","floor":23.0,"turns":6.0},{"damage":0.0,"enemies":"Centurion and Healer","floor":24.0,"turns":6.0},{"damage":0.0,"enemies":"Gremlin Leader","floor":25.0,"turns":4.0},{"damage":0.0,"enemies":"Snake Plant","floor":29.0,"turns":2.0},{"damage":12.0,"enemies":"Shelled Parasite and Fungi","floor":30.0,"turns":7.0},{"damage":14.0,"enemies":"Book of Stabbing","floor":31.0,"turns":4.0},{"damage":39.0,"enemies":"Automaton","floor":33.0,"turns":11.0},{"damage":12.0,"enemies":"3 Darklings","floor":35.0,"turns":4.0},{"damage":0.0,"enemies":"Orb Walker","floor":37.0,"turns":4.0},{"damage":0.0,"enemies":"Sphere and 2 Shapes","floor":38.0,"turns":4.0},{"damage":0.0,"enemies":"3 Darklings","floor":39.0,"turns":2.0},{"damage":46,"enemies":"Nemesis","floor":40,"turns":9}],"seed_played":"-2206145745943191227","potions_obtained":[{"floor":2.0,"key":"SteroidPotion"},{"floor":6.0,"key":"Block Potion"},{"floor":7.0,"key":"Fire Potion"},{"floor":16.0,"key":"SpeedPotion"},{"floor":19.0,"key":"LiquidMemories"},{"floor":20.0,"key":"LiquidBronze"},{"floor":25.0,"key":"FocusPotion"},{"floor":29.0,"key":"Weak Potion"},{"floor":30.0,"key":"Energy Potion"},{"floor":38.0,"key":"Swift Potion"},{"floor":39.0,"key":"Ancient Potion"}],"is_trial":false,"path_per_floor":["M","M","?","M","?","E","?","R","T","R","M","E","M","E","R","B",null,"M","M","M","M","?","E","M","E","T","$","?","M","M","E","R","B",null,"M","?","M","M","M","E"],"character_chosen":"DEFECT","items_purchased":["Pen Nib","Seek","Lockon"],"campfire_rested":1,"item_purchase_floors":[27,27,27],"current_hp_per_floor":[64,64,57,57,57,19,10,31,31,31,41,36,36,36,36,35,62,62,62,62,62,62,42,42,42,42,42,42,42,42,40,40,13,57,45,45,45,45,45,0,0],"gold":315,"neow_bonus":"THREE_ENEMY_KILL","is_daily":false,"chose_seed":false,"campfire_upgraded":3,"win_rate":0.0,"timestamp":1608294656,"path_taken":["M","M","?","M","?","E","?","R","T","R","M","E","M","E","R","BOSS","M","M","M","M","?","E","M","E","T","$","?","M","M","E","R","BOSS","M","?","M","M","M","E"],"items_purchased_type":["Relic","Card","Card"],"build_version":"2020-12-13","purchased_purges":1,"victory":false,"max_hp_per_floor":[71,71,71,71,71,71,71,71,71,71,71,71,71,71,71,71,71,71,71,71,71,71,71,71,71,71,71,71,71,71,71,71,71,71,71,71,71,71,71,71,71],"card_choices":[{"not_picked":["Ball Lightning","Redo"],"picked":"Reinforced Body","floor":1.0},{"not_picked":["Chaos","Cold Snap"],"picked":"Auto Shields","floor":2.0},{"not_picked":["Coolheaded","Steam"],"picked":"Leap","floor":4.0},{"not_picked":["Steam","Leap"],"picked":"Barrage","floor":6.0},{"not_picked":["Streamline","Barrage"],"picked":"BootSequence","floor":7.0},{"not_picked":["Skim","Go for the Eyes"],"picked":"Stack","floor":11.0},{"not_picked":["Doom and Gloom","BootSequence"],"picked":"Melter","floor":12.0},{"not_picked":["Stack","Heatsinks"],"picked":"Multi-Cast","floor":13.0},{"not_picked":["Redo","Chaos"],"picked":"Electrodynamics","floor":14.0},{"not_picked":["Fission","Seek"],"picked":"Buffer","floor":16.0},{"not_picked":["Chaos","Steam Power"],"picked":"Leap","floor":18.0},{"not_picked":["Sweeping Beam","Reprogram"],"picked":"Conserve Battery+1","floor":19.0},{"not_picked":["Reprogram","Streamline"],"picked":"Ball Lightning","floor":20.0},{"not_picked":["Beam Cell","Redo"],"picked":"Double Energy","floor":21.0},{"not_picked":["Glacier","Lockon"],"picked":"Aggregate+1","floor":23.0},{"not_picked":["Ball Lightning","Capacitor"],"picked":"Tempest+1","floor":24.0},{"not_picked":["Heatsinks","Loop"],"picked":"Genetic Algorithm","floor":25.0},{"not_picked":["Barrage","Gash","Cold Snap+1"],"picked":"SKIP","floor":29.0},{"not_picked":["Steam Power","Hologram"],"picked":"Defragment","floor":30.0},{"not_picked":["Self Repair","Machine Learning"],"picked":"Chaos","floor":31.0},{"not_picked":["Hyperbeam","Core Surge"],"picked":"Fission","floor":33.0},{"not_picked":["Cold Snap"],"picked":"SKIP","floor":35.0},{"not_picked":[],"picked":"Defragment","floor":37.0},{"not_picked":["Go for the Eyes"],"picked":"SKIP","floor":38.0},{"not_picked":["Turbo"],"picked":"SKIP","floor":39.0}],"player_experience":1156347,"relics_obtained":[{"floor":6.0,"key":"Lantern"},{"floor":7.0,"key":"Odd Mushroom"},{"floor":9.0,"key":"Meat on the Bone"},{"floor":12.0,"key":"Anchor"},{"floor":14.0,"key":"StrikeDummy"},{"floor":23.0,"key":"Oddly Smooth Stone"},{"floor":25.0,"key":"Centennial Puzzle"},{"floor":26.0,"key":"Bottled Lightning"},{"floor":31.0,"key":"Happy Flower"}],"event_choices":[{"cards_removed":["Strike_B"],"damage_healed":0.0,"max_hp_gain":0.0,"max_hp_loss":0.0,"gold_gain":0.0,"event_name":"Golden Wing","player_choice":"Card Removal","floor":3.0,"gold_loss":0.0,"damage_taken":7.0},{"damage_healed":0.0,"max_hp_gain":0.0,"max_hp_loss":0.0,"gold_gain":0.0,"event_name":"Living Wall","player_choice":"Grow","floor":5.0,"gold_loss":0.0,"damage_taken":0.0,"cards_upgraded":["Dualcast"]},{"damage_healed":0.0,"max_hp_gain":0.0,"max_hp_loss":0.0,"gold_gain":0.0,"event_name":"Mushrooms","player_choice":"Fought Mushrooms","floor":7.0,"gold_loss":0.0,"damage_taken":0.0},{"damage_healed":0.0,"max_hp_gain":0.0,"max_hp_loss":0.0,"gold_gain":0.0,"event_name":"The Library","player_choice":"Read","floor":22.0,"gold_loss":0.0,"damage_taken":0.0,"cards_obtained":["Core Surge"]},{"damage_healed":0.0,"max_hp_gain":0.0,"max_hp_loss":0.0,"gold_gain":0.0,"cards_transformed":["Defend_B"],"event_name":"Transmorgrifier","player_choice":"Transformed","floor":28.0,"gold_loss":0.0,"damage_taken":0.0,"cards_obtained":["Double Energy"]},{"cards_removed":["Defend_B"],"damage_healed":0.0,"max_hp_gain":0.0,"max_hp_loss":0.0,"gold_gain":0.0,"event_name":"Bonfire Elementals","player_choice":"Offered Basic","floor":36.0,"gold_loss":0.0,"damage_taken":0.0}],"is_beta":false,"boss_relics":[{"not_picked":["Calling Bell","Coffee Dripper"],"picked":"SlaversCollar"},{"not_picked":["Cursed Key","Sozu"],"picked":"Busted Crown"}],"items_purged_floors":[27],"is_endless":false,"potions_floor_spawned":[2,6,7,13,16,19,20,25,29,30,38,39],"killed_by":"Nemesis","ascension_level":14}}