{"host":"q7vkosjfkvfklbk2","time":1608271301,"event":{"mods":["Abigail Mod","AchievementEnabler","Act Like it!","Ascension Reborn","Astrologer","BaseMod","Better Third Choice","Conspire","Downfall","GungeonMod","Hallownest","Hubris","KinomotoSakuraMod(Ä¾Ö®±¾Ó£)","Koishi","KomeijiMod","Minty Spire (QoL Compilation)","Quick Restart","Replay The Spire","Shop Mod","StSLib","The Bug Knight","The Cursed","The Kombatant","The Poker Player","The Servant 0.9.4","UnlockEverythingMod","[IsaacMod]ÒÔÈö¼âËþ","vexMod"],"gold_per_floor":[112,123,123,146,159,159,184,219,287,320,337,337,350,376,376,502,602,628,548,548,562,572,605,605,605,631,678,695,726,746,785,785,945,945,963,990,1019,1040,1040],"floor_reached":38,"playtime":1730,"items_purged":[],"score":547,"play_id":"e0d2904c-a79d-4c9b-8236-f1ee822cd2a0","local_time":"20201218140141","is_ascension_mode":true,"campfire_choices":[{"data":"HollowMod:HowlingWraiths","floor":6,"key":"SMITH"},{"data":"HollowMod:SoulSplash","floor":12,"key":"SMITH"},{"floor":15,"key":"RECALL"},{"data":"Prostrate","floor":25,"key":"SMITH"},{"data":"HollowMod:MantisMark","floor":32,"key":"SMITH"}],"circlet_count":0,"master_deck":["HollowMod:NailStrikeStart","HollowMod:NailStrikeStart","HollowMod:NailStrikeStart+1","HollowMod:NailStrikeStart","HollowMod:QuickDashStart","HollowMod:QuickDashStart","HollowMod:QuickDashStart","HollowMod:QuickDashStart","HollowMod:FocusHealStart","HollowMod:PogoStrike+1","HollowMod:SoulSplash+1","HollowMod:HowlingWraiths+1","Prostrate+1","Hallownest:skillCityofTearsMap","HollowMod:CycloneSlash+1","HollowMod:MantisMark+1","CurseOfTheBell","HollowMod:MantisMark+1"],"relics":["HollowMod:VesselMask","HushsDoor","SalivaCoin","Whetstone","HollowMod:MantisClawRelic","Kunai","hubris:DisguiseKit","Replay:Wanted Poster","Incubus","Frozen Egg 2","Bronze Scales","Du-Vu Doll","Ancient Tea Set","Smiling Mask","Calling Bell","ReplayTheSpireMod:Lightbulb","Toxic Egg 2","hubris:MedicalManual"],"acts_visited":["Exordium","Hallownest:Greenpath","Hallownest:CityofTears"],"potions_floor_usage":[],"damage_taken":[{"damage":0,"enemies":"2_ Uuma","floor":1,"turns":4},{"damage":0,"enemies":"Hallownest:2_Tiktiks_and_1_Crawlid","floor":2,"turns":3},{"damage":1,"enemies":"Hallownest:monsterHuskGuard","floor":4,"turns":3},{"damage":0,"enemies":"Hallownest:MossCreep_and_Mosskin","floor":5,"turns":5},{"damage":9,"enemies":"Hallownest:Wandering_and_Horned","floor":7,"turns":5},{"damage":9,"enemies":"Hallownest:eliteMossKnight","floor":8,"turns":8},{"damage":2,"enemies":"Hallownest:eliteVengeflyKing","floor":10,"turns":6},{"damage":5,"enemies":"Hallownest:monsterFoolEater","floor":11,"turns":3},{"damage":0,"enemies":"Hallownest:monsterMossCharger","floor":13,"turns":2},{"damage":13,"enemies":"Hallownest:1_Ooma_and_2_Uuma","floor":14,"turns":4},{"damage":27,"enemies":"Hallownest:BossFalseKnight","floor":16,"turns":9},{"damage":15,"enemies":"Hallownest:2_Mistakes","floor":18,"turns":3},{"damage":0,"enemies":"Hallownest:3_Youths","floor":21,"turns":3},{"damage":0,"enemies":"Hallownest:2_Husk_Sentries","floor":22,"turns":5},{"damage":0,"enemies":"Hallownest:Nosk","floor":23,"turns":5},{"damage":11,"enemies":"Hallownest:eliteWatcherKnight","floor":27,"turns":9},{"damage":0,"enemies":"Hallownest:Master_and_Novice","floor":28,"turns":2},{"damage":0,"enemies":"Hallownest:Nosk","floor":29,"turns":4},{"damage":0,"enemies":"Hallownest:monsterShrumalOgre","floor":30,"turns":3},{"damage":9,"enemies":"Hallownest:eliteWatcherKnight","floor":31,"turns":8},{"damage":44,"enemies":"Hallownest:BossGrimm","floor":33,"turns":7},{"damage":0,"enemies":"Hallownest:Shield_Heavy","floor":35,"turns":2},{"damage":11,"enemies":"Hallownest:2_Littles","floor":36,"turns":2},{"damage":21,"enemies":"Hallownest:Xero_Hu_Marmu","floor":37,"turns":3},{"damage":25,"enemies":"Hallownest:Slobbering_and_Violent","floor":38,"turns":2}],"seed_played":"290917473430730841","potions_obtained":[{"floor":1,"key":"CultistPotion"},{"floor":4,"key":"SteroidPotion"}],"is_trial":false,"path_per_floor":["M","M","?","M","M","R","M","E","T","E","M","R","M","M","R","B",null,"M","?","?","M","M","E","$","R","T","E","M","E","M","E","R","B",null,"M","M","M","M"],"character_chosen":"THE_BUGKNIGHT","items_purchased":["Incubus"],"campfire_rested":0,"item_purchase_floors":[17],"current_hp_per_floor":[75,75,75,74,74,74,65,62,62,66,61,61,61,54,54,27,55,40,40,45,51,55,55,55,55,55,54,54,54,55,52,52,8,55,55,44,23,0,0],"gold":1040,"neow_bonus":"RANDOM_COMMON_RELIC","is_daily":false,"chose_seed":false,"campfire_upgraded":4,"win_rate":0.0,"timestamp":1608271301,"path_taken":["M","?","?","M","?","R","M","E","T","E","M","R","M","M","R","BOSS","M","?","?","M","M","E","$","R","T","E","M","E","M","E","R","BOSS","M","M","?","M"],"items_purchased_type":["Relic"],"build_version":"2020-12-13","purchased_purges":0,"victory":false,"max_hp_per_floor":[75,75,75,75,75,75,75,75,75,75,75,75,75,75,75,75,55,55,55,55,55,55,55,55,55,55,55,55,55,55,55,55,55,55,55,55,55,55,55],"card_choices":[{"not_picked":["HollowMod:RecoilStrike","HollowMod:VengefulVoid"],"picked":"HollowMod:SoulSplash","floor":1},{"not_picked":["HollowMod:VengefulVoid","HollowMod:DashSlash","HollowMod:MonomonsArchive"],"picked":"SKIP","floor":2},{"not_picked":["HollowMod:SiblingsSouls","HollowMod:LuriensSpire"],"picked":"HollowMod:HowlingWraiths","floor":4},{"not_picked":["HollowMod:DashSlash","HollowMod:BlackTendrils","HollowMod:VoidDash"],"picked":"SKIP","floor":5},{"not_picked":["HollowMod:CornifersMapStart","HollowMod:HowlingWraiths","HollowMod:SharpenedNail"],"picked":"SKIP","floor":7},{"not_picked":["HollowMod:WraithStrike","HollowMod:DashSlash","HollowMod:GoodIntentions"],"picked":"SKIP","floor":8},{"not_picked":["HollowMod:LuriensSpire","HollowMod:InfectionAssault","HollowMod:NewGlowingWomb"],"picked":"SKIP","floor":10},{"not_picked":["HollowMod:MonomonsArchive","HollowMod:PerfectDash","HollowMod:ChannelNail","ThirdEye"],"picked":"SKIP","floor":11},{"not_picked":["HollowMod:ShadowDash","HollowMod:DoubleDash","HollowMod:NewJinnsSoul","MentalFortress"],"picked":"SKIP","floor":13},{"not_picked":["HollowMod:DesolateDive","HollowMod:HeavyBlow","HollowMod:CoiledNail","MasterReality"],"picked":"SKIP","floor":14},{"not_picked":["HollowMod:LuriensSpire","HollowMod:VengefulSpirit","HollowMod:CycloneSlash"],"picked":"Prostrate","floor":18},{"not_picked":["HollowMod:DungDefenderAura","HollowMod:HowlingWraiths","HollowMod:MonarchWings+1","SandsOfTime"],"picked":"SKIP","floor":21},{"not_picked":["HollowMod:BrokenVessel+1","HollowMod:DescendingDark","EmptyMind"],"picked":"HollowMod:CycloneSlash+1","floor":22},{"not_picked":["HollowMod:DreamGate","HollowMod:NewJinnsSoul+1","HollowMod:CornifersMapStart","Worship"],"picked":"SKIP","floor":23},{"not_picked":["HollowMod:HerrahsAnger","HollowMod:theNailsmith","HollowMod:GoodIntentions","Weave"],"picked":"SKIP","floor":27},{"not_picked":["HollowMod:InfectedCysts","HollowMod:InfectedAttack","HollowMod:SharpenedNail","SashWhip"],"picked":"SKIP","floor":28},{"not_picked":["HollowMod:SoulSplash","HollowMod:SharpenedNail","BowlingBash"],"picked":"HollowMod:MantisMark","floor":29},{"not_picked":["HollowMod:CornifersMapStart","HollowMod:SiblingsShadow","HollowMod:DreamGate","Replay:BluntJabs"],"picked":"SKIP","floor":30},{"not_picked":["HollowMod:MothsMistake+1","HollowMod:PureNailStrike+1","HollowMod:BaldurShell+1","Wallop"],"picked":"SKIP","floor":31},{"not_picked":["HollowMod:NewJinnsSoul+1","HollowMod:LifebloodCocoon+1","Replay:ManipulateFuture"],"picked":"HollowMod:MantisMark+1","floor":35},{"not_picked":["HollowMod:DoubleDash+1","HollowMod:SoulSplash+1","HollowMod:NewGlowingWomb+1","Weave"],"picked":"SKIP","floor":36},{"not_picked":["HollowMod:PureVessel+1","HollowMod:VengefulVoid+1","HollowMod:ShadowDash+1","Prostrate"],"picked":"SKIP","floor":37}],"player_experience":431265,"relics_obtained":[{"floor":8,"key":"HollowMod:MantisClawRelic"},{"floor":9,"key":"Kunai"},{"floor":10,"key":"hubris:DisguiseKit"},{"floor":23,"key":"Frozen Egg 2"},{"floor":26,"key":"Bronze Scales"},{"floor":27,"key":"Du-Vu Doll"},{"floor":29,"key":"Ancient Tea Set"},{"floor":31,"key":"Smiling Mask"},{"floor":34,"key":"ReplayTheSpireMod:Lightbulb"},{"floor":34,"key":"Toxic Egg 2"},{"floor":34,"key":"hubris:MedicalManual"}],"event_choices":[{"damage_healed":0,"gold_gain":0,"player_choice":"Leave","damage_taken":0,"max_hp_gain":0,"max_hp_loss":0,"event_name":"conspire:Investor","floor":3,"gold_loss":0}],"is_beta":false,"boss_relics":[{"not_picked":["Busted Crown","hubris:Stopwatch"],"picked":"Replay:Wanted Poster"},{"not_picked":[]},{"not_picked":["Runic Dome","Astrolabe"],"picked":"Calling Bell"},{"not_picked":[]}],"items_purged_floors":[],"is_endless":false,"potions_floor_spawned":[1,4,8,10,14,21,22,30,36],"killed_by":"Hallownest:Slobbering_and_Violent","ascension_level":0}}