{"host":"36mulxq349byzoa2","time":1608307771,"event":{"mods":["AchievementEnabler","BaseMod","Better Match","Block Reminder","Colored Map","Colored Powertips","Minty Spire (QoL Compilation)","Rare Cards Sparkle","StSLib","SuperFastMode"],"gold_per_floor":[112,112,37,55,68,93,93,93,93,93,118,134,134,189,189,293,293,306,325,225,236,161,181,181,194,194,194,24,24,24,124,124,220,220,232,82,100,111,156,171,171,171,171,171,171],"floor_reached":44,"playtime":770,"items_purged":["Defend_R","Defend_R","Armaments","Strike_R"],"score":441,"play_id":"931a94b1-3658-4245-a647-b1311db04ab4","local_time":"20201218110931","is_ascension_mode":false,"campfire_choices":[{"data":"Pommel Strike","floor":7,"key":"SMITH"},{"data":"Clash","floor":15,"key":"SMITH"},{"data":"Clash","floor":24,"key":"SMITH"},{"floor":30,"key":"REST"},{"floor":32,"key":"REST"}],"circlet_count":0,"master_deck":["Strike_R","Bash+1","Pommel Strike+1","Clash+1","Clash+1","Clothesline","Clash","Feed","Madness","Madness","Decay"],"relics":["Burning Blood","Eternal Feather","Paper Frog","Strawberry","Art of War","Cursed Key","Philosopher\u0027s Stone","FossilizedHelix","Magic Flower"],"acts_visited":["Exordium","TheCity","TheBeyond"],"potions_floor_usage":[6,23,33],"damage_taken":[{"damage":6,"enemies":"Cultist","floor":1,"turns":3},{"damage":11,"enemies":"Jaw Worm","floor":4,"turns":2},{"damage":0,"enemies":"2 Louse","floor":5,"turns":2},{"damage":45,"enemies":"3 Sentries","floor":6,"turns":8},{"damage":6,"enemies":"Gremlin Nob","floor":11,"turns":3},{"damage":14,"enemies":"Blue Slaver","floor":12,"turns":3},{"damage":38,"enemies":"Slime Boss","floor":16,"turns":9},{"damage":41,"enemies":"2 Thieves","floor":18,"turns":4},{"damage":8,"enemies":"3 Byrds","floor":19,"turns":5},{"damage":20,"enemies":"Snecko","floor":21,"turns":4},{"damage":0,"enemies":"Cultist and Chosen","floor":23,"turns":2},{"damage":21,"enemies":"Snake Plant","floor":25,"turns":2},{"damage":30,"enemies":"Automaton","floor":33,"turns":4},{"damage":0,"enemies":"Orb Walker","floor":35,"turns":1},{"damage":11,"enemies":"3 Darklings","floor":37,"turns":3},{"damage":0,"enemies":"Spire Growth","floor":38,"turns":2},{"damage":47,"enemies":"2 Orb Walkers","floor":39,"turns":4},{"damage":0,"enemies":"Maw","floor":40,"turns":4},{"damage":0,"enemies":"Mind Bloom Boss Battle","floor":44,"turns":2}],"seed_played":"2564791339536631116","potions_obtained":[{"floor":5,"key":"PowerPotion"},{"floor":6,"key":"EssenceOfSteel"},{"floor":19,"key":"Explosive Potion"},{"floor":21,"key":"ColorlessPotion"},{"floor":39,"key":"PowerPotion"},{"floor":40,"key":"SpeedPotion"}],"is_trial":false,"path_per_floor":["M","?","$","M","M","E","R","$","T","?","E","M","?","T","R","B",null,"M","M","$","M","?","M","R","M","T","?","$","?","R","?","R","B",null,"M","$","M","M","?","M","?","?","T","?"],"character_chosen":"IRONCLAD","items_purchased":["Clash"],"campfire_rested":2,"item_purchase_floors":[28],"current_hp_per_floor":[80,80,80,75,80,41,44,44,44,37,44,36,41,41,44,12,92,57,55,55,41,41,47,50,35,35,35,35,17,49,49,81,57,97,97,97,92,97,56,62,62,50,50,50,50],"gold":171,"neow_bonus":"UPGRADE_CARD","is_daily":false,"chose_seed":false,"campfire_upgraded":3,"win_rate":0.0,"timestamp":1608307771,"path_taken":["M","?","$","M","?","E","R","$","T","?","E","M","?","?","R","BOSS","M","M","$","M","?","M","R","M","T","?","$","?","R","?","R","BOSS","M","$","?","M","?","M","?","?","T","?"],"items_purchased_type":["Card"],"build_version":"2020-12-13","purchased_purges":4,"victory":false,"max_hp_per_floor":[80,80,80,80,80,80,80,80,80,80,87,87,92,92,92,92,92,92,92,92,92,92,92,92,92,92,92,92,97,97,97,97,97,97,97,97,97,97,97,97,97,97,97,97,97],"card_choices":[{"not_picked":["Body Slam","Shrug It Off"],"picked":"Pommel Strike","floor":1},{"not_picked":["Seeing Red","Iron Wave","Havoc"],"picked":"SKIP","floor":4},{"not_picked":["Wild Strike","Havoc","Twin Strike"],"picked":"SKIP","floor":5},{"not_picked":["Cleave","Disarm","Metallicize"],"picked":"SKIP","floor":6},{"not_picked":["Thunderclap","Sword Boomerang","True Grit"],"picked":"SKIP","floor":11},{"not_picked":["Pommel Strike","Clothesline"],"picked":"Clash","floor":12},{"not_picked":["Anger","Headbutt","Clothesline+1"],"picked":"SKIP","floor":18},{"not_picked":["Uppercut+1","Armaments","Wild Strike"],"picked":"SKIP","floor":19},{"not_picked":["Sentinel","Uppercut"],"picked":"Clash","floor":21},{"not_picked":["Blood for Blood","Bloodletting","Warcry"],"picked":"SKIP","floor":23},{"not_picked":["Disarm+1","Warcry+1"],"picked":"Spot Weakness","floor":25},{"not_picked":["Berserk","Offering"],"picked":"Feed","floor":33},{"not_picked":["Uppercut","Searing Blow+1","Anger+1"],"picked":"SKIP","floor":35},{"not_picked":["Clothesline","Flex","Bloodletting+1"],"picked":"SKIP","floor":37},{"not_picked":["Sentinel+1","Hemokinesis","Power Through"],"picked":"SKIP","floor":38},{"not_picked":["Burning Pact","Shockwave","Battle Trance+1"],"picked":"SKIP","floor":40}],"player_experience":984608,"relics_obtained":[{"floor":6,"key":"Eternal Feather"},{"floor":9,"key":"Paper Frog"},{"floor":11,"key":"Strawberry"},{"floor":14,"key":"Art of War"},{"floor":39,"key":"FossilizedHelix"},{"floor":43,"key":"Magic Flower"}],"event_choices":[{"cards_removed":["Defend_R"],"damage_healed":0,"gold_gain":0,"player_choice":"Card Removal","damage_taken":0,"max_hp_gain":0,"max_hp_loss":0,"event_name":"Wheel of Change","floor":2,"gold_loss":0},{"cards_removed":["Strike_R"],"damage_healed":0,"gold_gain":0,"player_choice":"Card Removal","damage_taken":7,"max_hp_gain":0,"max_hp_loss":0,"event_name":"Golden Wing","floor":10,"gold_loss":0},{"damage_healed":0,"gold_gain":0,"player_choice":"Donut","damage_taken":0,"max_hp_gain":5,"max_hp_loss":0,"event_name":"Big Fish","floor":13,"gold_loss":0},{"cards_removed":["Defend_R"],"damage_healed":0,"gold_gain":0,"player_choice":"Gave Gold","damage_taken":0,"max_hp_gain":0,"max_hp_loss":0,"event_name":"Beggar","floor":22,"gold_loss":75},{"damage_healed":0,"gold_gain":0,"cards_transformed":["Strike_R","Strike_R"],"player_choice":"Became Test Subject","damage_taken":0,"max_hp_gain":0,"max_hp_loss":0,"event_name":"Drug Dealer","floor":27,"gold_loss":0,"cards_obtained":["Armaments","Clothesline"]},{"damage_healed":0,"gold_gain":0,"player_choice":"Shed Blood","damage_taken":23,"max_hp_gain":5,"max_hp_loss":0,"event_name":"Forgotten Altar","floor":29,"gold_loss":0},{"damage_healed":0,"gold_gain":100,"player_choice":"Pray","damage_taken":0,"max_hp_gain":0,"max_hp_loss":0,"event_name":"Golden Shrine","floor":31,"gold_loss":0},{"damage_healed":0,"gold_gain":0,"player_choice":"Fight","damage_taken":0,"max_hp_gain":0,"max_hp_loss":0,"event_name":"Mysterious Sphere","floor":39,"gold_loss":0},{"cards_removed":["Spot Weakness"],"damage_healed":0,"gold_gain":0,"player_choice":"Removed Skill","damage_taken":0,"max_hp_gain":0,"max_hp_loss":0,"event_name":"Falling","floor":41,"gold_loss":0},{"damage_healed":0,"gold_gain":0,"player_choice":"Embrace Madness","damage_taken":12,"max_hp_gain":0,"max_hp_loss":0,"event_name":"Winding Halls","floor":42,"gold_loss":0,"cards_obtained":["Madness","Madness"]},{"damage_healed":0,"gold_gain":0,"player_choice":"Fight","damage_taken":0,"max_hp_gain":0,"max_hp_loss":0,"event_name":"MindBloom","floor":44,"gold_loss":0}],"is_beta":false,"boss_relics":[{"not_picked":["Tiny House","Empty Cage"],"picked":"Cursed Key"},{"not_picked":["Runic Dome","Coffee Dripper"],"picked":"Philosopher\u0027s Stone"}],"items_purged_floors":[3,20,28,36],"is_endless":false,"potions_floor_spawned":[5,6,19,21,39,40],"killed_by":"Mind Bloom Boss Battle","ascension_level":0}}