{"host":"byu8oejwd0fdcxn8","time":1608275500,"event":{"mods":["Act Like it!","Arknights The Spire","BaseMod","Custom Start","Friendly Minions","Hermit","Minty Spire (QoL Compilation)","StSLib"],"gold_per_floor":[112,122,140,315,315,315,330,32,58,87,87,122,135,100,100,197,197,214,214,234,234,10,10,10,10,37,37,57,57,57,57],"floor_reached":30,"playtime":1163,"items_purged":[],"score":236,"play_id":"c4a599a7-c38f-4a20-ac70-10a607978422","local_time":"20201218161140","is_ascension_mode":false,"campfire_choices":[{"data":"ats:Dogmatic Field","floor":15,"key":"SMITH"},{"data":"ats:Revitalization","floor":23,"key":"SMITH"},{"data":"ats:Sunburst","floor":27,"key":"SMITH"},{"data":"ats:Assault Order","floor":29,"key":"SMITH"}],"circlet_count":0,"master_deck":["ats:Powerful Strike","ats:Powerful Strike+1","ats:Armor Crushing Shot","ats:Defend Up","ats:Defend Up","ats:Defend Up","ats:Defend Up","ats:Emotion Absorption","ats:Emotion Absorption+1","ats:Poison Spread","ats:Just Like an Apocalypse","ats:Red Shift","ats:Sunburst+1","ats:Assault Order+1","ats:Dogmatic Field+1","ats:Support Order","ats:Shell Defense","ats:Roar Of Ursus","ats:Attack Strengthen","ats:Counter Healing Mode+1","ats:Revitalization+1","ats:Shell Defense"],"relics":["ats:Sanity","ats:Originium","Shuriken","Omamori","Orichalcum","ats:Originium","Mercury Hourglass","Empty Cage","The Courier","Eternal Feather","Bag of Preparation","Lantern"],"acts_visited":["Exordium","TheCity"],"potions_floor_usage":[10,16,20,28,30],"damage_taken":[{"damage":0,"enemies":"2 Louse","floor":1,"turns":4},{"damage":6,"enemies":"Jaw Worm","floor":2,"turns":3},{"damage":0,"enemies":"Small Slimes","floor":3,"turns":3},{"damage":5,"enemies":"Looter","floor":7,"turns":3},{"damage":16,"enemies":"Lagavulin","floor":10,"turns":6},{"damage":29,"enemies":"3 Sentries","floor":12,"turns":9},{"damage":8,"enemies":"3 Louse","floor":13,"turns":3},{"damage":71,"enemies":"Hexaghost","floor":16,"turns":12},{"damage":37,"enemies":"Chosen","floor":18,"turns":7},{"damage":36,"enemies":"Shell Parasite","floor":20,"turns":5},{"damage":60,"enemies":"Snake Plant","floor":28,"turns":6},{"damage":42,"enemies":"Slavers","floor":30,"turns":2}],"seed_played":"9000866160543976530","potions_obtained":[{"floor":3,"key":"Strength Potion"},{"floor":13,"key":"Fire Potion"},{"floor":16,"key":"Dexterity Potion"},{"floor":18,"key":"Swift Potion"},{"floor":20,"key":"PowerPotion"}],"is_trial":false,"path_per_floor":["M","M","M","?","?","R","M","$","T","E","R","E","M","?","R","B",null,"M","?","M","?","$","R","?","?","T","R","M","R","E"],"character_chosen":"DOCTOR_CLASS","items_purchased":["Shuriken","ats:Assault Order","Eternal Feather","ats:Revitalization"],"campfire_rested":0,"item_purchase_floors":[8,8,22,22],"current_hp_per_floor":[79,73,75,75,59,59,56,56,56,44,44,41,35,54,54,37,79,57,42,29,29,29,41,41,41,41,53,24,36,0,0],"gold":57,"neow_bonus":"TEN_PERCENT_HP_BONUS","is_daily":false,"chose_seed":false,"campfire_upgraded":4,"win_rate":0.0,"timestamp":1608275500,"path_taken":["M","M","M","?","?","R","M","$","T","E","R","E","M","?","R","BOSS","M","?","M","?","$","R","?","?","T","R","M","R","E"],"items_purchased_type":["Relic","Card","Relic","Card"],"build_version":"2020-12-13","purchased_purges":0,"victory":false,"max_hp_per_floor":[79,79,79,79,79,79,79,79,79,79,79,79,79,79,79,79,79,79,84,84,84,84,84,84,84,84,84,84,84,84,84],"card_choices":[{"not_picked":["ats:Assault Order","ats:Automatic Cover"],"picked":"ats:Poison Spread","floor":1},{"not_picked":["ats:Thermite Blade","ats:Shadow Raid"],"picked":"ats:Just Like an Apocalypse","floor":2},{"not_picked":["ats:Automatic Cover","ats:Shell Defense"],"picked":"ats:Red Shift","floor":3},{"not_picked":["ats:Neurotoxin","ats:Fate"],"picked":"ats:Sunburst","floor":7},{"not_picked":["ats:Poison Spread","ats:Hook Shot"],"picked":"ats:Dogmatic Field","floor":10},{"not_picked":["ats:Overload","ats:Assault Order"],"picked":"ats:Support Order","floor":12},{"not_picked":["ats:Automatic Cover","ats:Neurotoxin"],"picked":"ats:Shell Defense","floor":13},{"not_picked":["ats:Soul Rend","ats:Durian"],"picked":"ats:Roar Of Ursus","floor":16},{"not_picked":["ats:Cat Scratch","ats:Red Shift"],"picked":"ats:Attack Strengthen","floor":18},{"not_picked":["ats:Attack Strengthen+1","ats:Neurotoxin"],"picked":"ats:Counter Healing Mode+1","floor":20},{"not_picked":["ats:Curse Doll","ats:Red Shift"],"picked":"ats:Shell Defense","floor":28}],"player_experience":1054836,"relics_obtained":[{"floor":6,"key":"ats:Originium"},{"floor":9,"key":"Omamori"},{"floor":10,"key":"Orichalcum"},{"floor":11,"key":"ats:Originium"},{"floor":12,"key":"Mercury Hourglass"},{"floor":26,"key":"Lantern"}],"event_choices":[{"damage_healed":0,"gold_gain":175,"player_choice":"AGREE","damage_taken":0,"max_hp_gain":0,"max_hp_loss":0,"event_name":"Liars Game","floor":4,"gold_loss":0,"cards_obtained":["Doubt"]},{"damage_healed":0,"gold_gain":0,"player_choice":"Entered Light","damage_taken":16,"max_hp_gain":0,"max_hp_loss":0,"event_name":"Shining Light","floor":5,"gold_loss":0,"cards_upgraded":["ats:Emotion Absorption","ats:Powerful Strike"]},{"damage_healed":19,"gold_gain":0,"player_choice":"Healed","damage_taken":0,"max_hp_gain":0,"max_hp_loss":0,"event_name":"The Cleric","floor":14,"gold_loss":35},{"damage_healed":0,"gold_gain":0,"player_choice":"Shed Blood","damage_taken":20,"max_hp_gain":5,"max_hp_loss":0,"event_name":"Forgotten Altar","floor":19,"gold_loss":0},{"damage_healed":0,"gold_gain":0,"player_choice":"Opened","damage_taken":0,"relics_obtained":["The Courier"],"max_hp_gain":0,"max_hp_loss":0,"event_name":"The Mausoleum","floor":21,"gold_loss":0},{"damage_healed":0,"gold_gain":0,"player_choice":"Ignored","damage_taken":0,"max_hp_gain":0,"max_hp_loss":0,"event_name":"Ghosts","floor":24,"gold_loss":0},{"damage_healed":0,"gold_gain":0,"player_choice":"Stole Relic","damage_taken":0,"relics_obtained":["Bag of Preparation"],"max_hp_gain":0,"max_hp_loss":0,"event_name":"Addict","floor":25,"gold_loss":0,"cards_obtained":["Shame"]}],"is_beta":false,"boss_relics":[{"not_picked":["Philosopher\u0027s Stone","Ectoplasm"],"picked":"Empty Cage"}],"items_purged_floors":[],"is_endless":false,"potions_floor_spawned":[3,13,16,18,20],"killed_by":"Slavers","ascension_level":0}}