{"host":"y89x8uui45kcjy42","time":1608273637,"event":{"mods":["2.2 Compatiblity","BaseMod","CapriCore","Colored Map","Colored Powertips","Custom Start","Friendly Minions","Highlight Path","Keyboard Shortcuts","Minty Spire (QoL Compilation)","Relic Stats","Slay the Relics Exporter","StSLib","SuperFastMode","Waifu the Spire"],"gold_per_floor":[111,386,402,421,50,50,0,12,12,23,23,33,33,33,33,33,33],"floor_reached":16,"playtime":367,"items_purged":["Regret","Strike_G"],"score":184,"play_id":"1e92a007-0df2-4cec-9257-500c43320737","local_time":"20201218154037","is_ascension_mode":true,"campfire_choices":[{"data":"Strike_G","floor":6,"key":"PURGE"},{"data":"Strike_G","floor":13,"key":"PURGE"},{"data":"Strike_G","floor":15,"key":"PURGE"}],"circlet_count":0,"master_deck":["AscendersBane","Strike_G","Defend_G","Defend_G","Defend_G","Defend_G","Defend_G","Survivor","Neutralize","Accuracy","Blade Dance","Backflip","Backstab","Cloak And Dagger","Well Laid Plans"],"relics":["Ring of the Snake","Membership Card","Peace Pipe","Pantograph","Matryoshka"],"acts_visited":["Exordium"],"potions_floor_usage":[3,16,16],"damage_taken":[{"damage":0,"enemies":"Small Slimes","floor":1,"turns":4},{"damage":1,"enemies":"Cultist","floor":3,"turns":3},{"damage":7,"enemies":"Jaw Worm","floor":4,"turns":4},{"damage":7,"enemies":"Large Slime","floor":8,"turns":5},{"damage":4,"enemies":"2 Fungi Beasts","floor":10,"turns":3},{"damage":0,"enemies":"3 Louse","floor":12,"turns":4},{"damage":71,"enemies":"Hexaghost","floor":16,"turns":14}],"seed_played":"439511151957385560","potions_obtained":[{"floor":1,"key":"CunningPotion"},{"floor":8,"key":"AttackPotion"},{"floor":10,"key":"Swift Potion"}],"is_trial":false,"path_per_floor":["M","?","M","M","$","R","$","M","T","M","?","M","R","?","R","B"],"character_chosen":"THE_SILENT","items_purchased":["Membership Card","Peace Pipe"],"campfire_rested":0,"item_purchase_floors":[5,5],"current_hp_per_floor":[65,65,64,57,57,57,57,50,50,46,46,46,46,46,46,0,0],"gold":33,"neow_bonus":"TEN_PERCENT_HP_BONUS","is_daily":false,"chose_seed":false,"campfire_upgraded":0,"win_rate":0.0,"timestamp":1608273637,"path_taken":["M","?","M","M","$","R","$","?","T","?","?","M","R","?","R","BOSS"],"items_purchased_type":["Relic","Relic"],"build_version":"2020-12-13","purchased_purges":2,"victory":false,"max_hp_per_floor":[72,72,72,72,72,72,72,72,72,72,72,72,72,72,72,72,72],"relic_stats":{"Peace Pipe":3,"counters":[7,37],"Pantograph":25,"obtain_stats":[{"Peace Pipe":5,"Matryoshka":14,"Pantograph":9,"Membership Card":5,"Ring of the Snake":0},{"Peace Pipe":3,"Matryoshka":6,"Pantograph":4,"Membership Card":3,"Ring of the Snake":0},{"Peace Pipe":11,"Matryoshka":23,"Pantograph":16,"Membership Card":11,"Ring of the Snake":0}],"Ring of the Snake":[14]},"card_choices":[{"not_picked":["Catalyst","Dodge and Roll"],"picked":"Accuracy","floor":1},{"not_picked":["Calculated Gamble","Sucker Punch"],"picked":"Blade Dance","floor":3},{"not_picked":["Quick Slash","Dagger Spray"],"picked":"Backflip","floor":4},{"not_picked":["PiercingWail","Deflect"],"picked":"Backstab","floor":8},{"not_picked":["Bane","Underhanded Strike"],"picked":"Cloak And Dagger","floor":10},{"not_picked":["Crippling Poison","Expertise"],"picked":"Well Laid Plans","floor":12}],"player_experience":502653,"relics_obtained":[{"floor":9,"key":"Pantograph"}],"event_choices":[{"damage_healed":0,"gold_gain":275,"player_choice":"Desecrate","damage_taken":0,"max_hp_gain":0,"max_hp_loss":0,"event_name":"Golden Shrine","floor":2,"gold_loss":0,"cards_obtained":["Regret"]},{"damage_healed":0,"gold_gain":0,"player_choice":"Ignored","damage_taken":0,"max_hp_gain":0,"max_hp_loss":0,"event_name":"Liars Game","floor":11,"gold_loss":0},{"damage_healed":0,"gold_gain":0,"player_choice":"Searched \u00271\u0027 times","damage_taken":0,"relics_obtained":["Matryoshka"],"max_hp_gain":0,"max_hp_loss":0,"event_name":"Dead Adventurer","floor":14,"gold_loss":0}],"is_beta":false,"boss_relics":[],"items_purged_floors":[5,7],"is_endless":false,"potions_floor_spawned":[1,8,10],"killed_by":"Hexaghost","ascension_level":20}}