{"host":"mq7pyadb5kndcn8l","time":1608264083,"event":{"mods":["AchievementEnabler","Act Like it!","Aspiration","BaseMod","Better Altar","Better Match","Better Note","Better Sensory Stone","Better Skull","Better Third Choice","BetterRewards","Block Reminder","CCEM","Challenge The Spire","ChefMod","Colored Map","Colored Powertips","Conspire","Defuse TimeMaze Blight","Dio Mod","Displayed Cursed Tome","Dota2Spire","Downfall","Duelist Mod","Energized Spire","Friendly Minions","GifTheSpireLib","Gremlin Skip","Highlight Path","Hubris","Ironclad Rager","Jedi Mod","Mad Scientist","Marked Mod","Mimic Mod","Minty Spire (QoL Compilation)","Permanent Neow","QueenMod","Quick Restart","Random Character Button","Rare Cards Sparkle","Relic Filter","Relic Sorter","Replay The Spire","Reworked Bosses","Shade Mod","Shop Mod","Spicy Shops","Spikes Relics","StSLib","Stuff the Spire","SuperFastMode","The Blue Laboratory","The Death Knight","The Exalted","The Necromancer","The Poker Player","TheBandit","Thieving Mod","Thrall Mod","Trackpad","Transform Curses","Unceasing Turn Reminder","Wandering Minibosses","vexMod"],"gold_per_floor":[115,151,101,101,116,116,34,34,34,60,14,14,40,140,140,238,238,253,266,110,126,135,168,168,217,217,229,148,181,191,223,223,322,322,332,343,343,354,354,354,382,382,436,468,480,491,507,124,124,124,124,124,15,41,41],"floor_reached":56,"playtime":5223,"items_purged":["Shade:CarefulCut","Shade:Strike_Shade","StuffTheSpire:CuriosityCurse"],"score":2155,"play_id":"f10f88ed-2a6a-4917-a1fd-cf255bf2c42a","local_time":"20201217230123","is_ascension_mode":true,"campfire_choices":[{"data":"Shade:AnimateDead","floor":6,"key":"SMITH"},{"data":"Specialist","floor":8,"key":"SMITH"},{"data":"Shade:FleshToFlesh","floor":12,"key":"SMITH"},{"data":"Shade:Brains","floor":15,"key":"SMITH"},{"data":"Shade:Putrefaction","floor":24,"key":"SMITH"},{"data":"Shade:Brains","floor":32,"key":"SMITH"},{"data":"Shade:Putrefaction","floor":40,"key":"SMITH"},{"floor":42,"key":"RECALL"},{"floor":49,"key":"DIG"},{"data":"Shade:OpenGraves","floor":52,"key":"SMITH"}],"circlet_count":0,"master_deck":["conspire:GhostlyStrike","conspire:GhostlyStrike","conspire:GhostlyStrike","conspire:GhostlyDefend","conspire:GhostlyDefend","conspire:GhostlyDefend","Shade:AnimateDead+1","Shade:AuraOfUnlife","Shade:FleshToFlesh+1","Shade:FuneraryJewels","Shade:FleshLikeOak","Shade:Bite_Shade","Shade:StitchTogether","Specialist+1","Shade:GraveStillness","Shade:GraveStillness","Shade:Brains+1","Shade:DangerousRitual","Shade:Putrefaction+1","Shade:Bonestorm+1","Shade:Brains+1","Shade:Putrefaction+1","Shade:Carnophage","Shade:FleshToFlesh+1","Shade:LoseControl","Shade:OpenGraves+1","Shade:Brains+1","Shade:AuraOfUnlife+1","Shade:AnimateDead+1","Shade:OpenGraves","Shade:OpenGraves"],"relics":["Shade:YorickSkull","Dota2Spire:BladeMail","MerchantsRug","CherryCoatedStake","CCEMRelics:WarHorn","SnailShell","InkBottle","aspiration:ChemicalBlood","CCEMRelics:SpiritsEdge","Gremlin Horn","hubris:CrystalStatue","Rawhide","wanderingMiniBosses:Inkheart","Dota2Spire:EtherealBlade","vexMod:CursedCompass","Replay:Bottled Steam","Bromod:ArcaneMomentum","Blood Vial","vexMod:Dragonfruit","Potion Belt","Bromod:ArcaneAegis","hubris:ToyBattleship","DollysMirror","Dota2Spire:MaskOfMadness"],"acts_visited":["Exordium","TheCity","TheBeyond","TheEnding"],"potions_floor_usage":[10,19,55,55,55],"damage_taken":[{"damage":0,"enemies":"conspire:RoseBush","floor":1,"turns":4},{"damage":0,"enemies":"conspire:MimicChest","floor":2,"turns":8},{"damage":0,"enemies":"2 Louse","floor":5,"turns":3},{"damage":16,"enemies":"Gremlin Nob","floor":10,"turns":5},{"damage":0,"enemies":"Lagavulin","floor":13,"turns":6},{"damage":3,"enemies":"Slime Boss","floor":16,"turns":11},{"damage":6,"enemies":"Chosen","floor":18,"turns":6},{"damage":6,"enemies":"2 Thieves","floor":19,"turns":6},{"damage":3,"enemies":"Snake Plant","floor":21,"turns":4},{"damage":8,"enemies":"Slavers","floor":23,"turns":2},{"damage":12,"enemies":"Centurion and Healer","floor":27,"turns":6},{"damage":3,"enemies":"theDuelist:KaibaA2","floor":29,"turns":5},{"damage":0,"enemies":"Chosen and Byrds","floor":30,"turns":6},{"damage":0,"enemies":"conspire:SneckoGhost","floor":31,"turns":5},{"damage":0,"enemies":"bossMod:newChamp","floor":33,"turns":9},{"damage":0,"enemies":"3 Shapes","floor":35,"turns":3},{"damage":0,"enemies":"Orb Walker","floor":36,"turns":4},{"damage":0,"enemies":"Writhing Mass","floor":38,"turns":5},{"damage":0,"enemies":"R_Hoarder","floor":41,"turns":6},{"damage":0,"enemies":"Nemesis","floor":44,"turns":6},{"damage":2,"enemies":"Spire Growth","floor":45,"turns":4},{"damage":0,"enemies":"Sphere and 2 Shapes","floor":46,"turns":4},{"damage":0,"enemies":"Writhing Mass","floor":47,"turns":5},{"damage":0,"enemies":"Jotaro","floor":50,"turns":7},{"damage":0,"enemies":"Shield and Spear","floor":54,"turns":5},{"damage":6,"enemies":"The Heart","floor":55,"turns":7}],"seed_played":"-6196471009215026728","potions_obtained":[{"floor":1,"key":"Adrenaline Potion"},{"floor":5,"key":"blueLaboratory:FrostheartPotion"},{"floor":18,"key":"AttackPotion"},{"floor":23,"key":"Elixir"},{"floor":27,"key":"Cursed Concoction"},{"floor":27,"key":"LifebloodPotion"},{"floor":31,"key":"Block Potion"},{"floor":54,"key":"sneckomod:MuddlingPotion"}],"is_trial":false,"path_per_floor":["M","?","?","?","M","R","$","R","T","E","$","R","E","?","R","B",null,"M","M","$","M","$","E","R","T","T","M","$","E","M","E","R","B",null,"M","M","?","M","?","R","E","R","T","E","M","M","M","$","R_BF","B",null,"R","$","E","B",null],"character_chosen":"SHADE","items_purchased":["MerchantsRug","Shade:AuraOfUnlife","CherryCoatedStake","CCEMRelics:WarHorn","Shade:FleshToFlesh","Dota2Spire:BladeMail","SnailShell","Shade:FuneraryJewels","Specialist","Shade:GraveStillness","Orrery","hubris:CrystalStatue","CCEMRelics:WrappedPresent","DollysMirror","Shade:OpenGraves","blueLaboratory:RememoryPotion"],"campfire_rested":0,"item_purchase_floors":[0,0,0,0,0,0,0,0,7,11,20,28,48,53,53,53],"current_hp_per_floor":[17,17,17,17,21,21,21,21,21,18,18,18,28,28,28,51,62,64,65,65,62,62,54,54,54,54,59,59,60,65,65,65,65,65,65,65,65,65,65,65,65,65,65,70,70,70,70,70,70,70,70,70,70,70,64],"gold":41,"neow_bonus":"","is_daily":false,"chose_seed":false,"campfire_upgraded":8,"win_rate":0.0,"timestamp":1608264083,"path_taken":["M","?","?","?","M","R","?","R","T","E","$","R","E","?","R","BOSS","M","?","$","M","?","E","R","?","T","M","$","E","M","E","R","BOSS","M","M","?","M","?","R","E","R","T","E","M","M","?","$","R_BF","BOSS","R","$","E","BOSS"],"items_purchased_type":["Relic","Card","Relic","Relic","Card","Relic","Relic","Card","Card","Card","Relic","Relic","Relic","Relic","Card","Potion"],"build_version":"2020-12-13","purchased_purges":3,"victory":true,"max_hp_per_floor":[65,65,65,65,65,65,65,65,65,65,65,65,65,65,65,65,65,65,65,65,65,65,65,65,65,65,65,65,65,65,65,65,65,65,65,65,65,65,65,65,65,65,65,70,70,70,70,70,70,70,70,70,70,70,70],"card_choices":[{"not_picked":["Shade:PoundOfFlesh","Shade:FuneraryArmor"],"picked":"Shade:FleshLikeOak","floor":1},{"not_picked":["Shade:Excise","Shade:GreyBargain"],"picked":"Shade:Bite_Shade","floor":2},{"not_picked":["Shade:Trample","Shade:Asphyxiate"],"picked":"Shade:StitchTogether","floor":5},{"not_picked":["Shade:FreshBones","Shade:DarkOfNight","Shade:CommandSoldier"],"picked":"Shade:GraveStillness","floor":10},{"not_picked":["Shade:FreshBones","Shade:Excise","Shade:SkeletonHug"],"picked":"Shade:Brains","floor":13},{"not_picked":["Shade:AncientSpear","Shade:GreyBargain","Shade:ClawBack","Shade:BoneShards"],"picked":"SKIP","floor":18},{"not_picked":["Shade:Frenzy","Shade:FleshToFlesh","Shade:ClawBack+1"],"picked":"Shade:DangerousRitual","floor":19},{"not_picked":["Shade:RitualOffering","Shade:Bonestorm","Shade:OpenGraves+1"],"picked":"Shade:Putrefaction","floor":20},{"not_picked":["Shade:SkeletonHug+1","Shade:Frenzy+1","Shade:FleshToFlesh"],"picked":"Shade:Bonestorm+1","floor":21},{"not_picked":["Shade:WallOfFlesh","Shade:TouchOfTheGrave","Shade:PoundOfFlesh+1","Shade:ExtraLimbs"],"picked":"SKIP","floor":23},{"not_picked":["Shade:FleshToFlesh","Shade:ClawBack","Shade:FleshLikeOak","Shade:FreshBones+1"],"picked":"SKIP","floor":27},{"not_picked":["Shade:LoseControl","Shade:FleshOffering+1","Shade:Bite_Shade"],"picked":"Shade:Brains","floor":29},{"not_picked":["Shade:CommandSoldier+1","Shade:AncientSpear","Shade:SkeletonHug","Shade:FreshBones"],"picked":"SKIP","floor":30},{"not_picked":["Shade:FuneraryArmor","Shade:Tombstone","Shade:TouchOfTheGrave","Shade:PoundOfFlesh"],"picked":"SKIP","floor":31},{"not_picked":["Shade:LastGasp","Shade:OneIsEnough","Shade:SoulPierce"],"picked":"Shade:Putrefaction","floor":33},{"not_picked":["Shade:ExtraLimbs","Shade:FleshToFlesh","Shade:OpenGraves"],"picked":"Shade:Carnophage","floor":35},{"not_picked":["Shade:SkeletonHug+1","Shade:FeralStrike","Shade:Bite_Shade"],"picked":"Shade:FleshToFlesh+1","floor":36},{"not_picked":["Shade:FreshBones","Shade:GraveStillness","Shade:WallOfFlesh+1","Shade:Awaken+1"],"picked":"SKIP","floor":38},{"not_picked":["Shade:FuneraryArmor","Shade:LyeBath+1","Shade:Bite_Shade","Shade:Excise"],"picked":"SKIP","floor":41},{"not_picked":["Shade:SkeletonHug","Shade:FeralStrike+1","Shade:OneIsEnough"],"picked":"Shade:LoseControl","floor":44},{"not_picked":["Shade:FeralStrike","Shade:FleshOffering+1","Shade:CoffinDance+1"],"picked":"Shade:OpenGraves","floor":45},{"not_picked":["Shade:PotionOfRestlessness","Shade:DangerousRitual","Shade:SpectralStrikes+1"],"picked":"Shade:Brains+1","floor":46},{"not_picked":["Shade:CoffinDance","Shade:ExtraLimbs+1","Shade:ClawBack+1"],"picked":"Shade:AuraOfUnlife+1","floor":47},{"not_picked":["Shade:StitchTogether+1","Shade:DangerousRitual+1"],"picked":"Shade:OpenGraves","floor":54}],"player_experience":863831,"relics_obtained":[{"floor":2,"key":"InkBottle"},{"floor":9,"key":"Question Card"},{"floor":10,"key":"aspiration:ChemicalBlood"},{"floor":13,"key":"CCEMRelics:SpiritsEdge"},{"floor":23,"key":"Meat on the Bone"},{"floor":26,"key":"Gremlin Horn"},{"floor":29,"key":"Rawhide"},{"floor":30,"key":"wanderingMiniBosses:Inkheart"},{"floor":31,"key":"Dota2Spire:EtherealBlade"},{"floor":41,"key":"Bromod:ArcaneMomentum"},{"floor":43,"key":"Blood Vial"},{"floor":44,"key":"vexMod:Dragonfruit"},{"floor":48,"key":"Potion Belt"},{"floor":48,"key":"Bromod:ArcaneAegis"},{"floor":49,"key":"hubris:ToyBattleship"},{"floor":54,"key":"Dota2Spire:MaskOfMadness"}],"event_choices":[{"cards_removed":["Shade:Defend_Shade"],"damage_healed":0,"gold_gain":0,"player_choice":"Card Removal","damage_taken":0,"max_hp_gain":0,"max_hp_loss":0,"event_name":"The Cleric","floor":3,"gold_loss":50},{"damage_healed":0,"gold_gain":0,"player_choice":"Agree","damage_taken":0,"max_hp_gain":0,"max_hp_loss":0,"event_name":"conspire:LoneGhost","floor":4,"gold_loss":0},{"damage_healed":0,"gold_gain":100,"player_choice":"Pray","damage_taken":0,"max_hp_gain":0,"max_hp_loss":0,"event_name":"Golden Shrine","floor":14,"gold_loss":0},{"damage_healed":0,"gold_gain":0,"player_choice":"Bought 0 Potions","damage_taken":0,"max_hp_gain":0,"max_hp_loss":0,"event_name":"The Woman in Blue","floor":39,"gold_loss":0}],"is_beta":false,"boss_relics":[{"not_picked":["Replay:Drink Me","CCEMRelics:TransientCore"],"picked":"vexMod:MegatonBomb"},{"not_picked":["Replay:Wanted Poster","jedi:paperlyon"],"picked":"vexMod:CursedCompass"}],"items_purged_floors":[0,0,48],"is_endless":false,"potions_floor_spawned":[1,5,18,23,27,31,33,35,46,47,54],"ascension_level":6}}