{"host":"1tmagqyeywr2w44t","time":1608257752,"event":{"mods":["2.2 Compatiblity","BaseMod","Colored Powertips","Marisa£¨Ùöéë¡¡Øª×âÞÞ£©","Minty Spire (QoL Compilation)","Rare Cards Sparkle","Replay The Spire","StSLib","SuperFastMode","The Cursed"],"gold_per_floor":[115,115,127,302,124,124,151,169,169,169,99,133,149,168,168,271,271,285,285,304,324,324,353,268,293,363,423,423,449,449,467,467,571,571,585,40,60,80,130,130,161,161,161,161,188,199,232,232,232,232,232,232,11,39,39,39],"floor_reached":55,"playtime":2425,"items_purged":[],"score":1298,"play_id":"bbaaf822-ac1b-4099-b1f0-a4efb8303766","local_time":"20201218111552","is_ascension_mode":true,"campfire_choices":[{"data":"TheCursedMod:CircleOfAmplification","floor":6,"key":"SMITH"},{"data":"Sadistic Nature","floor":10,"key":"SMITH"},{"data":"TheCursedMod:OutForBlood","floor":10,"key":"SMITH"},{"data":"TheCursedMod:CursedBoomerang","floor":15,"key":"SMITH"},{"data":"TheCursedMod:ParallelWorld","floor":15,"key":"SMITH"},{"data":"TheCursedMod:UltimatePain","floor":28,"key":"SMITH"},{"data":"TheCursedMod:Neurasthenia","floor":28,"key":"SMITH"},{"floor":32,"key":"RECALL"},{"floor":40,"key":"REST"},{"floor":42,"key":"REST"},{"floor":49,"key":"REST"},{"floor":52,"key":"REST"}],"circlet_count":0,"master_deck":["TheCursedMod:CleanUpWorkshop","TheCursedMod:Wield","TheCursedMod:CursedSpellbook","TheCursedMod:CursedBoomerang+1","TheCursedMod:BlessingInDisguise","TheCursedMod:SpitefulPlan","TheCursedMod:CircleOfAmplification+1","TheCursedMod:CircleOfAbyss","TheCursedMod:OutForBlood+1","TheCursedMod:UltimatePain+1","TheCursedMod:TroublousMinions","Sickly","TheCursedMod:CircleOfCorruption","Doubt","Sadistic Nature+1","TheCursedMod:ManaBullet","TheCursedMod:LuckyCharm","TheCursedMod:ParallelWorld+1","TheCursedMod:SpitefulPray","TheCursedMod:CursedShiv","TheCursedMod:Neurasthenia+1","TheCursedMod:CursedAmulet","TheCursedMod:EmpowerCircles+1","TheCursedMod:SurpriseAttack+1","TheCursedMod:SpitefulStrike","Madness","Madness","TheCursedMod:CircleOfBlood+1","Mayhem","TheCursedMod:RapidMovement"],"relics":["TheCursedMod:BloodyHarpoon","Ring of Fury","Counterbalance","Replay:Arrowhead","Peace Pipe","SacredBark","Replay:Baseball","StoneCalendar","Omamori","Bottled Lightning","PreservedInsect","Orichalcum","Fusion Hammer","Bottled Tornado","Replay:PocketPolymizer","BranchBurnRelic","InkBottle","Lizard Tail","Gambling Chip","Blue Doll"],"acts_visited":["Exordium","TheCity","TheBeyond","TheEnding"],"potions_floor_usage":[12,13,20,25,50],"damage_taken":[{"damage":11,"enemies":"2 Louse","floor":1,"turns":3},{"damage":4,"enemies":"Small Slimes","floor":3,"turns":2},{"damage":0,"enemies":"Lagavulin","floor":7,"turns":3},{"damage":12,"enemies":"Jaw Worm","floor":8,"turns":2},{"damage":0,"enemies":"3 Sentries","floor":12,"turns":4},{"damage":0,"enemies":"Lots of Slimes","floor":13,"turns":2},{"damage":17,"enemies":"3 Louse","floor":14,"turns":3},{"damage":0,"enemies":"Fading Forest","floor":16,"turns":9},{"damage":2,"enemies":"Shell Parasite","floor":18,"turns":3},{"damage":15,"enemies":"Spheric Guardian","floor":20,"turns":5},{"damage":0,"enemies":"Snecko","floor":21,"turns":3},{"damage":20,"enemies":"Replay:Snechameleon","floor":23,"turns":3},{"damage":0,"enemies":"Book of Stabbing","floor":25,"turns":1},{"damage":20,"enemies":"Slavers","floor":29,"turns":3},{"damage":0,"enemies":"3 Cultists","floor":31,"turns":4},{"damage":0,"enemies":"Champ","floor":33,"turns":5},{"damage":33,"enemies":"3 Darklings","floor":35,"turns":4},{"damage":0,"enemies":"Orb Walker","floor":37,"turns":1},{"damage":0,"enemies":"Sphere and 2 Shapes","floor":38,"turns":3},{"damage":0,"enemies":"Mind Bloom Boss Battle","floor":39,"turns":4},{"damage":36,"enemies":"Nemesis","floor":41,"turns":5},{"damage":22,"enemies":"Reptomancer","floor":45,"turns":4},{"damage":0,"enemies":"Jaw Worm Horde","floor":46,"turns":4},{"damage":3,"enemies":"Nemesis","floor":47,"turns":5},{"damage":7,"enemies":"Replay:Hell Engine","floor":50,"turns":5},{"damage":92,"enemies":"Shield and Spear","floor":54,"turns":4},{"damage":112,"enemies":"The Heart","floor":55,"turns":3}],"seed_played":"-8605142678026638482","potions_obtained":[{"floor":3,"key":"Explosive Potion"},{"floor":8,"key":"Adrenaline Potion"},{"floor":14,"key":"Doom Potion"},{"floor":18,"key":"ColorlessPotion"},{"floor":21,"key":"BlessingOfTheForge"},{"floor":23,"key":"Swift Potion"},{"floor":27,"key":"Energy Potion"},{"floor":37,"key":"Strength Potion"}],"is_trial":false,"path_per_floor":["M","?","M","?","$","R","E","M","T","R","$","E","M","M","R","B",null,"M","?","M","M","?","E","?","E","T","?","R","E","?","M","R","B",null,"M","$","M","M","?","R","E","R","T","?","E","M","E","?","R","B",null,"R","$","E","B"],"character_chosen":"THE_CURSED","items_purchased":["Sadistic Nature","TheCursedMod:LuckyCharm","Dead Branch","Bottled Tornado","Mayhem","Strength Potion"],"campfire_rested":4,"item_purchase_floors":[5,11,36,36,53,53],"current_hp_per_floor":[64,64,60,60,60,60,60,48,48,48,48,48,48,31,31,39,71,69,69,54,54,54,34,34,34,34,34,34,14,14,14,14,14,65,32,32,32,32,32,56,34,58,58,48,38,42,47,39,63,74,80,82,82,9,0,0],"gold":39,"neow_bonus":"TEN_PERCENT_HP_BONUS","is_daily":false,"chose_seed":false,"campfire_upgraded":7,"win_rate":0.0,"timestamp":1608257752,"path_taken":["M","?","M","?","$","R","E","M","T","R","?","E","M","?","R","BOSS","M","?","M","?","?","E","?","E","T","?","R","E","?","M","R","BOSS","M","$","M","M","?","R","E","R","T","?","E","M","E","?","R","BOSS","R","$","E","BOSS"],"items_purchased_type":["Card","Card","Relic","Relic","Card","Potion"],"build_version":"2020-12-13","purchased_purges":0,"victory":false,"max_hp_per_floor":[82,82,82,82,82,82,82,82,82,82,82,82,82,82,82,82,82,82,82,82,82,82,82,82,82,82,82,82,82,82,82,82,82,82,82,82,82,82,82,82,82,82,82,82,82,82,82,82,82,82,82,82,82,82,82,82],"card_choices":[{"not_picked":["TheCursedMod:SpitefulStrike","TheCursedMod:CircleOfFlame"],"picked":"TheCursedMod:TroublousMinions","floor":1},{"not_picked":["TheCursedMod:CursedBlade","TheCursedMod:CursedAmulet"],"picked":"TheCursedMod:CircleOfCorruption","floor":3},{"not_picked":["TheCursedMod:Stretching","TheCursedMod:RapidMovement"],"picked":"TheCursedMod:ManaBullet","floor":7},{"not_picked":["TheCursedMod:DoubleShield","TheCursedMod:SpitefulPlan","TheCursedMod:CursedBoomerang"],"picked":"SKIP","floor":8},{"not_picked":["TheCursedMod:RavingStaff","TheCursedMod:Obscuration"],"picked":"TheCursedMod:ParallelWorld","floor":12},{"not_picked":["TheCursedMod:Obscuration","TheCursedMod:RavingStaff","TheCursedMod:ManaBullet"],"picked":"SKIP","floor":13},{"not_picked":["TheCursedMod:BlessingInDisguise","TheCursedMod:WearCloak","TheCursedMod:VitalStrike"],"picked":"SKIP","floor":14},{"not_picked":["TheCursedMod:CircleOfFlame","TheCursedMod:Stretching","TheCursedMod:SoulCrush+1"],"picked":"SKIP","floor":18},{"not_picked":["TheCursedMod:RavingStaff+1","TheCursedMod:CircleOfCorruption","TheCursedMod:SaltUponWound"],"picked":"SKIP","floor":20},{"not_picked":["TheCursedMod:SpreadPlague","TheCursedMod:Stigma"],"picked":"TheCursedMod:SpitefulPray","floor":21},{"not_picked":["TheCursedMod:SpitefulStrike","TheCursedMod:CursedStaff+1","TheCursedMod:CircleOfCorruption"],"picked":"SKIP","floor":23},{"not_picked":["TheCursedMod:CursedArmor","TheCursedMod:BlessingInDisguise"],"picked":"TheCursedMod:Neurasthenia","floor":25},{"not_picked":["TheCursedMod:Stigma","TheCursedMod:CircleOfFlame"],"picked":"TheCursedMod:CursedAmulet","floor":27},{"not_picked":["TheCursedMod:SaltUponWound","TheCursedMod:Obscuration"],"picked":"TheCursedMod:HellfireBreathing","floor":29},{"not_picked":["TheCursedMod:FleshFromBone","TheCursedMod:RapidMovement","TheCursedMod:Wield"],"picked":"SKIP","floor":31},{"not_picked":["TheCursedMod:Stigma","TheCursedMod:CircleOfCorruption"],"picked":"TheCursedMod:EmpowerCircles+1","floor":35},{"not_picked":["TheCursedMod:CursedShiv","TheCursedMod:BlessingInDisguise+1","TheCursedMod:CursedBlade+1"],"picked":"SKIP","floor":37},{"not_picked":["TheCursedMod:CursedBlade+1","TheCursedMod:BlessingInDisguise+1","TheCursedMod:SpreadPlague"],"picked":"SKIP","floor":38},{"not_picked":["TheCursedMod:VitalStrike+1","TheCursedMod:CursedBoomerang+1"],"picked":"TheCursedMod:SurpriseAttack+1","floor":39},{"not_picked":["TheCursedMod:Neurasthenia","TheCursedMod:Stretching"],"picked":"TheCursedMod:SpitefulStrike","floor":41},{"not_picked":["TheCursedMod:Stigma","TheCursedMod:SpitefulStrike+1"],"picked":"TheCursedMod:CircleOfBlood+1","floor":45},{"not_picked":["TheCursedMod:CircleOfFlame","TheCursedMod:Mangle+1","TheCursedMod:SpreadPlague"],"picked":"SKIP","floor":46},{"not_picked":["TheCursedMod:ReleasedStrength+1","TheCursedMod:SurpriseAttack","TheCursedMod:FleshFromBone+1"],"picked":"SKIP","floor":47},{"not_picked":["TheCursedMod:SmokeScreen+1","TheCursedMod:PrepareRite+1"],"picked":"TheCursedMod:RapidMovement","floor":54}],"player_experience":166791,"relics_obtained":[{"floor":2,"key":"Ring of Fury"},{"floor":7,"key":"Counterbalance"},{"floor":9,"key":"Replay:Arrowhead"},{"floor":12,"key":"Peace Pipe"},{"floor":23,"key":"Replay:Baseball"},{"floor":25,"key":"Omamori"},{"floor":26,"key":"Bottled Lightning"},{"floor":27,"key":"PreservedInsect"},{"floor":29,"key":"Orichalcum"},{"floor":39,"key":"Replay:PocketPolymizer"},{"floor":41,"key":"InkBottle"},{"floor":45,"key":"Lizard Tail"},{"floor":47,"key":"Gambling Chip"},{"floor":54,"key":"Blue Doll"}],"event_choices":[{"damage_healed":0,"gold_gain":175,"player_choice":"AGREE","damage_taken":0,"max_hp_gain":0,"max_hp_loss":0,"event_name":"Liars Game","floor":4,"gold_loss":0,"cards_obtained":["Doubt"]},{"damage_healed":0,"gold_gain":0,"player_choice":"Ignored","damage_taken":0,"max_hp_gain":0,"max_hp_loss":0,"event_name":"Fountain of Cleansing","floor":19,"gold_loss":0},{"damage_healed":0,"gold_gain":0,"player_choice":"Read","damage_taken":0,"max_hp_gain":0,"max_hp_loss":0,"event_name":"The Library","floor":22,"gold_loss":0,"cards_obtained":["TheCursedMod:CursedShiv"]},{"damage_healed":0,"gold_gain":0,"player_choice":"Obtained Relic","damage_taken":0,"relics_obtained":["StoneCalendar"],"max_hp_gain":0,"max_hp_loss":0,"event_name":"Addict","floor":24,"gold_loss":85},{"cards_removed":["TheCursedMod:HellfireBreathing"],"damage_healed":0,"gold_gain":0,"player_choice":"Card Removal","damage_taken":0,"max_hp_gain":0,"max_hp_loss":0,"event_name":"Wheel of Change","floor":30,"gold_loss":0},{"damage_healed":0,"gold_gain":0,"player_choice":"Fight","damage_taken":0,"max_hp_gain":0,"max_hp_loss":0,"event_name":"MindBloom","floor":39,"gold_loss":0},{"damage_healed":0,"gold_gain":0,"player_choice":"Embrace Madness","damage_taken":10,"max_hp_gain":0,"max_hp_loss":0,"event_name":"Winding Halls","floor":44,"gold_loss":0,"cards_obtained":["Madness","Madness"]},{"damage_healed":0,"gold_gain":0,"player_choice":"Damaged","damage_taken":8,"max_hp_gain":0,"max_hp_loss":0,"event_name":"Wheel of Change","floor":48,"gold_loss":0}],"is_beta":false,"boss_relics":[{"not_picked":["Pandora\u0027s Box","Kintsugi"],"picked":"SacredBark"},{"not_picked":["Astrolabe","TheCursedMod:FourLeafCloverCharm"],"picked":"Fusion Hammer"}],"items_purged_floors":[],"is_endless":false,"potions_floor_spawned":[3,8,14,18,21,23,29,37,39,45,46],"killed_by":"The Heart","ascension_level":11}}