{"host":"i9wanet4r0ff4t9y","time":1608296314,"event":{"mods":["2.2 Compatiblity","Act Like it!","BaseMod","Bestiary","Better Altar","Better Match","Better Note","Better Sensory Stone","Better Skull","Better Third Choice","Better Vampires","BetterRewards","CapriCore","Curses Come First","Downfall","Minty Spire (QoL Compilation)","Quick Restart","READ ME - Guardian Mod","READ ME - Snecko Mod","Relic Stats","Replay The Spire","Say the Spire","Spicy Shops","StSLib","The Disciple","Waifu the Spire"],"gold_per_floor":[0,0,175,266,278,288,312,328,1,1,151,163,182,20,39,134,134,134,151,151,251,251,251],"floor_reached":22,"playtime":1247,"items_purged":[],"score":174,"play_id":"481e01dd-a20d-436b-a574-9e75b8fabde0","local_time":"20201218135834","is_ascension_mode":false,"campfire_choices":[{"data":"hexamod:Float","floor":1,"key":"SMITH"},{"data":"Magnetism","floor":10,"key":"SMITH"},{"data":"hexamod:GhostOfSpirePresent","floor":18,"key":"SMITH"}],"circlet_count":0,"master_deck":["hexamod:Strike","hexamod:Strike","hexamod:Strike","hexamod:Strike","hexamod:Defend","hexamod:Defend","hexamod:Defend","hexamod:Defend","hexamod:Sear","hexamod:Float+1","hexamod:FirstSeal","Doubt","hexamod:RadiantFlame","hexamod:NightmareStrike","hexamod:RadiantFlame","hexamod:SwordOfDarkness","hexamod:RadiantFlame","hexamod:GhostLash","Magnetism+1","expansioncontent:DonusPower","hexamod:ThermalTransfer","hexamod:EmpoweredFlame","hexamod:GhostOfSpirePresent+1","hexamod:TurnItUp","hexamod:RainOfEmbers","hexamod:FifthSeal","CurseOfTheBell","hexamod:NecessarySacrifice+1","A Thousand Cuts+1","hexamod:FastForward"],"relics":["hexamod:SpiritBrand","Turnip","Toy Ornithopter","Lee\u0027s Waffle","Calling Bell","Tiny Chest","Kunai","hexamod:SoulConsumer","Replay:Arrowhead","Divine Protection"],"acts_visited":["Exordium","TheCity"],"potions_floor_usage":[16,21,21,21],"damage_taken":[{"damage":6,"enemies":"Cultist","floor":5,"turns":4},{"damage":0,"enemies":"Small Slimes","floor":6,"turns":3},{"damage":0,"enemies":"2 Louse","floor":8,"turns":2},{"damage":0,"enemies":"downfall:FleeingMerchant","floor":9,"turns":4},{"damage":6,"enemies":"2 Fungi Beasts","floor":12,"turns":4},{"damage":19,"enemies":"Exordium Thugs","floor":13,"turns":5},{"damage":15,"enemies":"downfall:FleeingMerchant","floor":14,"turns":4},{"damage":15,"enemies":"Red Slaver","floor":15,"turns":5},{"damage":31,"enemies":"downfall:Watcher","floor":16,"turns":8},{"damage":17,"enemies":"Spheric Guardian","floor":19,"turns":6},{"damage":72,"enemies":"downfall:Defect","floor":21,"turns":6},{"damage":17,"enemies":"downfall:Augmenter","floor":22,"turns":2}],"seed_played":"-5950200118457951625","potions_obtained":[{"floor":6,"key":"Strength Potion"},{"floor":15,"key":"Fire Potion"},{"floor":16,"key":"champ:CounterPotion"},{"floor":19,"key":"Toxic Potion"}],"is_trial":false,"path_per_floor":["R","?","?","?","M","M","T","M","$","R","?","M","M","$","M","B",null,"R","M","?","?","?"],"character_chosen":"THE_SPIRIT","items_purchased":["Magnetism","expansioncontent:DonusPower","hexamod:ThermalTransfer","Lee\u0027s Waffle"],"campfire_rested":0,"item_purchase_floors":[9,9,9,14],"current_hp_per_floor":[70,63,63,46,47,54,54,54,61,61,61,62,50,77,69,43,77,77,67,67,17,0,0],"gold":251,"neow_bonus":"ONE_RARE_RELIC","is_daily":false,"chose_seed":false,"campfire_upgraded":3,"win_rate":0.0,"timestamp":1608296314,"path_taken":["R","?","?","?","M","?","T","M","?","R","?","?","M","$","M","BOSS","R","M","?","?","?"],"items_purchased_type":["Card","Card","Card","Relic"],"build_version":"2020-12-13","purchased_purges":0,"victory":false,"max_hp_per_floor":[70,70,70,70,70,70,70,70,70,70,70,70,70,77,77,77,77,77,77,77,77,77,77],"relic_stats":{"Lee\u0027s Waffle":35,"counters":[12,53],"Tiny Chest":0,"Turnip":[8],"Kunai":[0],"obtain_stats":[{"Calling Bell":17,"Divine Protection":21,"Replay:Baseball":7,"Lee\u0027s Waffle":14,"Tiny Chest":17,"Turnip":0,"Kunai":17,"hexamod:SoulConsumer":17,"hexamod:SpiritBrand":0,"Toy Ornithopter":4,"Replay:Arrowhead":21},{"Calling Bell":9,"Divine Protection":11,"Replay:Baseball":2,"Lee\u0027s Waffle":7,"Tiny Chest":9,"Turnip":0,"Kunai":9,"hexamod:SoulConsumer":9,"hexamod:SpiritBrand":0,"Toy Ornithopter":0,"Replay:Arrowhead":11},{"Calling Bell":39,"Divine Protection":51,"Replay:Baseball":7,"Lee\u0027s Waffle":26,"Tiny Chest":39,"Turnip":0,"Kunai":39,"hexamod:SoulConsumer":39,"hexamod:SpiritBrand":0,"Toy Ornithopter":0,"Replay:Arrowhead":51}],"Toy Ornithopter":20},"card_choices":[{"not_picked":["hexamod:SpectersWail","hexamod:FastForward"],"picked":"hexamod:RadiantFlame","floor":4},{"not_picked":["hexamod:ShieldOfDarkness","hexamod:SpectralAdrenaline"],"picked":"hexamod:NightmareStrike","floor":4},{"not_picked":["hexamod:AdvancingGuard","hexamod:ShieldOfDarkness"],"picked":"hexamod:RadiantFlame","floor":5},{"not_picked":["hexamod:SpectersWail","hexamod:Hexaguard"],"picked":"hexamod:SwordOfDarkness","floor":6},{"not_picked":["hexamod:ThermalTransfer","hexamod:BacktrackSmack"],"picked":"hexamod:RadiantFlame","floor":8},{"not_picked":["hexamod:Hexaguard","hexamod:BacktrackSmack"],"picked":"hexamod:GhostLash","floor":9},{"not_picked":["hexamod:RainOfEmbers","hexamod:SpectralAdrenaline"],"picked":"hexamod:EmpoweredFlame","floor":12},{"not_picked":["hexamod:NightmareStrike","hexamod:HauntingEcho"],"picked":"hexamod:GhostOfSpirePresent","floor":13},{"not_picked":["hexamod:GhostOfSpirePresent","hexamod:SwordOfDarkness"],"picked":"hexamod:TurnItUp","floor":14},{"not_picked":["hexamod:FastForward","hexamod:SpectersWail"],"picked":"hexamod:RainOfEmbers","floor":15},{"not_picked":["hexamod:HexaLevel","hexamod:UnleashSpirits"],"picked":"hexamod:FifthSeal","floor":16},{"not_picked":["hexamod:EtherealExpedition","hexamod:Hexaguard"],"picked":"hexamod:NecessarySacrifice+1","floor":19},{"not_picked":["hexamod:SpectersWail","hexamod:RecurringNightmare"],"picked":"hexamod:FastForward","floor":21}],"player_experience":368849,"relics_obtained":[{"floor":4,"key":"Toy Ornithopter"},{"floor":7,"key":"Replay:Baseball"},{"floor":17,"key":"Tiny Chest"},{"floor":17,"key":"Kunai"},{"floor":17,"key":"hexamod:SoulConsumer"},{"floor":21,"key":"Replay:Arrowhead"},{"floor":21,"key":"Divine Protection"}],"event_choices":[{"cards_removed":["Magnetism"],"damage_healed":0,"gold_gain":0,"player_choice":"Take \u0026 Give","damage_taken":0,"max_hp_gain":0,"max_hp_loss":0,"event_name":"betterNote:BetterNote","floor":20,"gold_loss":0,"cards_obtained":["A Thousand Cuts"]}],"is_beta":false,"boss_relics":[{"not_picked":["Replay:Ancient Bell","Coffee Dripper"],"picked":"Calling Bell"}],"items_purged_floors":[],"is_endless":false,"potions_floor_spawned":[6,15,16,19],"killed_by":"downfall:Augmenter","ascension_level":0}}