{"host":"no0bdlpxzp7bzzks","time":1608256422,"event":{"mods":["BaseMod","Better Match","Block Reminder","Colored Map","Curses Come First","DeckTracker","Downfall","Duelist Mod","Filter the Spire","Highlight Path","Jedi Mod","Jorbs\u0027s Wanderer Trilogy","Key Reminder","Minty Spire (QoL Compilation)","Permanent Neow","Relic Sorter","Relic Stats","Replay The Spire","StSLib","The Construct"],"gold_per_floor":[113,113,113,113,132,132,153,198,198,211,234,234,274,45,45,45,45],"floor_reached":16,"playtime":1564,"items_purged":["stsjorbsmod:Strike_Wanderer"],"score":94,"play_id":"e1c61008-8c11-4bf5-b81a-0d0b0b40201e","local_time":"20201217195342","is_ascension_mode":false,"campfire_choices":[{"data":"stsjorbsmod:IvoryTower","floor":6.0,"key":"SMITH"},{"data":"stsjorbsmod:Aid","floor":15.0,"key":"SMITH"}],"circlet_count":0,"master_deck":["stsjorbsmod:Strike_Wanderer","stsjorbsmod:Strike_Wanderer","stsjorbsmod:Strike_Wanderer","stsjorbsmod:Defend_Wanderer","stsjorbsmod:Defend_Wanderer","stsjorbsmod:Defend_Wanderer","stsjorbsmod:Defend_Wanderer","stsjorbsmod:FreshAdventure","stsjorbsmod:EyeOfTheStorm","stsjorbsmod:IvoryTower+1","stsjorbsmod:Firebolt","stsjorbsmod:ForbiddenGrimoire+1","stsjorbsmod:WanderingMind","stsjorbsmod:Aid+1","stsjorbsmod:TrueStrike","stsjorbsmod:Entangle","stsjorbsmod:FlameWard","stsjorbsmod:TinyHut","stsjorbsmod:EyeOfTheStorm"],"relics":["stsjorbsmod:GrimoireRelic","Golden Idol","Replay:Accelerometer","DollysMirror"],"acts_visited":["Exordium"],"potions_floor_usage":[],"damage_taken":[{"damage":9.0,"enemies":"Small Slimes","floor":1.0,"turns":7.0},{"damage":28.0,"enemies":"Jaw Worm","floor":5.0,"turns":7.0},{"damage":0.0,"enemies":"2 Louse","floor":7.0,"turns":2.0},{"damage":10.0,"enemies":"Lots of Slimes","floor":8.0,"turns":5.0},{"damage":9.0,"enemies":"Exordium Wildlife","floor":10.0,"turns":5.0},{"damage":2.0,"enemies":"Looter","floor":11.0,"turns":3.0},{"damage":2.0,"enemies":"2 Fungi Beasts","floor":13.0,"turns":4.0},{"damage":38,"enemies":"Fading Forest","floor":16,"turns":10}],"seed_played":"8829481809823712508","potions_obtained":[{"floor":5.0,"key":"stsjorbsmod:BurningPotion"},{"floor":8.0,"key":"Explosive Potion"},{"floor":10.0,"key":"stsjorbsmod:LiquidClarity"},{"floor":11.0,"key":"LiquidMemories"}],"is_trial":false,"path_per_floor":["M","?","?","?","M","R","M","M","T","M","M","?","M","$","R","B"],"character_chosen":"WANDERER","items_purchased":["DollysMirror"],"campfire_rested":0,"item_purchase_floors":[14],"current_hp_per_floor":[53,53,53,58,30,30,31,24,24,21,20,20,21,21,21,0,0],"gold":45,"neow_bonus":"THREE_RARE_CARDS","is_daily":false,"chose_seed":false,"campfire_upgraded":2,"win_rate":0.0,"timestamp":1608256422,"path_taken":["M","?","?","?","M","R","M","?","T","M","M","?","?","$","R","BOSS"],"items_purchased_type":["Relic"],"build_version":"2020-12-13","purchased_purges":1,"victory":false,"max_hp_per_floor":[62,58,58,63,63,63,63,63,63,67,67,67,67,67,67,67,67],"relic_stats":{"counters":[8,43],"Golden Idol":25,"obtain_stats":[{"Replay:Accelerometer":9,"Golden Idol":2,"DollysMirror":14,"stsjorbsmod:GrimoireRelic":0},{"Replay:Accelerometer":4,"Golden Idol":1,"DollysMirror":7,"stsjorbsmod:GrimoireRelic":0},{"Replay:Accelerometer":21,"Golden Idol":7,"DollysMirror":33,"stsjorbsmod:GrimoireRelic":0}]},"card_choices":[{"not_picked":["stsjorbsmod:Pyromancy","stsjorbsmod:Fear"],"picked":"stsjorbsmod:IvoryTower","floor":0.0},{"not_picked":["stsjorbsmod:Index","stsjorbsmod:ScorchingRay"],"picked":"stsjorbsmod:Firebolt","floor":1.0},{"not_picked":["stsjorbsmod:WeightOfMemory","stsjorbsmod:Patron"],"picked":"stsjorbsmod:WanderingMind","floor":5.0},{"not_picked":["stsjorbsmod:DoubleCheck","stsjorbsmod:BurningFlask"],"picked":"stsjorbsmod:Aid","floor":7.0},{"not_picked":["stsjorbsmod:BlackTentacles","stsjorbsmod:RayOfFrost"],"picked":"stsjorbsmod:TrueStrike","floor":8.0},{"not_picked":["stsjorbsmod:Inferno","stsjorbsmod:Mania"],"picked":"stsjorbsmod:Entangle","floor":10.0},{"not_picked":["stsjorbsmod:Prepare","stsjorbsmod:Firebolt"],"picked":"stsjorbsmod:FlameWard","floor":11.0},{"not_picked":["stsjorbsmod:Message","stsjorbsmod:Prepare"],"picked":"stsjorbsmod:TinyHut","floor":13.0}],"player_experience":136452,"relics_obtained":[{"floor":9.0,"key":"Replay:Accelerometer"}],"event_choices":[{"damage_healed":0.0,"max_hp_gain":0.0,"max_hp_loss":4.0,"gold_gain":0.0,"event_name":"Golden Idol","player_choice":"Lose Max HP","floor":2.0,"gold_loss":0.0,"damage_taken":0.0,"relics_obtained":["Golden Idol"]},{"damage_healed":0.0,"max_hp_gain":5.0,"max_hp_loss":0.0,"gold_gain":0.0,"event_name":"Big Fish","player_choice":"Donut","floor":4.0,"gold_loss":0.0,"damage_taken":0.0},{"damage_healed":0.0,"max_hp_gain":0.0,"max_hp_loss":0.0,"gold_gain":0.0,"event_name":"The Woman in Blue","player_choice":"Bought 0 Potions","floor":12.0,"gold_loss":0.0,"damage_taken":0.0}],"is_beta":false,"boss_relics":[],"items_purged_floors":[14],"is_endless":false,"potions_floor_spawned":[5,8,10,11],"killed_by":"Fading Forest","ascension_level":0}}