{"host":"ieyuautd1s8ltypj","time":1608292078,"event":{"mods":["Act Like it!","BaseMod","Colored Powertips","Downfall","Friendly Minions","Gensokyo","Infinite Spire","Koishi","Marisa????????","Minty Spire (QoL Compilation)","Reimu??????","Remilia??????","Replay The Spire","StSLib","The Servant 0.9.4","Youmu??????"],"gold_per_floor":[117,117,131,131,151,151,175,175,249,249,249,265,117,117,117,247,247,272,285,285,299,299,338,357,357,357,212,230,5,44,44,44,44,44],"floor_reached":33,"playtime":2827,"items_purged":[],"score":275,"play_id":"a6cd783c-f31b-4762-8c4f-ec78d453765c","local_time":"20201218224758","is_ascension_mode":false,"campfire_choices":[{"floor":6,"key":"REST"},{"data":"HeartBreak","floor":8,"key":"SMITH"},{"data":"FitfulNightmare","floor":11,"key":"SMITH"},{"data":"ScarletShoot","floor":15,"key":"SMITH"},{"data":"BombardNight","floor":25,"key":"SMITH"}],"circlet_count":0,"master_deck":["Strike_RM+1","Strike_RM+1","Strike_RM+1","Strike_RM+1","Defend_RM+1","Defend_RM+1","Defend_RM+1","Defend_RM+1","RedMoon","ScarletShoot+1","BombardNight+1","RedRainbow","FitfulNightmare+1","HeartBreak+1","VampirishNight","ScarletCoffin","RedRainbow","CharismaGuard","EmergencyRegeneration","infinitespire:TheBestDefense","EternalNight","BombardNight+1","ReplayTheSpireMod:Faulty Equipment","MiserableFate"],"relics":["ScarletHat","Golden Idol","Replay:Bottled Flurry","Mummified Hand","Replay:Baseball","RuthlessExorcism:ReiMu","Cursed Key","InkBottle","Incense Burner","Happy Flower","OrangePellets","Medical Kit","Chameleon Ring"],"acts_visited":["Exordium","TheCity"],"potions_floor_usage":[30,33,33],"damage_taken":[{"damage":0,"enemies":"2 Louse","floor":1,"turns":3},{"damage":0,"enemies":"Jaw Worm","floor":3,"turns":6},{"damage":0,"enemies":"Cultist","floor":5,"turns":2},{"damage":0,"enemies":"Looter","floor":7,"turns":3},{"damage":3,"enemies":"Blue Slaver","floor":12,"turns":3},{"damage":3,"enemies":"Slime Boss","floor":16,"turns":13},{"damage":1,"enemies":"3 Byrds","floor":18,"turns":4},{"damage":0,"enemies":"Shell Parasite","floor":19,"turns":3},{"damage":9,"enemies":"Centurion and Healer","floor":21,"turns":6},{"damage":12,"enemies":"Nightmare","floor":23,"turns":9},{"damage":4,"enemies":"Shelled Parasite and Fungi","floor":24,"turns":3},{"damage":0,"enemies":"Cultist and Chosen","floor":28,"turns":4},{"damage":1,"enemies":"Replay:Snechameleon","floor":30,"turns":6},{"damage":92,"enemies":"Collector","floor":33,"turns":12}],"seed_played":"1749302732431321799","potions_obtained":[{"floor":3,"key":"SkillPotion"},{"floor":18,"key":"Elixir"},{"floor":18,"key":"LiquidMemories"},{"floor":19,"key":"Weak Potion"},{"floor":32,"key":"champ:CounterPotion"}],"is_trial":false,"path_per_floor":["M","?","M","?","M","R","M","R","T","T","R","M","$","?","R","B",null,"M","M","?","M","?","NM","M","R","T","$","M","$","E","$","R","B"],"character_chosen":"REMILIA","items_purchased":["Replay:Baseball","OrangePellets","Medical Kit","MiserableFate"],"campfire_rested":1,"item_purchase_floors":[13,27,29,29],"current_hp_per_floor":[82,62,64,64,64,82,82,82,82,82,82,80,80,68,68,74,82,81,81,81,77,77,76,79,79,79,79,82,82,81,81,81,0,0],"gold":44,"neow_bonus":"TEN_PERCENT_HP_BONUS","is_daily":false,"chose_seed":false,"campfire_upgraded":4,"win_rate":0.0,"timestamp":1608292078,"path_taken":["M","?","M","?","M","R","M","R","T","?","R","?","$","?","R","BOSS","M","M","?","M","?","NM","M","R","T","?","M","$","E","$","R","BOSS"],"items_purchased_type":["Relic","Relic","Relic","Card"],"build_version":"2020-12-13","purchased_purges":0,"victory":false,"max_hp_per_floor":[82,82,82,82,82,82,82,82,82,82,82,82,82,82,82,82,82,82,82,82,82,82,82,82,82,82,82,82,82,82,82,82,82,82],"card_choices":[{"not_picked":["DiffusionOfMisfortune","ScarletDevil"],"picked":"BombardNight","floor":1},{"not_picked":["BlasphemousPunishment","ScarletGensokyo"],"picked":"RedRainbow","floor":3},{"not_picked":["FavorOfDestiny","EndlessAdversity"],"picked":"FitfulNightmare","floor":5},{"not_picked":["UnstableMagic","ScarletImprint"],"picked":"HeartBreak","floor":7},{"not_picked":["BombardNight","UnderTheZenith"],"picked":"VampirishNight","floor":12},{"not_picked":["BatForm","CeilingFear"],"picked":"ScarletCoffin","floor":16},{"not_picked":["DevilSight","BloodHunter"],"picked":"RedRainbow","floor":18},{"not_picked":["BloodHunter","ScarletDevil"],"picked":"CharismaGuard","floor":19},{"not_picked":["Stigmanizer","BloodyTrap"],"picked":"EmergencyRegeneration","floor":21},{"not_picked":["infinitespire:NeuralNetwork","infinitespire:Punishment"],"picked":"infinitespire:TheBestDefense","floor":23},{"not_picked":["StarOfDavid","BloodyTrap"],"picked":"EternalNight","floor":23},{"not_picked":["StarOfDavid","FavorOfDestiny"],"picked":"BombardNight","floor":24},{"not_picked":["ReincarnationDial","BloodyTrap","UnstableMagic"],"picked":"SKIP","floor":28},{"not_picked":["CurseOfVladTepes","ScarletGensokyo+1","VampireClaw"],"picked":"SKIP","floor":30}],"player_experience":98677,"relics_obtained":[{"floor":9,"key":"Replay:Bottled Flurry"},{"floor":10,"key":"Mummified Hand"},{"floor":23,"key":"InkBottle"},{"floor":23,"key":"Incense Burner"},{"floor":26,"key":"Happy Flower"},{"floor":30,"key":"Chameleon Ring"}],"event_choices":[{"damage_healed":0,"gold_gain":0,"player_choice":"Take Damage","damage_taken":20,"relics_obtained":["Golden Idol"],"max_hp_gain":0,"max_hp_loss":0,"event_name":"Golden Idol","floor":2,"gold_loss":0},{"damage_healed":0,"gold_gain":0,"player_choice":"Success","damage_taken":12,"relics_obtained":["RuthlessExorcism:ReiMu"],"max_hp_gain":0,"max_hp_loss":0,"event_name":"Scrap Ooze","floor":14,"gold_loss":0},{"damage_healed":0,"gold_gain":0,"player_choice":"Simplicity","damage_taken":0,"max_hp_gain":0,"max_hp_loss":0,"event_name":"Back to Basics","floor":22,"gold_loss":0,"cards_upgraded":["Strike_RM","Strike_RM","Strike_RM","Strike_RM","Defend_RM","Defend_RM","Defend_RM","Defend_RM"]}],"is_beta":false,"boss_relics":[{"not_picked":["infinitespire:Cupcake","Tiny House"],"picked":"Cursed Key"}],"items_purged_floors":[],"is_endless":true,"potions_floor_spawned":[3,18,19],"killed_by":"Collector","ascension_level":0}}