{"host":"3srbdas3e7jgqz5l","time":1608297947,"event":{"mods":["BaseMod","Downfall","Minty Spire (QoL Compilation)","StSLib"],"gold_per_floor":[110,185,185,205,219,219,233,233,233,268,268,218,251,261,261,365,365,385,235,235,235,251,265,281,281,304,316,278,324,336,376,388,400,400],"floor_reached":33,"playtime":1312,"items_purged":["Strike_R"],"score":469,"play_id":"ab330bb8-468d-4bfc-a549-a01517ec3621","local_time":"20201218132547","daily_mods":["Green Cards","Heirloom"],"is_ascension_mode":true,"campfire_choices":[{"data":"1","floor":6.0,"key":"LIFT"},{"data":"2","floor":8.0,"key":"LIFT"},{"floor":11.0,"key":"REST"},{"data":"3","floor":15.0,"key":"LIFT"},{"data":"Footwork","floor":25,"key":"SMITH"},{"data":"Whirlwind","floor":27,"key":"SMITH"},{"floor":30,"key":"REST"},{"floor":32,"key":"REST"}],"circlet_count":0,"master_deck":["AscendersBane","Strike_R","Strike_R+1","Strike_R","Defend_R","Defend_R+1","Defend_R","Defend_R","Bash","Finisher","Heavy Blade","Pummel","Combust","Footwork+1","Whirlwind+1","Crippling Poison","Die Die Die","Deflect","Flame Barrier","Deadly Poison","Dodge and Roll","Well Laid Plans","PiercingWail"],"relics":["Burning Blood","Girya","Nunchaku","Darkstone Periapt","Matryoshka","Philosopher\u0027s Stone","Mango","Du-Vu Doll","Smiling Mask","MawBank","Bottled Tornado","PreservedInsect"],"acts_visited":["Exordium","TheCity"],"potions_floor_usage":[24],"damage_taken":[{"damage":6.0,"enemies":"2 Louse","floor":1.0,"turns":3.0},{"damage":2.0,"enemies":"Jaw Worm","floor":4.0,"turns":3.0},{"damage":2.0,"enemies":"Small Slimes","floor":5.0,"turns":4.0},{"damage":6.0,"enemies":"Looter","floor":7.0,"turns":3.0},{"damage":23.0,"enemies":"3 Sentries","floor":10.0,"turns":6.0},{"damage":8.0,"enemies":"Gremlin Nob","floor":13.0,"turns":3.0},{"damage":1.0,"enemies":"3 Louse","floor":14.0,"turns":2.0},{"damage":59.0,"enemies":"Hexaghost","floor":16.0,"turns":11.0},{"damage":15,"enemies":"3 Byrds","floor":18,"turns":3},{"damage":0,"enemies":"Chosen","floor":22,"turns":4},{"damage":5,"enemies":"Snecko","floor":23,"turns":3},{"damage":9,"enemies":"Shelled Parasite and Fungi","floor":24,"turns":4},{"damage":49,"enemies":"Book of Stabbing","floor":29,"turns":7},{"damage":47,"enemies":"Slavers","floor":31,"turns":4},{"damage":48,"enemies":"Collector","floor":33,"turns":9}],"seed_played":"2118564953702770580","potions_obtained":[{"floor":4.0,"key":"DuplicationPotion"},{"floor":5.0,"key":"Weak Potion"},{"floor":10.0,"key":"Block Potion"},{"floor":13.0,"key":"DistilledChaos"},{"floor":22,"key":"Strength Potion"},{"floor":23,"key":"SkillPotion"}],"is_trial":true,"path_per_floor":["M","?","?","M","M","R","M","R","T","E","R","?","E","M","R","B",null,"M","$","?","?","M","M","M","R","T","R","?","E","R","E","R","B"],"character_chosen":"IRONCLAD","items_purchased":["Flame Barrier"],"campfire_rested":3,"item_purchase_floors":[19],"current_hp_per_floor":[72,61,45,49,53,53,53,53,53,36,60,60,58,63,63,10,63,54,54,68,68,74,75,72,72,72,72,72,29,57,16,44,0,0],"gold":400,"neow_bonus":"","is_daily":false,"chose_seed":false,"campfire_upgraded":2,"win_rate":0.0,"timestamp":1608297947,"path_taken":["M","?","?","M","M","R","M","R","T","E","R","?","E","M","R","BOSS","M","$","?","?","M","?","M","R","T","R","?","E","R","E","R","BOSS"],"items_purchased_type":["Card"],"build_version":"2020-12-13","purchased_purges":1,"victory":false,"max_hp_per_floor":[80,80,80,80,80,80,80,80,80,80,80,80,80,80,80,80,80,80,80,94,94,94,94,94,94,94,94,94,94,94,94,94,94,94],"card_choices":[{"not_picked":["Prepared","Body Slam"],"picked":"Finisher","floor":1.0},{"not_picked":["Uppercut","Skewer"],"picked":"Heavy Blade","floor":4.0},{"not_picked":["Carnage","Slice"],"picked":"Pummel","floor":5.0},{"not_picked":["Bane","Reflex"],"picked":"Combust","floor":7.0},{"not_picked":["Evolve","PiercingWail"],"picked":"Footwork","floor":10.0},{"not_picked":["Cloak And Dagger","Poisoned Stab"],"picked":"Whirlwind","floor":13.0},{"not_picked":["Wild Strike","Clothesline"],"picked":"Crippling Poison","floor":14.0},{"not_picked":["Burst","Tools of the Trade"],"picked":"Die Die Die","floor":16.0},{"not_picked":["Power Through","Riddle With Holes"],"picked":"Deflect","floor":18},{"not_picked":["Dark Embrace","Clothesline"],"picked":"Deadly Poison","floor":22},{"not_picked":["Barricade","Flex"],"picked":"Dodge and Roll","floor":23},{"not_picked":["Pommel Strike","Acrobatics","Body Slam"],"picked":"SKIP","floor":24},{"not_picked":["Well Laid Plans","Crippling Poison","Noxious Fumes"],"picked":"SKIP","floor":29},{"not_picked":["Crippling Poison","Noxious Fumes"],"picked":"Well Laid Plans","floor":29},{"not_picked":["Anger","Prepared"],"picked":"PiercingWail","floor":31}],"player_experience":427246,"relics_obtained":[{"floor":9.0,"key":"Nunchaku"},{"floor":10.0,"key":"Darkstone Periapt"},{"floor":13.0,"key":"Matryoshka"},{"floor":21,"key":"Du-Vu Doll"},{"floor":26,"key":"Smiling Mask"},{"floor":26,"key":"MawBank"},{"floor":29,"key":"Bottled Tornado"},{"floor":31,"key":"PreservedInsect"}],"event_choices":[{"damage_healed":0.0,"max_hp_gain":0.0,"max_hp_loss":0.0,"gold_gain":75.0,"event_name":"World of Goop","player_choice":"Gather Gold","floor":2.0,"gold_loss":0.0,"damage_taken":11.0},{"damage_healed":0.0,"max_hp_gain":0.0,"max_hp_loss":0.0,"gold_gain":0.0,"event_name":"Shining Light","player_choice":"Entered Light","floor":3.0,"gold_loss":0.0,"damage_taken":16.0,"cards_upgraded":["Defend_R","Strike_R"]},{"cards_removed":["Strike_R"],"damage_healed":0.0,"max_hp_gain":0.0,"max_hp_loss":0.0,"gold_gain":0.0,"event_name":"The Cleric","player_choice":"Card Removal","floor":12.0,"gold_loss":50.0,"damage_taken":0.0},{"damage_healed":0,"gold_gain":0,"player_choice":"Opened","damage_taken":0,"relics_obtained":["Mango"],"max_hp_gain":0,"max_hp_loss":0,"event_name":"The Mausoleum","floor":20,"gold_loss":0},{"damage_healed":0,"gold_gain":0,"player_choice":"Relic","damage_taken":0,"max_hp_gain":0,"max_hp_loss":0,"event_name":"Wheel of Change","floor":21,"gold_loss":0},{"damage_healed":0,"gold_gain":0,"player_choice":"Bet on Murderer","damage_taken":0,"max_hp_gain":0,"max_hp_loss":0,"event_name":"The Joust","floor":28,"gold_loss":50}],"is_beta":false,"boss_relics":[{"not_picked":["Fusion Hammer","expansioncontent:StudyCardRelic"],"picked":"Philosopher\u0027s Stone"}],"items_purged_floors":[19],"is_endless":false,"potions_floor_spawned":[4,5,10,13,22,23],"killed_by":"Collector","ascension_level":12}}