{"host":"vxxgntm1odai56nh","time":1608315770,"event":{"mods":["AchievementEnabler","BaseMod","Colored Map","Colored Powertips","Highlight Path","Minty Spire (QoL Compilation)","Permanent Neow","Rare Cards Sparkle","Relic Stats","StSLib"],"gold_per_floor":[109,124,136,154,429,429,152,152,202,202,227,238,264,276,276,374,374,393,412,412,431,443,443,463,463,463,463,482,482,513,532,532,532,532],"floor_reached":33,"playtime":1134,"items_purged":["Regret"],"score":373,"play_id":"b0cb1fd7-8d07-450a-917f-dc9e7f67fa6e","local_time":"20201218132250","is_ascension_mode":true,"campfire_choices":[{"data":"Immolate","floor":6,"key":"SMITH"},{"data":"Armaments","floor":8,"key":"SMITH"},{"data":"Fire Breathing","floor":10,"key":"SMITH"},{"data":"Spot Weakness","floor":15,"key":"SMITH"},{"floor":23,"key":"REST"},{"data":"Blood for Blood","floor":25,"key":"SMITH"},{"data":"Brutality","floor":27,"key":"SMITH"},{"data":"Reaper","floor":29,"key":"SMITH"},{"floor":32,"key":"REST"}],"circlet_count":0,"master_deck":["Strike_R","Strike_R","Strike_R","Strike_R","Strike_R+1","Defend_R","Defend_R","Defend_R","Defend_R","Bash","Shame","Immolate+1","Fire Breathing+1","Warcry","Armaments+1","Flex","Feed+1","Shockwave","Spot Weakness+1","Brutality+1","Blood for Blood+1","Reaper+1"],"relics":["Burning Blood","ClockworkSouvenir","Bronze Scales","Omamori","Cursed Key","Nloth\u0027s Gift","Mummified Hand","Mango"],"acts_visited":["Exordium","TheCity"],"potions_floor_usage":[13,16,16,21,21,28,30],"damage_taken":[{"damage":12,"enemies":"Jaw Worm","floor":1,"turns":3},{"damage":0,"enemies":"Cultist","floor":2,"turns":2},{"damage":7,"enemies":"Small Slimes","floor":3,"turns":3},{"damage":0,"enemies":"Gremlin Gang","floor":4,"turns":1},{"damage":20,"enemies":"3 Sentries","floor":11,"turns":3},{"damage":0,"enemies":"2 Fungi Beasts","floor":12,"turns":1},{"damage":25,"enemies":"Lagavulin","floor":13,"turns":6},{"damage":8,"enemies":"Blue Slaver","floor":14,"turns":3},{"damage":13,"enemies":"Slime Boss","floor":16,"turns":5},{"damage":18,"enemies":"2 Thieves","floor":18,"turns":3},{"damage":24,"enemies":"Spheric Guardian","floor":19,"turns":3},{"damage":36,"enemies":"Centurion and Healer","floor":21,"turns":4},{"damage":20,"enemies":"Snake Plant","floor":22,"turns":3},{"damage":10,"enemies":"Cultist and Chosen","floor":24,"turns":4},{"damage":23,"enemies":"Centurion and Healer","floor":28,"turns":4},{"damage":28,"enemies":"Slavers","floor":30,"turns":3},{"damage":32,"enemies":"Shelled Parasite and Fungi","floor":31,"turns":3},{"damage":84,"enemies":"Automaton","floor":33,"turns":6}],"seed_played":"-1757389043446475699","potions_obtained":[{"floor":3,"key":"PowerPotion"},{"floor":4,"key":"BloodPotion"},{"floor":12,"key":"LiquidMemories"},{"floor":13,"key":"Strength Potion"},{"floor":16,"key":"SpeedPotion"},{"floor":19,"key":"Energy Potion"},{"floor":21,"key":"BlessingOfTheForge"}],"is_trial":false,"path_per_floor":["M","M","M","M","?","R","$","R","T","R","E","M","E","M","R","B",null,"M","M","?","M","M","R","M","R","T","R","M","R","E","M","R","B"],"character_chosen":"IRONCLAD","items_purchased":["ClockworkSouvenir","Flex"],"campfire_rested":2,"item_purchase_floors":[7,7],"current_hp_per_floor":[74,80,79,80,80,80,80,80,80,80,66,72,53,51,51,44,80,72,54,54,44,34,61,57,57,57,57,40,40,36,21,55,0,0],"gold":532,"neow_bonus":"THREE_RARE_CARDS","is_daily":false,"chose_seed":false,"campfire_upgraded":7,"win_rate":0.0,"timestamp":1608315770,"path_taken":["M","M","M","M","?","R","$","R","T","R","E","M","E","M","R","BOSS","M","?","?","M","M","R","M","R","T","R","M","R","E","M","R","BOSS"],"items_purchased_type":["Relic","Card"],"build_version":"2020-12-13","purchased_purges":1,"victory":false,"max_hp_per_floor":[80,80,80,80,80,80,80,80,80,80,80,80,80,80,80,80,80,84,84,84,88,92,92,92,92,92,92,92,92,110,114,114,114,114],"relic_stats":{"counters":[18,60],"Mummified Hand":[7],"Bronze Scales":[125],"Nloth\u0027s Gift":2,"Cursed Key":1,"obtain_stats":[{"Mummified Hand":26,"Bronze Scales":9,"Mango":30,"Omamori":13,"Nloth\u0027s Gift":20,"Whetstone":11,"Cursed Key":17,"Burning Blood":0,"ClockworkSouvenir":7},{"Mummified Hand":14,"Bronze Scales":4,"Mango":16,"Omamori":7,"Nloth\u0027s Gift":11,"Whetstone":5,"Cursed Key":9,"Burning Blood":0,"ClockworkSouvenir":4},{"Mummified Hand":44,"Bronze Scales":9,"Mango":51,"Omamori":19,"Nloth\u0027s Gift":33,"Whetstone":12,"Cursed Key":27,"Burning Blood":0,"ClockworkSouvenir":9}],"Burning Blood":97},"card_choices":[{"not_picked":["Bludgeon","Fiend Fire"],"picked":"Immolate","floor":0},{"not_picked":["Pommel Strike","Ghostly Armor"],"picked":"Fire Breathing","floor":1},{"not_picked":["Twin Strike","Sword Boomerang"],"picked":"Warcry","floor":2},{"not_picked":["Thunderclap","Metallicize"],"picked":"Armaments","floor":3},{"not_picked":["Bloodletting","Cleave","Searing Blow"],"picked":"SKIP","floor":4},{"not_picked":["Rupture","Infernal Blade"],"picked":"Feed","floor":11},{"not_picked":["Headbutt","Dark Embrace"],"picked":"Shockwave","floor":12},{"not_picked":["Entrench","Anger"],"picked":"Spot Weakness","floor":13},{"not_picked":["Sword Boomerang","Metallicize","Reckless Charge"],"picked":"SKIP","floor":14},{"not_picked":["Offering","Fiend Fire"],"picked":"Brutality","floor":16},{"not_picked":["Armaments+1","Shrug It Off","Iron Wave"],"picked":"SKIP","floor":18},{"not_picked":["Armaments","Pummel","Iron Wave+1"],"picked":"SKIP","floor":19},{"not_picked":["Searing Blow+1","Barricade"],"picked":"Blood for Blood","floor":21},{"not_picked":["Body Slam","Sword Boomerang","Armaments"],"picked":"SKIP","floor":22},{"not_picked":["Feel No Pain","Warcry","Heavy Blade"],"picked":"SKIP","floor":24},{"not_picked":["Havoc","Pommel Strike"],"picked":"Reaper","floor":28},{"not_picked":["Heavy Blade","Sword Boomerang","Corruption"],"picked":"SKIP","floor":30},{"not_picked":["True Grit","Rage","Sword Boomerang"],"picked":"SKIP","floor":31}],"player_experience":122580,"relics_obtained":[{"floor":9,"key":"Bronze Scales"},{"floor":11,"key":"Whetstone"},{"floor":13,"key":"Omamori"},{"floor":26,"key":"Mummified Hand"},{"floor":30,"key":"Mango"}],"event_choices":[{"damage_healed":0,"gold_gain":275,"player_choice":"Desecrate","damage_taken":0,"max_hp_gain":0,"max_hp_loss":0,"event_name":"Golden Shrine","floor":5,"gold_loss":0,"cards_obtained":["Regret"]},{"damage_healed":0,"gold_gain":0,"player_choice":"Traded Relic","damage_taken":0,"relics_obtained":["Nloth\u0027s Gift"],"max_hp_gain":0,"max_hp_loss":0,"event_name":"N\u0027loth","floor":20,"relics_lost":["Whetstone"],"gold_loss":0}],"is_beta":false,"boss_relics":[{"not_picked":["Pandora\u0027s Box","Coffee Dripper"],"picked":"Cursed Key"}],"items_purged_floors":[7],"is_endless":false,"potions_floor_spawned":[3,4,12,13,16,19,21],"killed_by":"Automaton","ascension_level":3}}