{"host":"vb6wt0mawj2xz8v4","time":1608323442,"event":{"mods":["AchievementEnabler","Aspiration","BaseMod","Hermit","Highlight Path","Hubris","Jorbs\u0027s Wanderer Trilogy","Minty Spire (QoL Compilation)","Quick Restart","Replay The Spire","Shop Mod","StSLib","SuperFastMode","The Cursed","The Disciple","The Hierophant","The Jungle"],"gold_per_floor":[112,5,5,5,5,34,34,68,68,68,127,127,147,95,95,195,195,213,213,213,213,223,223,223],"floor_reached":23,"playtime":651,"items_purged":[],"score":243,"play_id":"e62c9238-af66-4455-b535-d2db52373c77","local_time":"20201218153042","is_ascension_mode":false,"campfire_choices":[{"data":"Doppelganger","floor":7,"key":"SMITH"},{"data":"TheCursedMod:CursedWand","floor":10,"key":"SMITH"},{"data":"TheCursedMod:CursedBlade","floor":12,"key":"SMITH"},{"data":"TheCursedMod:SpreadPlague","floor":15,"key":"SMITH"}],"circlet_count":0,"master_deck":["TheCursedMod:Strike_TheCursed","TheCursedMod:Strike_TheCursed","TheCursedMod:Strike_TheCursed","TheCursedMod:Defend_TheCursed","TheCursedMod:Defend_TheCursed","TheCursedMod:CursedWand+1","TheCursedMod:CleanUpWorkshop","TheCursedMod:Dregs","TheCursedMod:CursedMace","TheCursedMod:TacticalStrike","TheCursedMod:Wield","Doppelganger+1","Backflip","Dagger Spray","Regret","TheCursedMod:CursedMace","TheCursedMod:SpreadPlague+1","TheCursedMod:CursedBlade+1","TheCursedMod:SurpriseAttack","TheCursedMod:CursedAmulet","TheCursedMod:CursedRelics+1","TheCursedMod:WearCloak","TheCursedMod:SpitefulStrike+1"],"relics":["TheCursedMod:BlackMagicAdvanced","NeowsBlessing","TheCursedMod:Tack","Pet Ghost","Dream Catcher","hubris:CrystalStatue","Smiling Mask","Replay:Grab Bag","ReplayTheSpireMod:DimensionalGlitch","TheCursedMod:OminousMark","aspiration:PoetsPen_weak","theJungle:WildStrawberry"],"acts_visited":["Exordium","Exordium"],"potions_floor_usage":[11,11,23],"damage_taken":[{"damage":0,"enemies":"Small Slimes","floor":1,"turns":1},{"damage":0,"enemies":"Lagavulin","floor":6,"turns":1},{"damage":0,"enemies":"3 Sentries","floor":8,"turns":1},{"damage":16,"enemies":"3 Sentries","floor":11,"turns":4},{"damage":6,"enemies":"2 Louse","floor":13,"turns":1},{"damage":21,"enemies":"Hexaghost","floor":16,"turns":9},{"damage":14,"enemies":"theJungle:GiantWrat","floor":18,"turns":3},{"damage":17,"enemies":"Shell Parasite","floor":22,"turns":3},{"damage":30,"enemies":"theJungle:Cassacara","floor":23,"turns":5}],"seed_played":"302561017751991780","potions_obtained":[{"floor":1,"key":"Strength Potion"},{"floor":8,"key":"PowerPotion"},{"floor":22,"key":"Dexterity Potion"}],"is_trial":false,"path_per_floor":["M","$","?","$","?","E","R","E","T","R","?","R","M","$","R","B",null,"M","?","?","?","M","E"],"character_chosen":"THE_CURSED","items_purchased":["TheCursedMod:TacticalStrike","TheCursedMod:Wield","TheCursedMod:CursedAmulet"],"campfire_rested":0,"item_purchase_floors":[2,2,14],"current_hp_per_floor":[75,75,75,75,75,75,75,75,75,75,59,59,53,53,53,32,75,61,47,47,47,30,0,0],"gold":223,"neow_bonus":"THREE_ENEMY_KILL","is_daily":false,"chose_seed":false,"campfire_upgraded":4,"win_rate":0.0,"timestamp":1608323442,"path_taken":["M","$","?","$","?","E","R","E","T","R","?","R","?","?","R","BOSS","M","?","?","?","M","E"],"items_purchased_type":["Card","Card","Card"],"build_version":"2020-12-13","purchased_purges":0,"victory":false,"max_hp_per_floor":[75,75,75,75,75,75,75,75,75,75,75,75,75,75,75,75,75,75,82,82,82,82,82,82],"card_choices":[{"not_picked":["TheCursedMod:CursedSpellbook","TheCursedMod:CircleOfFocus"],"picked":"TheCursedMod:CursedMace","floor":1},{"not_picked":["TheCursedMod:StingEye","TheCursedMod:LuckyCharm"],"picked":"TheCursedMod:CursedMace","floor":6},{"not_picked":["TheCursedMod:SpitefulStrike","TheCursedMod:SoulCrush"],"picked":"TheCursedMod:SpreadPlague","floor":8},{"not_picked":["TheCursedMod:CircleOfFlame","TheCursedMod:WearCloak"],"picked":"TheCursedMod:CursedBlade","floor":11},{"not_picked":["TheCursedMod:Grudge","TheCursedMod:SmokeScreen"],"picked":"TheCursedMod:SurpriseAttack","floor":13},{"not_picked":["TheCursedMod:ShockAndAwe","TheCursedMod:UltimatePain"],"picked":"TheCursedMod:CursedRelics","floor":16},{"not_picked":["TheCursedMod:TroublousMinions","TheCursedMod:RapidMovement"],"picked":"TheCursedMod:WearCloak","floor":18},{"not_picked":["TheCursedMod:AbyssShockwave","TheCursedMod:Hemoplague"],"picked":"TheCursedMod:SpitefulStrike+1","floor":22}],"player_experience":440569,"relics_obtained":[{"floor":6,"key":"Pet Ghost"},{"floor":8,"key":"Dream Catcher"},{"floor":9,"key":"hubris:CrystalStatue"}],"event_choices":[{"damage_healed":0,"gold_gain":0,"player_choice":"Box","damage_taken":0,"relics_obtained":["TheCursedMod:Tack"],"max_hp_gain":0,"max_hp_loss":0,"event_name":"Big Fish","floor":5,"gold_loss":0,"cards_obtained":["Regret"]},{"damage_healed":0,"gold_gain":0,"player_choice":"Searched \u00272\u0027 times","damage_taken":0,"relics_obtained":["Smiling Mask"],"max_hp_gain":0,"max_hp_loss":0,"event_name":"Dead Adventurer","floor":11,"gold_loss":0},{"damage_healed":0,"gold_gain":0,"player_choice":"Upgraded","damage_taken":0,"max_hp_gain":0,"max_hp_loss":0,"event_name":"Upgrade Shrine","floor":21,"gold_loss":0,"cards_upgraded":["TheCursedMod:CursedRelics"]}],"is_beta":false,"boss_relics":[{"not_picked":["Pandora\u0027s Box","hubris:RunicObelisk"],"picked":"Replay:Grab Bag"},{"not_picked":["Painkiller Herb","Fusion Hammer"],"picked":"ReplayTheSpireMod:DimensionalGlitch"},{"not_picked":["aspiration:FutureDiary","hubris:GrandSneckoEye"],"picked":"TheCursedMod:OminousMark"},{"not_picked":["Black Star","hubris:Backtick"],"picked":"TheCursedMod:BlackMagicAdvanced"},{"not_picked":["Astrolabe","Snecko Eye"],"picked":"aspiration:PoetsPen_weak"}],"items_purged_floors":[],"is_endless":false,"potions_floor_spawned":[1,8,22],"killed_by":"theJungle:Cassacara","ascension_level":0}}