{"host":"Justin","time":1608311423,"event":{"mods":["BaseMod","BetterRewards","Colored Map","Colored Powertips","DeckTracker","Highlight Path","Hubris","Infinite Spire","Minty Spire (QoL Compilation)","Replay The Spire","Shop Mod","StSLib","The Jungle"],"gold_per_floor":[112,112,129,54,71,71,71,102,151,151,178,17,17,46,46,146,146,163,183,183,183,183,217,217,248,248,248,260,280,280,291,291,386,386,399,399,399,412,425,454,454,483,535,535,549,566,4,4,90,90,90,90,90,120,120],"floor_reached":56,"playtime":3541,"items_purged":["Life Link","Defend_R","Strike_R","Demon Form"],"score":1360,"play_id":"0d44c47b-dfbc-49fd-8d54-8fcdeca9d93d","local_time":"20201218181023","is_ascension_mode":true,"campfire_choices":[{"data":"Inflame","floor":6,"key":"SMITH"},{"data":"Demon Form","floor":24,"key":"SMITH"},{"floor":27,"key":"RECALL"},{"floor":30,"key":"REST"},{"floor":32,"key":"REST"},{"data":"Limit Break","floor":44,"key":"SMITH"},{"data":"Heavy Blade","floor":52,"key":"SMITH"}],"circlet_count":0,"master_deck":["Strike_R","Strike_R","Strike_R","Defend_R","Defend_R","Defend_R","Inflame+1","Shrug It Off","Iron Wave+1","Reaper","Demon Form+1","Feed","Cleave","Inflame","Heavy Blade+1","Limit Break+1","Reaper","infinitespire:Gouge","Sword Boomerang","Entrench+1","Metallicize","Replay:Dark Deal"],"relics":["Burning Blood","Tiny Chest","Shuriken","MerchantsRug","Replay:Ringing Soul","Boot","Runic Pyramid","ReplayTheSpireMod:Ninjato","Champion Belt","Blue Doll","hubris:RunicObelisk","Medical Kit","Black Blood","infinitespire:CursedDice","hubris:FunFungus","hubris:GlazedTorus","infinitespire:PuzzleCube","Du-Vu Doll"],"acts_visited":["Exordium","TheCity","TheBeyond","TheEnding"],"potions_floor_usage":[16,18,23,23,29,33,38,40,45,45,50,50,50],"damage_taken":[{"damage":0,"enemies":"Small Slimes","floor":1,"turns":3},{"damage":6,"enemies":"Cultist","floor":3,"turns":3},{"damage":1,"enemies":"Jaw Worm","floor":5,"turns":4},{"damage":21,"enemies":"Lagavulin","floor":8,"turns":10},{"damage":0,"enemies":"Replay:BlueRogue","floor":11,"turns":5},{"damage":9,"enemies":"Lagavulin","floor":14,"turns":8},{"damage":35,"enemies":"Slime Boss","floor":16,"turns":9},{"damage":3,"enemies":"Chosen","floor":18,"turns":6},{"damage":36,"enemies":"Shell Parasite","floor":19,"turns":9},{"damage":31,"enemies":"Gremlin Leader","floor":23,"turns":8},{"damage":123,"enemies":"Slavers","floor":25,"turns":6},{"damage":44,"enemies":"Centurion and Healer","floor":28,"turns":6},{"damage":47,"enemies":"Shelled Parasite and Fungi","floor":29,"turns":7},{"damage":51,"enemies":"Cultist and Chosen","floor":31,"turns":7},{"damage":91,"enemies":"Collector","floor":33,"turns":9},{"damage":17,"enemies":"3 Shapes","floor":35,"turns":5},{"damage":7,"enemies":"Orb Walker","floor":38,"turns":4},{"damage":30,"enemies":"Maw","floor":39,"turns":6},{"damage":62,"enemies":"Nightmare","floor":40,"turns":7},{"damage":100,"enemies":"Reptomancer","floor":42,"turns":7},{"damage":58,"enemies":"Spire Growth","floor":45,"turns":6},{"damage":33,"enemies":"3 Darklings","floor":46,"turns":4},{"damage":139,"enemies":"LordOfAnnihilation","floor":50,"turns":14},{"damage":90,"enemies":"Shield and Spear","floor":54,"turns":6},{"damage":184,"enemies":"The Heart","floor":55,"turns":10}],"seed_played":"2821375596247470344","potions_obtained":[{"floor":3,"key":"Elixir"},{"floor":5,"key":"Doom Potion"},{"floor":8,"key":"Explosive Potion"},{"floor":16,"key":"Fire Potion"},{"floor":19,"key":"SpeedPotion"},{"floor":28,"key":"SpeedPotion"},{"floor":31,"key":"Adrenaline Potion"},{"floor":35,"key":"AttackPotion"},{"floor":38,"key":"Weak Potion"},{"floor":39,"key":"Regen Potion"},{"floor":42,"key":"Strength Potion"}],"is_trial":false,"path_per_floor":["M","?","M","$","M","R","?","E","T","T","E","$","?","E","R_BF","B",null,"M","M","?","?","T","E","R","E","T","R","M","M","R","M","R","B",null,"M","?","AVR","M","M","NM","T","E","T","R","M","M","$","?","R_BF","B",null,"R","$","E","B",null],"character_chosen":"IRONCLAD","items_purchased":["MerchantsRug","Metallicize","Metallicize","Replay:Dark Deal","FairyPotion","Milkshake","Strength Potion"],"campfire_rested":2,"item_purchase_floors":[12,12,47,47,47,47,47],"current_hp_per_floor":[80,80,80,80,80,80,80,65,65,65,71,71,59,72,75,60,89,95,78,78,95,95,98,98,50,50,50,77,36,66,41,73,14,110,102,105,108,125,131,124,124,127,127,127,131,131,134,134,134,24,134,134,134,63,103],"gold":120,"neow_bonus":"RANDOM_COMMON_RELIC","is_daily":false,"chose_seed":false,"campfire_upgraded":4,"win_rate":0.0,"timestamp":1608311423,"path_taken":["M","?","M","$","?","R","?","E","T","?","E","$","?","E","R_BF","BOSS","M","M","?","?","?","E","R","E","T","R","M","?","R","M","R","BOSS","M","?","AVR","M","?","NM","?","E","T","R","M","M","$","?","R_BF","BOSS","R","$","E","BOSS"],"items_purchased_type":["Relic","Card","Card","Card","Potion","Potion","Potion"],"build_version":"2020-11-17","purchased_purges":4,"victory":true,"max_hp_per_floor":[80,80,80,80,80,80,80,80,80,80,80,80,80,83,86,89,89,95,95,95,95,95,98,98,101,101,101,101,101,101,107,107,110,110,113,116,119,125,131,131,131,131,131,131,131,131,134,134,134,134,134,134,134,134,134],"card_choices":[{"not_picked":["ReplayTheSpireMod:Stacked","Iron Wave"],"picked":"Inflame","floor":1},{"not_picked":["Hemokinesis","Defy Death"],"picked":"Shrug It Off","floor":3},{"not_picked":["Twin Strike","Intimidate"],"picked":"Iron Wave","floor":5},{"not_picked":["Spot Weakness","Hemokinesis"],"picked":"Demon Form","floor":8},{"not_picked":["hubris:ReadiedAction","Sever Soul"],"picked":"Reaper","floor":11},{"not_picked":["Heavy Blade","Clash"],"picked":"Demon Form","floor":14},{"not_picked":["Juggernaut","Impervious"],"picked":"Feed","floor":16},{"not_picked":["Iron Wave","Shrug It Off+1"],"picked":"Cleave","floor":18},{"not_picked":["Run Through","Bloodletting","hubris:SharpeningStone"],"picked":"SKIP","floor":19},{"not_picked":["Demon Form","Carnage"],"picked":"Inflame","floor":23},{"not_picked":["Clash","Fire Breathing","Combust"],"picked":"SKIP","floor":25},{"not_picked":["Flex","Anger","Headbutt"],"picked":"SKIP","floor":28},{"not_picked":["Combust","Clothesline","Ghostly Armor"],"picked":"SKIP","floor":29},{"not_picked":["Armaments","Reckless Charge+1"],"picked":"Heavy Blade","floor":31},{"not_picked":["Demon Form","Berserk"],"picked":"Limit Break","floor":33},{"not_picked":["Clothesline+1","Rampage","ReplayTheSpireMod:Strike From Hell"],"picked":"SKIP","floor":35},{"not_picked":["hubris:ReadiedAction+1","Body Slam"],"picked":"Sword Boomerang","floor":38},{"not_picked":["Rage+1","Shrug It Off"],"picked":"Entrench+1","floor":39},{"not_picked":["Brutality","ReplayTheSpireMod:Corrosion Curse","ReplayTheSpireMod:Strike From Hell"],"picked":"SKIP","floor":40},{"not_picked":["Cleave+1","ReplayTheSpireMod:Limb From Limb+1","Run Through+1"],"picked":"SKIP","floor":42},{"not_picked":["Clash","Twin Strike+1","Inflame"],"picked":"SKIP","floor":45},{"not_picked":["Flex","ReplayTheSpireMod:Strike From Hell","Warcry"],"picked":"SKIP","floor":46},{"not_picked":["Pommel Strike+1","Anger","Clash"],"picked":"SKIP","floor":54}],"player_experience":126775,"relics_obtained":[{"floor":8,"key":"Replay:Bottled Steam"},{"floor":9,"key":"infinitespire:Lucky Rock"},{"floor":10,"key":"Replay:Bottled Flurry"},{"floor":11,"key":"Shuriken"},{"floor":14,"key":"Boot"},{"floor":23,"key":"ReplayTheSpireMod:Ninjato"},{"floor":25,"key":"Champion Belt"},{"floor":26,"key":"Blue Doll"},{"floor":40,"key":"infinitespire:CursedDice"},{"floor":41,"key":"hubris:FunFungus"},{"floor":42,"key":"hubris:GlazedTorus"},{"floor":43,"key":"infinitespire:PuzzleCube"},{"floor":54,"key":"Du-Vu Doll"}],"event_choices":[{"damage_healed":0,"gold_gain":0,"cards_transformed":["Strike_R"],"player_choice":"Transformed","damage_taken":0,"max_hp_gain":0,"max_hp_loss":0,"event_name":"Transmorgrifier","floor":2,"gold_loss":0,"cards_obtained":["Life Link"]},{"damage_healed":0,"gold_gain":0,"player_choice":"Upgraded","damage_taken":0,"max_hp_gain":0,"max_hp_loss":0,"event_name":"Upgrade Shrine","floor":7,"gold_loss":0,"cards_upgraded":["Iron Wave"]},{"damage_healed":0,"gold_gain":0,"player_choice":"Success","damage_taken":12,"relics_obtained":["Replay:Ringing Soul"],"max_hp_gain":0,"max_hp_loss":0,"event_name":"Scrap Ooze","floor":13,"gold_loss":0},{"cards_removed":["Burning Pact"],"damage_healed":17,"gold_gain":0,"player_choice":"Offered Uncommon","damage_taken":0,"max_hp_gain":0,"max_hp_loss":0,"event_name":"Bonfire Elementals","floor":21,"gold_loss":0},{"damage_healed":0,"gold_gain":0,"player_choice":"Copied","damage_taken":0,"max_hp_gain":0,"max_hp_loss":0,"event_name":"Duplicator","floor":36,"gold_loss":0,"cards_obtained":["Reaper"]},{"cards_removed":["Bash"],"damage_healed":0,"gold_gain":0,"player_choice":"Removed Attack","damage_taken":0,"max_hp_gain":0,"max_hp_loss":0,"event_name":"Falling","floor":48,"gold_loss":0}],"is_beta":true,"boss_relics":[{"not_picked":["Painkiller Herb","hubris:GrandSneckoEye"],"picked":"Runic Pyramid"},{"not_picked":["infinitespire:Cupcake","Ring of Chaos"],"picked":"hubris:RunicObelisk"}],"items_purged_floors":[4,12,37,47],"is_endless":false,"potions_floor_spawned":[3,5,8,16,19,28,31,35,38,39,42],"ascension_level":1}}