{"host":"vumwfieg2b2mnrfl","time":1608327295,"event":{"mods":["AchievementEnabler","BaseMod","Minty Spire (QoL Compilation)","Rare Cards Sparkle","Relic Stats"],"gold_per_floor":[213,223,2,20,20,48,48,64,64,98,98,129,21,50,50,145,145,145,145,145,145,145,145,145,145,145,145,145,145,145,145,145,145,145,145,145,145,145,145,145,145,145,145,145,55,55,55,55,55,55],"floor_reached":51,"playtime":1978,"items_purged":["Strike_B"],"score":1070,"play_id":"e91841ad-d4ca-4f9b-a10a-f480675d8590","local_time":"20201218153455","is_ascension_mode":true,"campfire_choices":[{"floor":7,"key":"REST"},{"floor":11,"key":"REST"},{"data":"Defragment","floor":15,"key":"SMITH"},{"data":"Capacitor","floor":27,"key":"SMITH"},{"data":"Loop","floor":32,"key":"SMITH"},{"floor":40,"key":"RECALL"},{"data":"Seek","floor":42,"key":"SMITH"},{"data":"Capacitor","floor":47,"key":"SMITH"},{"data":"Skim","floor":49,"key":"SMITH"}],"circlet_count":0,"master_deck":["Strike_B","Strike_B+1","Strike_B","Defend_B","Defend_B","Defend_B","Zap","Dualcast","Loop+1","Conserve Battery","Defragment+1","Coolheaded","Sunder","Sweeping Beam","Conserve Battery","Coolheaded","Self Repair","Capacitor+1","Electrodynamics","Ball Lightning+1","Ball Lightning+1","Coolheaded","Core Surge","Coolheaded+1","Seek+1","CurseOfTheBell","Chill+1","Skim+1","Rebound+1","Capacitor+1","Seek"],"relics":["Cracked Core","Sling","Sundial","Eternal Feather","HornCleat","DataDisk","Bag of Preparation","Ectoplasm","Red Mask","Potion Belt","Gremlin Horn","Calipers","Letter Opener","Cables","Calling Bell","Bronze Scales","Mercury Hourglass","Torii","PreservedInsect","Regal Pillow","CaptainsWheel"],"acts_visited":["Exordium","TheCity","TheBeyond"],"potions_floor_usage":[6,12,46,50,50,50],"damage_taken":[{"damage":1,"enemies":"Cultist","floor":1,"turns":4},{"damage":4,"enemies":"Small Slimes","floor":2,"turns":3},{"damage":4,"enemies":"Jaw Worm","floor":4,"turns":4},{"damage":31,"enemies":"Gremlin Nob","floor":6,"turns":5},{"damage":16,"enemies":"Large Slime","floor":8,"turns":6},{"damage":17,"enemies":"Lagavulin","floor":10,"turns":5},{"damage":5,"enemies":"3 Sentries","floor":12,"turns":5},{"damage":14,"enemies":"Lagavulin","floor":14,"turns":5},{"damage":17,"enemies":"The Guardian","floor":16,"turns":11},{"damage":0,"enemies":"Chosen","floor":18,"turns":4},{"damage":12,"enemies":"Masked Bandits","floor":19,"turns":4},{"damage":0,"enemies":"3 Byrds","floor":22,"turns":4},{"damage":22,"enemies":"Book of Stabbing","floor":23,"turns":5},{"damage":19,"enemies":"Slavers","floor":25,"turns":3},{"damage":14,"enemies":"Book of Stabbing","floor":28,"turns":5},{"damage":8,"enemies":"Snecko","floor":29,"turns":5},{"damage":0,"enemies":"Chosen and Byrds","floor":30,"turns":3},{"damage":5,"enemies":"Cultist and Chosen","floor":31,"turns":4},{"damage":0,"enemies":"Automaton","floor":33,"turns":7},{"damage":8,"enemies":"3 Darklings","floor":35,"turns":2},{"damage":0,"enemies":"Orb Walker","floor":36,"turns":3},{"damage":0,"enemies":"Jaw Worm Horde","floor":38,"turns":2},{"damage":0,"enemies":"Maw","floor":39,"turns":7},{"damage":0,"enemies":"Spire Growth","floor":41,"turns":5},{"damage":7,"enemies":"Giant Head","floor":44,"turns":7},{"damage":0,"enemies":"Transient","floor":46,"turns":5},{"damage":2,"enemies":"2 Orb Walkers","floor":48,"turns":4},{"damage":1,"enemies":"Time Eater","floor":50,"turns":10}],"seed_played":"-1908979026003168590","potions_obtained":[{"floor":2,"key":"Fire Potion"},{"floor":8,"key":"Energy Potion"},{"floor":10,"key":"SmokeBomb"},{"floor":18,"key":"SteroidPotion"},{"floor":23,"key":"Explosive Potion"},{"floor":29,"key":"CultistPotion"},{"floor":30,"key":"BlessingOfTheForge"},{"floor":31,"key":"Fire Potion"},{"floor":33,"key":"SneckoOil"},{"floor":39,"key":"PotionOfCapacity"}],"is_trial":false,"path_per_floor":["M","M","$","M","$","E","R","M","T","E","R","E","$","E","R","B",null,"M","?","T","$","M","E","?","E","T","R","E","M","M","M","R","B",null,"M","M","?","M","M","R","M","R","T","E","?","M","R","?","R","B",null],"character_chosen":"DEFECT","items_purchased":["Defragment","Sling","Self Repair"],"campfire_rested":2,"item_purchase_floors":[3,3,13],"current_hp_per_floor":[67,63,63,59,59,28,50,34,34,17,48,43,43,36,45,35,65,72,67,67,67,74,59,59,40,40,52,45,37,44,46,61,61,72,64,71,71,71,75,75,75,75,75,75,75,75,75,75,75,74],"gold":55,"neow_bonus":"HUNDRED_GOLD","is_daily":false,"chose_seed":false,"campfire_upgraded":6,"win_rate":0.0,"timestamp":1608327295,"path_taken":["M","?","$","M","?","E","R","M","T","E","R","E","$","E","R","BOSS","M","?","?","$","M","E","?","E","T","R","E","M","M","M","R","BOSS","M","M","?","M","?","R","M","R","T","E","?","?","R","?","R","BOSS"],"items_purchased_type":["Card","Relic","Card"],"build_version":"2020-12-13","purchased_purges":1,"victory":true,"max_hp_per_floor":[75,75,75,75,75,75,75,75,75,75,75,75,75,75,75,75,75,75,75,75,75,75,75,75,75,75,75,75,75,75,75,75,75,75,75,75,75,75,75,75,75,75,75,75,75,75,75,75,75,75],"relic_stats":{"Regal Pillow":0,"Gremlin Horn":[10,10],"Torii":6,"counters":[28,135],"Eternal Feather":45,"PreservedInsect":125,"Bag of Preparation":[40],"Letter Opener":[124],"Cables":[57,34,23,0,0],"Mercury Hourglass":[139],"Sundial":[14],"Bronze Scales":[123],"Ectoplasm":570,"obtain_stats":[{"Potion Belt":20,"Regal Pillow":44,"Calipers":25,"Gremlin Horn":23,"Torii":34,"Eternal Feather":9,"PreservedInsect":43,"Bag of Preparation":14,"Letter Opener":26,"Sling":3,"Cables":28,"Mercury Hourglass":34,"Calling Bell":34,"DataDisk":12,"CaptainsWheel":48,"HornCleat":10,"Sundial":6,"Bronze Scales":34,"Ectoplasm":17,"Red Mask":19,"Cracked Core":0},{"Potion Belt":11,"Regal Pillow":25,"Calipers":14,"Gremlin Horn":13,"Torii":19,"Eternal Feather":5,"PreservedInsect":24,"Bag of Preparation":8,"Letter Opener":14,"Sling":2,"Cables":15,"Mercury Hourglass":19,"Calling Bell":19,"DataDisk":7,"CaptainsWheel":27,"HornCleat":6,"Sundial":4,"Bronze Scales":19,"Ectoplasm":9,"Red Mask":11,"Cracked Core":0},{"Potion Belt":56,"Regal Pillow":117,"Calipers":68,"Gremlin Horn":65,"Torii":92,"Eternal Feather":22,"PreservedInsect":110,"Bag of Preparation":37,"Letter Opener":68,"Sling":7,"Cables":73,"Mercury Hourglass":92,"Calling Bell":92,"DataDisk":32,"CaptainsWheel":125,"HornCleat":27,"Sundial":16,"Bronze Scales":92,"Ectoplasm":48,"Red Mask":56,"Cracked Core":0}]},"card_choices":[{"not_picked":["Gash","Turbo"],"picked":"Loop","floor":1},{"not_picked":["Compile Driver","Redo"],"picked":"Conserve Battery","floor":2},{"not_picked":["Melter","Recycle"],"picked":"Coolheaded","floor":4},{"not_picked":["Undo","Gash"],"picked":"Sunder","floor":6},{"not_picked":["Hologram","Stack"],"picked":"Sweeping Beam","floor":8},{"not_picked":["BootSequence","Double Energy"],"picked":"Conserve Battery","floor":10},{"not_picked":["Barrage","Leap"],"picked":"Coolheaded","floor":12},{"not_picked":["Hyperbeam","Stack"],"picked":"Capacitor","floor":14},{"not_picked":["Reboot","Multi-Cast"],"picked":"Electrodynamics","floor":16},{"not_picked":["White Noise","Streamline"],"picked":"Ball Lightning+1","floor":18},{"not_picked":["Hologram+1","Redo"],"picked":"Ball Lightning+1","floor":19},{"not_picked":["Ball Lightning","Rebound","Gash+1"],"picked":"SKIP","floor":22},{"not_picked":["Compile Driver","Steam"],"picked":"Coolheaded","floor":23},{"not_picked":["Doom and Gloom","Go for the Eyes+1"],"picked":"Core Surge","floor":25},{"not_picked":["Leap","Tempest","Stack"],"picked":"SKIP","floor":28},{"not_picked":["Stack+1","Hello World","Core Surge"],"picked":"SKIP","floor":29},{"not_picked":["Barrage","Static Discharge"],"picked":"Coolheaded+1","floor":30},{"not_picked":["Sweeping Beam","Stack","Ball Lightning+1"],"picked":"SKIP","floor":31},{"not_picked":["Biased Cognition","All For One"],"picked":"Seek","floor":33},{"not_picked":["Stack","Static Discharge+1"],"picked":"Chill+1","floor":35},{"not_picked":["Streamline+1","Hello World+1"],"picked":"Skim","floor":36},{"not_picked":["Force Field","Ball Lightning+1","Darkness+1"],"picked":"SKIP","floor":38},{"not_picked":["Steam","Go for the Eyes"],"picked":"Rebound+1","floor":39},{"not_picked":["Streamline","Steam+1","Conserve Battery+1"],"picked":"SKIP","floor":41},{"not_picked":["Glacier","Conserve Battery"],"picked":"Capacitor","floor":44},{"not_picked":["Redo+1","Genetic Algorithm+1","Fusion"],"picked":"SKIP","floor":46},{"not_picked":["Compile Driver","Sweeping Beam+1"],"picked":"Seek","floor":48}],"player_experience":242271,"relics_obtained":[{"floor":6,"key":"Sundial"},{"floor":9,"key":"Eternal Feather"},{"floor":10,"key":"HornCleat"},{"floor":12,"key":"DataDisk"},{"floor":14,"key":"Bag of Preparation"},{"floor":19,"key":"Red Mask"},{"floor":20,"key":"Potion Belt"},{"floor":23,"key":"Gremlin Horn"},{"floor":25,"key":"Calipers"},{"floor":26,"key":"Letter Opener"},{"floor":28,"key":"Cables"},{"floor":34,"key":"Bronze Scales"},{"floor":34,"key":"Mercury Hourglass"},{"floor":34,"key":"Torii"},{"floor":43,"key":"PreservedInsect"},{"floor":44,"key":"Regal Pillow"},{"floor":48,"key":"CaptainsWheel"}],"event_choices":[{"damage_healed":0,"gold_gain":0,"player_choice":"Fought Bandits","damage_taken":0,"max_hp_gain":0,"max_hp_loss":0,"event_name":"Masked Bandits","floor":19,"gold_loss":0},{"damage_healed":0,"gold_gain":0,"player_choice":"Ignored","damage_taken":0,"max_hp_gain":0,"max_hp_loss":0,"event_name":"Ghosts","floor":24,"gold_loss":0},{"damage_healed":0,"gold_gain":0,"player_choice":"Ignored","damage_taken":0,"max_hp_gain":0,"max_hp_loss":0,"event_name":"SecretPortal","floor":37,"gold_loss":0},{"cards_removed":["Defend_B"],"damage_healed":0,"gold_gain":0,"player_choice":"Upgrade and Remove","damage_taken":0,"max_hp_gain":0,"max_hp_loss":0,"event_name":"Designer","floor":45,"gold_loss":90,"cards_upgraded":["Strike_B"]},{"damage_healed":0,"gold_gain":0,"player_choice":"Fight","damage_taken":0,"max_hp_gain":0,"max_hp_loss":0,"event_name":"Mysterious Sphere","floor":48,"gold_loss":0}],"is_beta":false,"boss_relics":[{"not_picked":["Philosopher\u0027s Stone","Snecko Eye"],"picked":"Ectoplasm"},{"not_picked":["Empty Cage","Tiny House"],"picked":"Calling Bell"}],"items_purged_floors":[13],"is_endless":false,"potions_floor_spawned":[2,8,10,18,23,29,30,31,33,35,39,44],"ascension_level":6}}