{"host":"1tl36azeqm6yhdgj","time":1608315294,"event":{"mods":["AchievementEnabler","BaseMod","Minty Spire (QoL Compilation)","StSLib","The IronCluck","everything is the same but u backflip on backflip"],"gold_per_floor":[115,75,86,52,67,100,48,74,74,85,95,107,135,58,58,131,131,141,66,66,80,1,1,36,36,59,84,100,14,30,30,30,102,102,116,116,126,54,74,74,99,99,123,170,197,197,222,233,233,233,233,233,29,63,63,63],"floor_reached":55,"playtime":3324,"items_purged":[],"score":1404,"play_id":"a2ccb21a-7932-4cf0-8ef1-924432a8f024","local_time":"20201218131454","is_ascension_mode":true,"campfire_choices":[{"floor":15.0,"key":"REST"},{"data":"Limit Break","floor":23.0,"key":"SMITH"},{"floor":25.0,"key":"REST"},{"data":"Seeing Red","floor":32.0,"key":"SMITH"},{"floor":40.0,"key":"RECALL"},{"data":"Feel No Pain","floor":42,"key":"SMITH"},{"data":"Dark Embrace","floor":46,"key":"SMITH"},{"data":"Flame Barrier","floor":49,"key":"SMITH"},{"data":"Exhume","floor":52,"key":"SMITH"}],"circlet_count":0,"master_deck":["AscendersBane","Bash+1","Metallicize","Burning Pact","Flex","Seeing Red+1","Intimidate","Warcry","Offering","Dark Embrace+1","Limit Break+1","Flame Barrier+1","Intimidate","Inflame","Impervious","Anger","Dropkick","Twin Strike","Cleave","Demon Form","PanicButton","Exhume+1","Feed","Headbutt+1","Thunderclap+1","Sever Soul+1","Feel No Pain+1","Fire Breathing"],"relics":["Burning Blood","Anchor","Dead Branch","Shuriken","Turnip","Pandora\u0027s Box","Bird Faced Urn","Singing Bowl","Orichalcum","MealTicket","Astrolabe","PreservedInsect","Magic Flower","Vajra","StrikeDummy","Medical Kit","Red Skull"],"acts_visited":["Exordium","TheCity","TheBeyond","TheEnding"],"potions_floor_usage":[41,45,50,55],"damage_taken":[{"damage":6.0,"enemies":"2 Louse","floor":1.0,"turns":3.0},{"damage":6.0,"enemies":"Cultist","floor":3.0,"turns":3.0},{"damage":7.0,"enemies":"Jaw Worm","floor":5.0,"turns":3.0},{"damage":48.0,"enemies":"3 Sentries","floor":6.0,"turns":14.0},{"damage":20.0,"enemies":"Gremlin Nob","floor":8.0,"turns":4.0},{"damage":4.0,"enemies":"Looter","floor":10.0,"turns":3.0},{"damage":0.0,"enemies":"2 Fungi Beasts","floor":11.0,"turns":3.0},{"damage":3.0,"enemies":"Exordium Thugs","floor":12.0,"turns":3.0},{"damage":19.0,"enemies":"3 Sentries","floor":13.0,"turns":7.0},{"damage":28.0,"enemies":"Hexaghost","floor":16.0,"turns":9.0},{"damage":17.0,"enemies":"Spheric Guardian","floor":18.0,"turns":4.0},{"damage":14.0,"enemies":"3 Byrds","floor":21.0,"turns":2.0},{"damage":47.0,"enemies":"Book of Stabbing","floor":24.0,"turns":5.0},{"damage":25.0,"enemies":"Gremlin Leader","floor":27.0,"turns":7.0},{"damage":26.0,"enemies":"Centurion and Healer","floor":28.0,"turns":7.0},{"damage":3.0,"enemies":"Chosen and Byrds","floor":30.0,"turns":6.0},{"damage":36.0,"enemies":"Collector","floor":33.0,"turns":7.0},{"damage":18.0,"enemies":"3 Darklings","floor":35.0,"turns":2.0},{"damage":11.0,"enemies":"3 Shapes","floor":37.0,"turns":5.0},{"damage":30.0,"enemies":"Spire Growth","floor":39.0,"turns":6.0},{"damage":33,"enemies":"Giant Head","floor":41,"turns":9},{"damage":6,"enemies":"2 Orb Walkers","floor":44,"turns":7},{"damage":8,"enemies":"Nemesis","floor":45,"turns":7},{"damage":21,"enemies":"Reptomancer","floor":47,"turns":4},{"damage":11,"enemies":"Writhing Mass","floor":48,"turns":6},{"damage":76,"enemies":"Donu and Deca","floor":50,"turns":8},{"damage":6,"enemies":"Shield and Spear","floor":54,"turns":5},{"damage":194,"enemies":"The Heart","floor":55,"turns":8}],"seed_played":"8112834361487491322","potions_obtained":[{"floor":2.0,"key":"FairyPotion"},{"floor":2.0,"key":"Energy Potion"},{"floor":6.0,"key":"Regen Potion"},{"floor":10.0,"key":"Fruit Juice"},{"floor":12.0,"key":"Fire Potion"},{"floor":16.0,"key":"DuplicationPotion"},{"floor":18.0,"key":"BloodPotion"},{"floor":24.0,"key":"LiquidBronze"},{"floor":27.0,"key":"CultistPotion"},{"floor":39.0,"key":"PowerPotion"},{"floor":44,"key":"Dexterity Potion"},{"floor":47,"key":"Ancient Potion"}],"is_trial":false,"path_per_floor":["M","?","M","$","M","E","$","E","T","M","M","M","E","$","R","B",null,"M","?","?","M","?","R","E","R","T","E","M","$","M","$","R","B",null,"M","?","M","$","M","R","E","R","T","?","E","R","E","M","R","B",null,"R","$","E","B"],"character_chosen":"IRONCLAD","items_purchased":["Burning Pact","Flex","DistilledChaos","PanicButton","Feel No Pain","Medical Kit","SkillPotion"],"campfire_rested":2,"item_purchase_floors":[4,7,14,29,38,53,53],"current_hp_per_floor":[68,68,68,68,67,25,25,11,11,27,33,36,23,23,47,25,66,71,71,71,63,63,63,30,54,54,41,31,46,53,68,68,46,75,67,67,73,88,76,76,63,63,63,73,85,85,87,96,96,44,91,91,106,109,0,0],"gold":63,"neow_bonus":"UPGRADE_CARD","is_daily":false,"chose_seed":false,"campfire_upgraded":6,"win_rate":0.0,"timestamp":1608315294,"path_taken":["M","?","M","$","M","E","$","E","T","?","M","M","E","?","R","BOSS","M","?","?","M","?","R","E","R","T","E","M","$","M","$","R","BOSS","M","?","?","$","M","R","E","R","T","?","E","R","E","M","R","BOSS","R","$","E","BOSS"],"items_purchased_type":["Card","Card","Potion","Card","Card","Relic","Potion"],"build_version":"2020-12-13","purchased_purges":0,"victory":false,"max_hp_per_floor":[75,75,75,75,75,75,75,75,75,80,80,80,80,80,80,80,80,80,80,80,80,80,80,80,80,80,82,84,84,84,84,84,84,84,86,86,91,91,96,96,98,98,98,100,102,102,105,107,107,107,107,107,107,109,109,109],"card_choices":[{"not_picked":["Heavy Blade","Clothesline"],"picked":"Sword Boomerang","floor":1.0},{"not_picked":["Battle Trance","Sword Boomerang"],"picked":"Metallicize","floor":3.0},{"not_picked":["Carnage","Ghostly Armor"],"picked":"Perfected Strike","floor":5.0},{"not_picked":["Brutality","Iron Wave"],"picked":"Limit Break","floor":6.0},{"not_picked":["Battle Trance","True Grit"],"picked":"Seeing Red","floor":8.0},{"not_picked":["Perfected Strike","Wild Strike"],"picked":"Intimidate","floor":10.0},{"not_picked":["Battle Trance","Rampage"],"picked":"Warcry","floor":11.0},{"not_picked":["Clothesline","Sever Soul"],"picked":"Offering","floor":12.0},{"not_picked":["Headbutt","Flex"],"picked":"Dark Embrace","floor":13.0},{"not_picked":["Exhume","Brutality"],"picked":"Limit Break","floor":16.0},{"not_picked":["Havoc","Blood for Blood"],"picked":"Sever Soul","floor":18.0},{"not_picked":["True Grit","Twin Strike","Iron Wave"],"picked":"SKIP","floor":21.0},{"not_picked":["Fiend Fire","Shrug It Off"],"picked":"Demon Form","floor":24.0},{"not_picked":["Thunderclap","Entrench+1","Armaments"],"picked":"Singing Bowl","floor":27.0},{"not_picked":["Armaments","Hemokinesis","Thunderclap"],"picked":"Singing Bowl","floor":28.0},{"not_picked":["Metallicize","Perfected Strike"],"picked":"Exhume","floor":30.0},{"not_picked":["Reaper","Demon Form"],"picked":"Feed","floor":33.0},{"not_picked":["Anger","Intimidate+1","Flex"],"picked":"Singing Bowl","floor":35.0},{"not_picked":["Entrench","Hemokinesis","Armaments"],"picked":"Singing Bowl","floor":37.0},{"not_picked":["Combust","Feel No Pain","Iron Wave"],"picked":"Singing Bowl","floor":39.0},{"not_picked":["Entrench+1","Exhume","Twin Strike+1"],"picked":"Singing Bowl","floor":41},{"not_picked":["Perfected Strike","Havoc","Headbutt"],"picked":"Singing Bowl","floor":44},{"not_picked":["Reckless Charge","Searing Blow+1","Pommel Strike+1"],"picked":"Singing Bowl","floor":45},{"not_picked":["True Grit","Juggernaut"],"picked":"Fire Breathing","floor":47},{"not_picked":["Infernal Blade","True Grit+1","Cleave+1"],"picked":"Singing Bowl","floor":48},{"not_picked":["Iron Wave","Sentinel","Impervious"],"picked":"Singing Bowl","floor":54}],"player_experience":1963328,"relics_obtained":[{"floor":6.0,"key":"Anchor"},{"floor":8.0,"key":"Dead Branch"},{"floor":9.0,"key":"Shuriken"},{"floor":13.0,"key":"Turnip"},{"floor":24.0,"key":"Singing Bowl"},{"floor":26.0,"key":"Orichalcum"},{"floor":27.0,"key":"MealTicket"},{"floor":41,"key":"PreservedInsect"},{"floor":44,"key":"Magic Flower"},{"floor":45,"key":"Vajra"},{"floor":47,"key":"StrikeDummy"},{"floor":54,"key":"Red Skull"}],"event_choices":[{"damage_healed":0.0,"max_hp_gain":0.0,"max_hp_loss":0.0,"gold_gain":0.0,"event_name":"The Woman in Blue","player_choice":"Bought 3 Potions","floor":2.0,"gold_loss":0.0,"damage_taken":0.0},{"cards_removed":["Perfected Strike"],"damage_healed":0.0,"max_hp_gain":0.0,"max_hp_loss":0.0,"gold_gain":0.0,"event_name":"Beggar","player_choice":"Gave Gold","floor":19.0,"gold_loss":75.0,"damage_taken":0.0},{"damage_healed":0.0,"max_hp_gain":0.0,"max_hp_loss":0.0,"gold_gain":0.0,"event_name":"Vampires","player_choice":"Ignored","floor":20.0,"gold_loss":0.0,"damage_taken":0.0},{"damage_healed":0.0,"max_hp_gain":0.0,"max_hp_loss":0.0,"gold_gain":0.0,"event_name":"WeMeetAgain","player_choice":"Paid Gold","floor":22.0,"gold_loss":79.0,"damage_taken":0.0,"relics_obtained":["Bird Faced Urn"]},{"cards_removed":["Limit Break"],"damage_healed":0.0,"max_hp_gain":0.0,"max_hp_loss":0.0,"gold_gain":0.0,"event_name":"Wheel of Change","player_choice":"Card Removal","floor":36.0,"gold_loss":0.0,"damage_taken":0.0},{"damage_healed":0,"gold_gain":0,"player_choice":"Fight","damage_taken":0,"max_hp_gain":0,"max_hp_loss":0,"event_name":"Mysterious Sphere","floor":44,"gold_loss":0}],"is_beta":false,"boss_relics":[{"not_picked":["Philosopher\u0027s Stone","Black Star"],"picked":"Pandora\u0027s Box"},{"not_picked":["Fusion Hammer","Tiny House"],"picked":"Astrolabe"}],"items_purged_floors":[],"is_endless":false,"potions_floor_spawned":[5,6,10,12,16,18,24,27,39,44,47],"killed_by":"The Heart","ascension_level":15}}