{"host":"jielpdldxluclcd7","time":1608258471,"event":{"mods":["AchievementEnabler","BaseMod","CapriCore","Colored Map","DeckTracker","Highlight Path","KOR Keyword Fix","Minty Spire (QoL Compilation)","Permanent Neow","StSLib"],"gold_per_floor":[110,185,185,185,185,185,185,40,67,67,67],"floor_reached":10,"playtime":368,"items_purged":[],"score":137,"play_id":"09093abe-8266-47b8-8745-18107c8085d3","local_time":"20201218112751","daily_mods":["Draft","Heirloom","Time Dilation","Flight"],"is_ascension_mode":false,"campfire_choices":[{"data":"Crescendo","floor":6.0,"key":"SMITH"},{"data":"Tantrum","floor":7.0,"key":"SMITH"}],"circlet_count":0,"master_deck":["ClearTheMind","SashWhip","Halt+1","FlyingSleeves","Consecrate","EmptyFist","ClearTheMind","Indignation","LikeWater","Wallop","FlurryOfBlows","Halt","Evaluate+1","Tantrum+1","Crescendo+1"],"relics":["PureWater","Mango","Oddly Smooth Stone","Art of War"],"acts_visited":["Exordium"],"potions_floor_usage":[],"damage_taken":[{"damage":0.0,"enemies":"2 Louse","floor":1.0,"turns":2.0},{"damage":0.0,"enemies":"3 Sentries","floor":10.0,"turns":3.0}],"seed_played":"2640144539929455096","potions_obtained":[],"is_trial":true,"path_per_floor":["M","?","?","?","?","R","R","$","T","E"],"character_chosen":"WATCHER","items_purchased":["Oddly Smooth Stone"],"campfire_rested":0,"item_purchase_floors":[8],"current_hp_per_floor":[86,75,75,68,51,51,51,51,51,51,51],"gold":67,"neow_bonus":"","is_daily":false,"chose_seed":false,"campfire_upgraded":2,"win_rate":0.0,"timestamp":1608258471,"path_taken":["M","?","?","?","?","R","R","$","T","E"],"items_purchased_type":["Relic"],"build_version":"2020-12-13","purchased_purges":0,"victory":false,"max_hp_per_floor":[86,86,86,86,86,86,86,86,86,86,86],"card_choices":[{"not_picked":["Collect","MentalFortress"],"picked":"ClearTheMind","floor":0.0},{"not_picked":["CutThroughFate","ThirdEye"],"picked":"SashWhip","floor":0.0},{"not_picked":["EmptyBody","Evaluate"],"picked":"Halt","floor":0.0},{"not_picked":["SashWhip","Halt"],"picked":"FlyingSleeves","floor":0.0},{"not_picked":["ClearTheMind","WheelKick"],"picked":"Consecrate","floor":0.0},{"not_picked":["Sanctity","Evaluate"],"picked":"EmptyFist","floor":0.0},{"not_picked":["Nirvana","SashWhip"],"picked":"ClearTheMind","floor":0.0},{"not_picked":["FollowUp","Prostrate"],"picked":"Indignation","floor":0.0},{"not_picked":["Collect","Worship"],"picked":"LikeWater","floor":0.0},{"not_picked":["EmptyFist","JustLucky"],"picked":"Wallop","floor":0.0},{"not_picked":["DeceiveReality","ThirdEye"],"picked":"FlurryOfBlows","floor":0.0},{"not_picked":["Protect","SignatureMove"],"picked":"Halt","floor":0.0},{"not_picked":["PathToVictory","CutThroughFate"],"picked":"JustLucky","floor":0.0},{"not_picked":["BowlingBash","JustLucky"],"picked":"Evaluate","floor":0.0},{"not_picked":["PathToVictory","Halt"],"picked":"Tantrum","floor":0.0},{"not_picked":["FlyingSleeves","Swivel"],"picked":"Crescendo","floor":1.0}],"player_experience":161030,"relics_obtained":[{"floor":9.0,"key":"Art of War"}],"event_choices":[{"damage_healed":0.0,"max_hp_gain":0.0,"max_hp_loss":0.0,"gold_gain":75.0,"event_name":"World of Goop","player_choice":"Gather Gold","floor":2.0,"gold_loss":0.0,"damage_taken":11.0},{"damage_healed":0.0,"max_hp_gain":0.0,"max_hp_loss":0.0,"gold_gain":0.0,"event_name":"Liars Game","player_choice":"Ignored","floor":3.0,"gold_loss":0.0,"damage_taken":0.0},{"cards_removed":["JustLucky"],"damage_healed":0.0,"max_hp_gain":0.0,"max_hp_loss":0.0,"gold_gain":0.0,"event_name":"Golden Wing","player_choice":"Card Removal","floor":4.0,"gold_loss":0.0,"damage_taken":7.0},{"damage_healed":0.0,"max_hp_gain":0.0,"max_hp_loss":0.0,"gold_gain":0.0,"event_name":"Shining Light","player_choice":"Entered Light","floor":5.0,"gold_loss":0.0,"damage_taken":17.0,"cards_upgraded":["Evaluate","Halt"]}],"is_beta":false,"boss_relics":[],"items_purged_floors":[],"is_endless":true,"potions_floor_spawned":[10],"killed_by":"3 Sentries","ascension_level":0}}