{"host":"dt8tt9y5uobrbn6j","time":1608265216,"event":{"mods":["Act Like it!","Aspiration","BaseMod","Better Third Choice","BetterRewards","Card Forge","Colored Powertips","Conspire","Hubris","Infinite Spire","Minty Spire (QoL Compilation)","Quick Restart","Relic Stats","Replay The Spire","Retaliation","Shop Mod","StSLib","vexMod","óô»ðÖ¸ÄÏ"],"gold_per_floor":[118,130,130,140,158,158,175,209,209,243,243,243,243,243,243],"floor_reached":14,"playtime":681,"items_purged":[],"score":200,"play_id":"056f5c25-a0cb-4076-a9e1-d7d53507cb93","local_time":"20201218122016","is_ascension_mode":true,"campfire_choices":[{"data":"Well Laid Plans","floor":6.0,"key":"SMITH"},{"floor":12.0,"key":"REST"}],"circlet_count":0,"master_deck":["AscendersBane","Strike_G","Strike_G","Strike_G","Strike_G","Defend_G","Defend_G","Defend_G","Defend_G","Defend_G","Survivor","Neutralize","Apotheosis+1","Well Laid Plans+1","Dagger Spray","Hidden Blade","Dodge and Roll","ReplayTheSpireMod:Speed Training","conspire:DoublingDagger","Sneak Up","Pot Of Greed","Pot Of Greed","conspire:PoisonWeapons","Burst"],"relics":["Ring of the Snake","Hammer of Thor","Seething Fire","Anvil of the Gods","Ninja Scroll","Strawberry","hubris:BottledRain","Grinning Jar","Golden Idol"],"acts_visited":["Exordium"],"potions_floor_usage":[14],"damage_taken":[{"damage":0.0,"enemies":"2 Louse","floor":1.0,"turns":3.0},{"damage":0.0,"enemies":"Cultist","floor":2.0,"turns":3.0},{"damage":2.0,"enemies":"conspire:RoseBush","floor":4.0,"turns":2.0},{"damage":3.0,"enemies":"Blue Slaver","floor":5.0,"turns":5.0},{"damage":0.0,"enemies":"Large Slime","floor":7.0,"turns":7.0},{"damage":12.0,"enemies":"Nightmare","floor":8.0,"turns":13.0},{"damage":37.0,"enemies":"Lagavulin","floor":10.0,"turns":10.0},{"damage":39,"enemies":"Gremlin Nob","floor":14,"turns":3}],"seed_played":"-3030406873866268958","potions_obtained":[{"floor":4.0,"key":"BlessingOfTheForge"},{"floor":5.0,"key":"EntropicBrew"},{"floor":10.0,"key":"SneckoOil"}],"is_trial":false,"path_per_floor":["M","M","?","M","M","R","M","NM","T","E","?","R","?","E"],"character_chosen":"THE_SILENT","items_purchased":["Apotheosis","Well Laid Plans","Ninja Scroll"],"campfire_rested":1,"item_purchase_floors":[0,0,0],"current_hp_per_floor":[41,41,41,39,36,36,36,31,31,9,9,28,28,0,0],"gold":243,"neow_bonus":"","is_daily":false,"chose_seed":false,"campfire_upgraded":1,"win_rate":0.0,"timestamp":1608265216,"path_taken":["M","M","?","?","M","R","M","NM","T","E","?","R","?","E"],"items_purchased_type":["Card","Card","Relic"],"build_version":"2020-12-13","purchased_purges":0,"victory":false,"max_hp_per_floor":[66,66,66,66,66,66,66,73,73,73,66,66,66,66,66],"relic_stats":{"counters":[71,283],"Golden Idol":0,"obtain_stats":[{"Golden Egg":5,"Tiny House":34,"hubris:CrystalStatue":43,"Gremlin Horn":0,"conspire:RoyalGoblet":13,"Hammer of Thor":0,"infinitespire:Cubic Diamond":13,"aspiration:Stabinomicon":24,"hubris:MysteriousPyramids":54,"Sozu":34,"Centennial Puzzle":0,"HornCleat":0,"vexMod:CardConverter":0,"Sundial":0,"Strawberry":8,"Toxic Egg 2":2,"conspire:Dentures":0,"MerchantsRug":0,"conspire:TreasureMap":0,"aspiration:Nostalgia":0,"ReplayTheSpireMod:CursedCoin":0,"Counterbalance":22,"Oddly Smooth Stone":47,"Eternal Feather":40,"Pen Nib":39,"aspiration:HiddenCompartment":42,"vexMod:GhostlyGear":0,"OrangePellets":0,"Replay:Baseball":21,"ReplayTheSpireMod:Spearhead":44,"Anvil of the Gods":0,"Bronze Scales":0,"hubris:TenFootPole":0,"conspire:BottledYoYo":47,"Grinning Jar":10,"aspiration:HatOfInfinitePower":49,"Unceasing Top":25,"infinitespire:PuzzleCube":42,"Pocketwatch":48,"vexMod:PlasmaPancake":0,"Lantern":0,"aspiration:Lifesprig":29,"Singing Bowl":40,"Magic Flower":26,"Blue Doll":0,"Replay:Multitool":8,"Juzu Bracelet":10,"Burning Blood":0,"Pet Ghost":0,"Replay:Rubber Ducky":4,"Dream Catcher":24,"Replay:Bandana":28,"Shovel":6,"Mummified Hand":25,"Ninja Scroll":0,"hubris:Stopwatch":17,"hubris:IronBody":43,"Cracked Core":0,"Ring of the Snake":0,"BargainBundle":54,"aspiration:FetidBarrel":0,"Golden Idol":11,"PreservedInsect":5,"infinitespire:Joker Card":45,"Seething Fire":0,"infinitespire:CheckeredPen":46,"Orichalcum":23,"Medical Kit":0,"White Beast Statue":9,"Replay:Arrowhead":0,"Strange Spoon":0,"Ornamental Fan":0,"Ectoplasm":4,"Garlic":53,"hubris:GrandSneckoEye":17,"Art of War":48,"Membership Card":0,"PureWater":0,"conspire:DeflatedDodgeball":55,"ReplayTheSpireMod:Lightbulb":0,"hubris:OldNail":0,"infinitespire:Midas Blood":53,"hubris:BottledRain":9},{"Golden Egg":33,"Tiny House":17,"hubris:CrystalStatue":55,"Gremlin Horn":29,"conspire:RoyalGoblet":37,"Hammer of Thor":0,"infinitespire:Cubic Diamond":8,"aspiration:Stabinomicon":43,"hubris:MysteriousPyramids":27,"Sozu":49,"Centennial Puzzle":29,"HornCleat":2,"vexMod:CardConverter":29,"Sundial":2,"Strawberry":69,"Toxic Egg 2":1,"conspire:Dentures":29,"MerchantsRug":0,"conspire:TreasureMap":29,"aspiration:Nostalgia":29,"ReplayTheSpireMod:CursedCoin":29,"Counterbalance":43,"Oddly Smooth Stone":23,"Eternal Feather":54,"Pen Nib":53,"aspiration:HiddenCompartment":55,"vexMod:GhostlyGear":2,"OrangePellets":0,"Replay:Baseball":12,"ReplayTheSpireMod:Spearhead":23,"Anvil of the Gods":0,"Bronze Scales":2,"hubris:TenFootPole":2,"conspire:BottledYoYo":58,"Grinning Jar":70,"aspiration:HatOfInfinitePower":24,"Unceasing Top":14,"infinitespire:PuzzleCube":22,"Pocketwatch":24,"vexMod:PlasmaPancake":2,"Lantern":2,"aspiration:Lifesprig":16,"Singing Bowl":21,"Magic Flower":14,"Blue Doll":0,"Replay:Multitool":7,"Juzu Bracelet":8,"Burning Blood":0,"Pet Ghost":29,"Replay:Rubber Ducky":1,"Dream Catcher":14,"Replay:Bandana":46,"Shovel":34,"Mummified Hand":44,"Ninja Scroll":63,"hubris:Stopwatch":10,"hubris:IronBody":22,"Cracked Core":29,"Ring of the Snake":0,"BargainBundle":61,"aspiration:FetidBarrel":29,"Golden Idol":70,"PreservedInsect":1,"infinitespire:Joker Card":57,"Seething Fire":0,"infinitespire:CheckeredPen":58,"Orichalcum":43,"Medical Kit":2,"White Beast Statue":7,"Replay:Arrowhead":29,"Strange Spoon":2,"Ornamental Fan":2,"Ectoplasm":1,"Garlic":27,"hubris:GrandSneckoEye":39,"Art of War":59,"Membership Card":2,"PureWater":0,"conspire:DeflatedDodgeball":62,"ReplayTheSpireMod:Lightbulb":2,"hubris:OldNail":2,"infinitespire:Midas Blood":61,"hubris:BottledRain":69},{"Golden Egg":127,"Tiny House":79,"hubris:CrystalStatue":209,"Gremlin Horn":114,"conspire:RoyalGoblet":142,"Hammer of Thor":0,"infinitespire:Cubic Diamond":39,"aspiration:Stabinomicon":173,"hubris:MysteriousPyramids":105,"Sozu":189,"Centennial Puzzle":114,"HornCleat":13,"vexMod:CardConverter":114,"Sundial":13,"Strawberry":270,"Toxic Egg 2":4,"conspire:Dentures":114,"MerchantsRug":0,"conspire:TreasureMap":114,"aspiration:Nostalgia":114,"ReplayTheSpireMod:CursedCoin":114,"Counterbalance":173,"Oddly Smooth Stone":97,"Eternal Feather":205,"Pen Nib":202,"aspiration:HiddenCompartment":209,"vexMod:GhostlyGear":13,"OrangePellets":0,"Replay:Baseball":51,"ReplayTheSpireMod:Spearhead":97,"Anvil of the Gods":0,"Bronze Scales":13,"hubris:TenFootPole":13,"conspire:BottledYoYo":218,"Grinning Jar":280,"aspiration:HatOfInfinitePower":98,"Unceasing Top":60,"infinitespire:PuzzleCube":94,"Pocketwatch":98,"vexMod:PlasmaPancake":13,"Lantern":13,"aspiration:Lifesprig":73,"Singing Bowl":93,"Magic Flower":60,"Blue Doll":0,"Replay:Multitool":36,"Juzu Bracelet":39,"Burning Blood":0,"Pet Ghost":114,"Replay:Rubber Ducky":4,"Dream Catcher":60,"Replay:Bandana":183,"Shovel":134,"Mummified Hand":178,"Ninja Scroll":237,"hubris:Stopwatch":46,"hubris:IronBody":94,"Cracked Core":114,"Ring of the Snake":0,"BargainBundle":229,"aspiration:FetidBarrel":114,"Golden Idol":280,"PreservedInsect":4,"infinitespire:Joker Card":216,"Seething Fire":0,"infinitespire:CheckeredPen":218,"Orichalcum":173,"Medical Kit":13,"White Beast Statue":36,"Replay:Arrowhead":114,"Strange Spoon":13,"Ornamental Fan":13,"Ectoplasm":4,"Garlic":105,"hubris:GrandSneckoEye":154,"Art of War":222,"Membership Card":13,"PureWater":0,"conspire:DeflatedDodgeball":232,"ReplayTheSpireMod:Lightbulb":13,"hubris:OldNail":13,"infinitespire:Midas Blood":229,"hubris:BottledRain":270}],"Ring of the Snake":[16]},"card_choices":[{"not_picked":["Outmaneuver","Poisoned Stab"],"picked":"Dagger Spray","floor":1.0},{"not_picked":["Poisoned Stab","Hidden Blade","Outmaneuver"],"picked":"SKIP","floor":2.0},{"not_picked":["Poisoned Stab","Outmaneuver"],"picked":"Hidden Blade","floor":2.0},{"not_picked":["Infinite Blades","Eviscerate"],"picked":"Dodge and Roll","floor":4.0},{"not_picked":["Flying Knee","hubris:TrickCloak"],"picked":"ReplayTheSpireMod:Speed Training","floor":5.0},{"not_picked":["Outmaneuver","Poisoned Stab"],"picked":"conspire:DoublingDagger","floor":7.0},{"not_picked":["Blade Dance","conspire:DoublingDagger"],"picked":"Sneak Up","floor":8.0},{"not_picked":["Leg Sweep","Infinite Blades"],"picked":"conspire:PoisonWeapons","floor":10.0}],"player_experience":795424,"relics_obtained":[{"floor":8.0,"key":"Strawberry"},{"floor":9.0,"key":"hubris:BottledRain"},{"floor":10.0,"key":"Grinning Jar"}],"event_choices":[{"damage_healed":0.0,"max_hp_gain":0.0,"max_hp_loss":0.0,"gold_gain":0.0,"event_name":"Upgrade Shrine","player_choice":"Upgraded","floor":3.0,"gold_loss":0.0,"damage_taken":0.0,"cards_upgraded":["Apotheosis"]},{"damage_healed":0.0,"max_hp_gain":0.0,"max_hp_loss":7.0,"gold_gain":0.0,"event_name":"Golden Idol","player_choice":"Lose Max HP","floor":11.0,"gold_loss":0.0,"damage_taken":0.0,"relics_obtained":["Golden Idol"]},{"damage_healed":0.0,"max_hp_gain":0.0,"max_hp_loss":0.0,"gold_gain":0.0,"cards_transformed":["Strike_G"],"event_name":"Living Wall","player_choice":"Change","floor":13.0,"gold_loss":0.0,"damage_taken":0.0,"cards_obtained":["Burst"]}],"is_beta":false,"boss_relics":[],"items_purged_floors":[],"is_endless":false,"potions_floor_spawned":[4,5,10],"killed_by":"Gremlin Nob","ascension_level":20}}