{"host":"Mythic","time":1608264425,"event":{"mods":["BaseMod","Minty Spire (QoL Compilation)","Relic Stats","StSLib"],"gold_per_floor":[115,115,130,145,145,145,186,186,186,211,226,283,299,194,194,194,194],"floor_reached":16,"playtime":410,"items_purged":[],"score":163,"play_id":"15631580-935c-4197-9acd-94aa4fbbd6f4","local_time":"20201217230705","is_ascension_mode":true,"campfire_choices":[{"data":"Neutralize","floor":6,"key":"SMITH"},{"floor":8,"key":"REST"},{"data":"Calculated Gamble","floor":15,"key":"SMITH"}],"circlet_count":0,"master_deck":["AscendersBane","Strike_G","Strike_G","Strike_G","Strike_G","Strike_G","Defend_G","Defend_G","Defend_G+1","Defend_G","Defend_G","Survivor","Neutralize+1","Flying Knee+1","Masterful Stab","Quick Slash","Escape Plan","Backflip","PiercingWail","Calculated Gamble+1"],"relics":["Sozu","Golden Idol","Darkstone Periapt","Molten Egg 2"],"acts_visited":["Exordium"],"potions_floor_usage":[],"damage_taken":[{"damage":2,"enemies":"Jaw Worm","floor":1,"turns":5},{"damage":0,"enemies":"2 Louse","floor":3,"turns":4},{"damage":1,"enemies":"Small Slimes","floor":4,"turns":3},{"damage":30,"enemies":"Lagavulin","floor":7,"turns":8},{"damage":1,"enemies":"Blue Slaver","floor":10,"turns":3},{"damage":2,"enemies":"Large Slime","floor":11,"turns":7},{"damage":0,"enemies":"3 Louse","floor":13,"turns":2},{"damage":9,"enemies":"Hexaghost","floor":16,"turns":11}],"seed_played":"7161843852842080371","potions_obtained":[],"is_trial":false,"path_per_floor":["M","?","M","M","?","R","E","R","T","M","M","?","M","$","R","B"],"character_chosen":"THE_SILENT","items_purchased":["PiercingWail","Calculated Gamble"],"campfire_rested":1,"item_purchase_floors":[14,14],"current_hp_per_floor":[61,61,61,60,47,47,17,36,36,35,33,33,33,33,33,24,24],"gold":194,"neow_bonus":"BOSS_RELIC","is_daily":false,"chose_seed":false,"campfire_upgraded":2,"win_rate":0.0,"timestamp":1608264425,"path_taken":["M","?","M","M","?","R","E","R","T","M","M","?","M","$","R","BOSS"],"items_purchased_type":["Card","Card"],"build_version":"2020-12-17","purchased_purges":0,"victory":false,"max_hp_per_floor":[70,65,65,65,65,65,65,65,65,65,65,65,65,65,65,65,65],"relic_stats":{"Sozu":3,"Darkstone Periapt":0,"counters":[8,43],"Golden Idol":25,"obtain_stats":[{"Sozu":0,"Darkstone Periapt":7,"Golden Idol":2,"Molten Egg 2":9,"Ring of the Snake":0},{"Sozu":0,"Darkstone Periapt":4,"Golden Idol":1,"Molten Egg 2":4,"Ring of the Snake":0},{"Sozu":0,"Darkstone Periapt":20,"Golden Idol":5,"Molten Egg 2":20,"Ring of the Snake":0}]},"card_choices":[{"not_picked":["Outmaneuver","Sucker Punch"],"picked":"Flying Knee","floor":1},{"not_picked":["Reflex","Flying Knee"],"picked":"Masterful Stab","floor":3},{"not_picked":["Dagger Throw","Slice"],"picked":"Quick Slash","floor":4},{"not_picked":["All Out Attack","Flying Knee"],"picked":"Escape Plan","floor":7},{"not_picked":["All Out Attack+1","Blade Dance"],"picked":"Backflip","floor":10},{"not_picked":["Bane+1","Choke+1","Acrobatics"],"picked":"SKIP","floor":11},{"not_picked":["Setup","Bullet Time","Skewer+1"],"picked":"SKIP","floor":13}],"player_experience":815561,"relics_obtained":[{"floor":7,"key":"Darkstone Periapt"},{"floor":9,"key":"Molten Egg 2"}],"event_choices":[{"damage_healed":0,"gold_gain":0,"player_choice":"Lose Max HP","damage_taken":0,"relics_obtained":["Golden Idol"],"max_hp_gain":0,"max_hp_loss":5,"event_name":"Golden Idol","floor":2,"gold_loss":0},{"damage_healed":0,"gold_gain":0,"player_choice":"Entered Light","damage_taken":13,"max_hp_gain":0,"max_hp_loss":0,"event_name":"Shining Light","floor":5,"gold_loss":0,"cards_upgraded":["Flying Knee","Defend_G"]},{"damage_healed":0,"gold_gain":57,"player_choice":"Gained Gold","damage_taken":0,"max_hp_gain":0,"max_hp_loss":0,"event_name":"Golden Wing","floor":12,"gold_loss":0}],"is_beta":true,"boss_relics":[],"items_purged_floors":[],"is_endless":false,"potions_floor_spawned":[4,11,13],"killed_by":"Hexaghost","ascension_level":12}}