{"host":"5u4m3sklrpw6xc20","time":1608263356,"event":{"mods":["2.2 Compatiblity","BaseMod","Better Third Choice","CapriCore","Colored Map","Hermit","Hubris","Infinite Spire","Minty Spire (QoL Compilation)","Permanent Neow","Replay The Spire","Shade Mod","Spicy Shops","StSLib","SuperFastMode","The Cursed","The Gatherer","The Immortal","The Necromancer","The Runesmith"],"gold_per_floor":[118,129,148,73,86,86,106,133,133,33,33,33,48,68,68,68,68],"floor_reached":16,"playtime":419,"items_purged":["Strike_G","Strike_G"],"score":94,"play_id":"f72cf463-256b-45a3-adb8-e215a2842fb3","local_time":"20201217214916","is_ascension_mode":false,"campfire_choices":[{"data":"Infinite Blades","floor":6,"key":"SMITH"},{"data":"Neutralize","floor":11,"key":"SMITH"},{"data":"Blade Dance","floor":15,"key":"SMITH"}],"circlet_count":0,"master_deck":["Strike_G","Strike_G","Strike_G","Defend_G","Defend_G","Defend_G","Defend_G","Defend_G","Survivor","Neutralize+1","Infinite Blades+1","Blade Dance+1"],"relics":["Ring of the Snake","Nunchaku","Bag of Preparation","hubris:MysteriousPyramids"],"acts_visited":["Exordium"],"potions_floor_usage":[5],"damage_taken":[{"damage":0,"enemies":"Cultist","floor":1,"turns":5},{"damage":0,"enemies":"Small Slimes","floor":2,"turns":4},{"damage":0,"enemies":"Jaw Worm","floor":3,"turns":4},{"damage":0,"enemies":"Looter","floor":5,"turns":4},{"damage":6,"enemies":"3 Louse","floor":7,"turns":4},{"damage":0,"enemies":"Large Slime","floor":13,"turns":5},{"damage":1,"enemies":"Blue Slaver","floor":14,"turns":2},{"damage":0,"enemies":"The Guardian","floor":16,"turns":2}],"seed_played":"7631755146313613519","potions_obtained":[{"floor":1,"key":"EssenceOfSteel"},{"floor":2,"key":"Poison Potion"},{"floor":5,"key":"Block Potion"},{"floor":14,"key":"infinitespire:BlackPotion"}],"is_trial":false,"path_per_floor":["M","M","M","$","M","R","M","T","T","$","R","$","M","M","R","B"],"character_chosen":"THE_SILENT","items_purchased":[],"campfire_rested":0,"item_purchase_floors":[],"current_hp_per_floor":[70,70,70,70,70,70,64,64,64,64,64,64,64,63,63,63,63],"gold":68,"neow_bonus":"RANDOM_COMMON_RELIC","is_daily":false,"chose_seed":false,"campfire_upgraded":3,"win_rate":0.0,"timestamp":1608263356,"path_taken":["M","M","?","$","M","R","M","?","T","$","R","?","M","?","R","BOSS"],"items_purchased_type":[],"build_version":"2020-12-13","purchased_purges":2,"victory":false,"max_hp_per_floor":[70,70,70,70,70,70,70,70,70,70,70,70,70,70,70,70,70],"card_choices":[{"not_picked":["Bane","Sucker Punch","Terror"],"picked":"SKIP","floor":1},{"not_picked":["Dash","Underhanded Strike","hubris:Counter"],"picked":"SKIP","floor":2},{"not_picked":["Dash","Underhanded Strike","hubris:Counter"],"picked":"SKIP","floor":2},{"not_picked":["PiercingWail","hubris:SlightOfHand"],"picked":"Infinite Blades","floor":3},{"not_picked":["Dagger Throw","Eviscerate","Flying Knee"],"picked":"SKIP","floor":5},{"not_picked":["Unload","Dagger Spray"],"picked":"Blade Dance","floor":7},{"not_picked":["Dagger Throw","Deflect","Setup"],"picked":"SKIP","floor":13},{"not_picked":["hubris:TrickCloak","Terror","Bouncing Flask"],"picked":"SKIP","floor":14}],"player_experience":258285,"relics_obtained":[{"floor":8,"key":"Bag of Preparation"},{"floor":9,"key":"hubris:MysteriousPyramids"}],"event_choices":[],"is_beta":false,"boss_relics":[],"items_purged_floors":[4,10],"is_endless":false,"potions_floor_spawned":[1,2,5,14],"killed_by":"The Guardian","ascension_level":0}}