{"host":"no0bdlpxzp7bzzks","time":1608269962,"event":{"mods":["BaseMod","Better Match","Block Reminder","Colored Map","Curses Come First","DeckTracker","Downfall","Duelist Mod","Filter the Spire","Highlight Path","Jorbs\u0027s Wanderer Trilogy","Key Reminder","Mad Scientist","Minty Spire (QoL Compilation)","Permanent Neow","Relic Sorter","Relic Stats","StSLib","The Construct"],"gold_per_floor":[117,192,208,222,7,33,33,58,81,101,101,126,76,5,5,130,130,145,145,60,81,81,81],"floor_reached":22,"playtime":2151,"items_purged":[],"score":234,"play_id":"83dc3ebd-b603-4f2a-855f-a95e17233119","local_time":"20201217233922","is_ascension_mode":false,"campfire_choices":[{"data":"MadScienceMod:Probe","floor":7.0,"key":"SMITH"},{"data":"MadScienceMod:MinatureWeapons","floor":15.0,"key":"SMITH"}],"circlet_count":0,"master_deck":["MadScienceMod:Strike_MadScience","MadScienceMod:Strike_MadScience","MadScienceMod:Strike_MadScience","MadScienceMod:Defend_MadScience","MadScienceMod:Defend_MadScience+1","MadScienceMod:Defend_MadScience","MadScienceMod:Defend_MadScience","MadScienceMod:PoweredStrike","MadScienceMod:HideBehindJunk","MadScienceMod:Redesign+1","MadScienceMod:AssemblyLine","MadScienceMod:GattlingGun","MadScienceMod:Probe+1","expansioncontent:QuickStudy","MadScienceMod:Tune","MadScienceMod:PowerArmor","MadScienceMod:PowerArmor","MadScienceMod:MinatureWeapons+1","MadScienceMod:Refine","MadScienceMod:EnergyBarrier","MadScienceMod:RecyclingStation","MadScienceMod:Refuel"],"relics":["MadScienceMod:FuelTank","Omamori","keyreminder:keyreminder","War Paint","Bag of Preparation","Golden Idol","MadScienceMod:PortablePumpjack","Torii"],"acts_visited":["Exordium","TheCity"],"potions_floor_usage":[],"damage_taken":[{"damage":1.0,"enemies":"2 Louse","floor":1.0,"turns":3.0},{"damage":5.0,"enemies":"Jaw Worm","floor":3.0,"turns":5.0},{"damage":3.0,"enemies":"Cultist","floor":4.0,"turns":5.0},{"damage":20.0,"enemies":"Gremlin Nob","floor":6.0,"turns":4.0},{"damage":16.0,"enemies":"Red Slaver","floor":10.0,"turns":6.0},{"damage":15.0,"enemies":"Large Slime","floor":12.0,"turns":10.0},{"damage":0.0,"enemies":"Hexaghost","floor":16.0,"turns":12.0},{"damage":52,"enemies":"2 Thieves","floor":18,"turns":4},{"damage":11,"enemies":"Shell Parasite","floor":21,"turns":7},{"damage":7,"enemies":"Snake Plant","floor":22,"turns":1}],"seed_played":"-4743719531890815700","potions_obtained":[{"floor":1.0,"key":"champ:CounterPotion"},{"floor":3.0,"key":"Strength Potion"},{"floor":4.0,"key":"Explosive Potion"}],"is_trial":false,"path_per_floor":["M","?","M","M","$","E","R","T","T","M","?","M","?","$","R","B",null,"M","?","?","M","M"],"character_chosen":"MAD_SCIENTIST","items_purchased":["MadScienceMod:Probe","expansioncontent:QuickStudy","MadScienceMod:MinatureWeapons"],"campfire_rested":0,"item_purchase_floors":[5,5,14],"current_hp_per_floor":[74,63,58,55,55,35,35,35,35,19,19,4,4,4,4,4,69,17,17,17,6,0,0],"gold":81,"neow_bonus":"RANDOM_COMMON_RELIC","is_daily":false,"chose_seed":false,"campfire_upgraded":2,"win_rate":0.0,"timestamp":1608269962,"path_taken":["M","?","M","M","$","E","R","?","T","?","?","M","?","$","R","BOSS","M","?","?","M","M"],"items_purchased_type":["Card","Card","Card"],"build_version":"2020-12-13","purchased_purges":0,"victory":false,"max_hp_per_floor":[75,75,75,75,75,75,75,75,75,75,69,69,69,69,69,69,69,69,69,69,69,69,69],"relic_stats":{"Torii":3,"counters":[10,57],"Golden Idol":37,"Bag of Preparation":[12],"War Paint":["MadScienceMod:Redesign","MadScienceMod:Defend_MadScience"],"obtain_stats":[{"MadScienceMod:FuelTank":0,"keyreminder:keyreminder":6,"Torii":20,"Golden Idol":11,"MadScienceMod:PortablePumpjack":17,"Omamori":0,"Bag of Preparation":8,"War Paint":6},{"MadScienceMod:FuelTank":0,"keyreminder:keyreminder":4,"Torii":8,"Golden Idol":5,"MadScienceMod:PortablePumpjack":7,"Omamori":0,"Bag of Preparation":4,"War Paint":4},{"MadScienceMod:FuelTank":0,"keyreminder:keyreminder":17,"Torii":49,"Golden Idol":23,"MadScienceMod:PortablePumpjack":45,"Omamori":0,"Bag of Preparation":17,"War Paint":17}]},"card_choices":[{"not_picked":["MadScienceMod:Retarget","MadScienceMod:MechanicalClaw"],"picked":"MadScienceMod:Redesign","floor":1.0},{"not_picked":["MadScienceMod:FragmentationGrenade","MadScienceMod:EnergyBarrier"],"picked":"MadScienceMod:AssemblyLine","floor":3.0},{"not_picked":["MadScienceMod:FlexibleSpear","MadScienceMod:FumeBlast"],"picked":"MadScienceMod:GattlingGun","floor":4.0},{"not_picked":["MadScienceMod:Detonate","MadScienceMod:ShrinkRay"],"picked":"MadScienceMod:Tune","floor":6.0},{"not_picked":["MadScienceMod:NowOrNever","MadScienceMod:AcidSpray"],"picked":"MadScienceMod:PowerArmor","floor":10.0},{"not_picked":["MadScienceMod:Virus","MadScienceMod:RadioactiveSword"],"picked":"MadScienceMod:PowerArmor","floor":12.0},{"not_picked":["MadScienceMod:Liquify","MadScienceMod:Reconstitute"],"picked":"MadScienceMod:Refine","floor":16.0},{"not_picked":["MadScienceMod:Retarget+1","MadScienceMod:NowOrNever"],"picked":"MadScienceMod:EnergyBarrier","floor":18},{"not_picked":["MadScienceMod:Strafe+1","MadScienceMod:Tinker"],"picked":"MadScienceMod:Refuel","floor":21}],"player_experience":143701,"relics_obtained":[{"floor":6.0,"key":"War Paint"},{"floor":8.0,"key":"Bag of Preparation"}],"event_choices":[{"damage_healed":0.0,"max_hp_gain":0.0,"max_hp_loss":0.0,"gold_gain":75.0,"event_name":"World of Goop","player_choice":"Gather Gold","floor":2.0,"gold_loss":0.0,"damage_taken":11.0},{"damage_healed":0.0,"max_hp_gain":0.0,"max_hp_loss":6.0,"gold_gain":0.0,"event_name":"Golden Idol","player_choice":"Lose Max HP","floor":11.0,"gold_loss":0.0,"damage_taken":0.0,"relics_obtained":["Golden Idol"]},{"cards_removed":["MadScienceMod:Strike_MadScience"],"damage_healed":0.0,"max_hp_gain":0.0,"max_hp_loss":0.0,"gold_gain":0.0,"event_name":"The Cleric","player_choice":"Card Removal","floor":13.0,"gold_loss":50.0,"damage_taken":0.0},{"damage_healed":0,"gold_gain":0,"player_choice":"Read","damage_taken":0,"max_hp_gain":0,"max_hp_loss":0,"event_name":"The Library","floor":19,"gold_loss":0,"cards_obtained":["MadScienceMod:RecyclingStation"]},{"damage_healed":0,"gold_gain":0,"player_choice":"Obtained Relic","damage_taken":0,"relics_obtained":["Torii"],"max_hp_gain":0,"max_hp_loss":0,"event_name":"Addict","floor":20,"gold_loss":85}],"is_beta":false,"boss_relics":[{"not_picked":["Fusion Hammer","Ectoplasm"],"picked":"MadScienceMod:PortablePumpjack"}],"items_purged_floors":[],"is_endless":false,"potions_floor_spawned":[1,3,4],"killed_by":"Snake Plant","ascension_level":0}}