{"host":"3y2rtlgteqp2nuo3","time":1608303787,"event":{"mods":["2.2 Compatiblity","AchievementEnabler","BaseMod","Colored Map","DeckTracker","Highlight Path","Keyboard Shortcuts","Minty Spire (QoL Compilation)","Permanent Neow","Quick Restart","StSLib","SuperFastMode","everything is the same but u backflip on backflip"],"gold_per_floor":[18,34,49,68,81,81,108,108,108,122,122,141,141,151,151,255,255,265,284,295,295,220,220,238,238,238,250,267,287,386,398,398,398,398],"floor_reached":33,"playtime":871,"items_purged":[],"score":257,"play_id":"eaad3bcb-9c19-48f3-9af1-36080d867892","local_time":"20201219000307","is_ascension_mode":false,"campfire_choices":[{"data":"Zap","floor":6.0,"key":"SMITH"},{"data":"White Noise","floor":8.0,"key":"SMITH"},{"data":"Coolheaded","floor":11.0,"key":"SMITH"},{"data":"Fission","floor":15.0,"key":"SMITH"},{"data":"Hologram","floor":23.0,"key":"SMITH"},{"data":"Rainbow","floor":25.0,"key":"SMITH"},{"floor":32.0,"key":"REST"}],"circlet_count":0,"master_deck":["Strike_B","Strike_B","Defend_B","Defend_B","Defend_B","Zap+1","Dualcast","Ball Lightning","Rebound","White Noise+1","Lockon","Coolheaded+1","Rainbow+1","Hologram+1","Fission+1","Echo Form","Glacier","Skim","FTL","Glacier+1","Turbo+1","Skim"],"relics":["Cracked Core","Question Card","Akabeko","Vajra","Philosopher\u0027s Stone","Bottled Lightning"],"acts_visited":["Exordium","TheCity"],"potions_floor_usage":[33],"damage_taken":[{"damage":1.0,"enemies":"Cultist","floor":1.0,"turns":3.0},{"damage":7.0,"enemies":"2 Louse","floor":2.0,"turns":2.0},{"damage":3.0,"enemies":"Small Slimes","floor":3.0,"turns":2.0},{"damage":9.0,"enemies":"Blue Slaver","floor":4.0,"turns":3.0},{"damage":0.0,"enemies":"Large Slime","floor":5.0,"turns":3.0},{"damage":3.0,"enemies":"Gremlin Nob","floor":7.0,"turns":3.0},{"damage":0.0,"enemies":"Exordium Wildlife","floor":10.0,"turns":1.0},{"damage":0.0,"enemies":"Red Slaver","floor":12.0,"turns":2.0},{"damage":1.0,"enemies":"Exordium Thugs","floor":14.0,"turns":3.0},{"damage":25.0,"enemies":"The Guardian","floor":16.0,"turns":7.0},{"damage":0.0,"enemies":"Spheric Guardian","floor":18.0,"turns":2.0},{"damage":6.0,"enemies":"2 Thieves","floor":19.0,"turns":4.0},{"damage":24.0,"enemies":"Cultist and Chosen","floor":20.0,"turns":5.0},{"damage":12.0,"enemies":"Centurion and Healer","floor":24.0,"turns":6.0},{"damage":2.0,"enemies":"3 Cultists","floor":27.0,"turns":4.0},{"damage":7.0,"enemies":"Cultist and Chosen","floor":28.0,"turns":4.0},{"damage":6.0,"enemies":"Shelled Parasite and Fungi","floor":29.0,"turns":4.0},{"damage":8.0,"enemies":"Snake Plant","floor":31.0,"turns":3.0},{"damage":37,"enemies":"Automaton","floor":33,"turns":8}],"seed_played":"8710098650207456303","potions_obtained":[{"floor":1.0,"key":"SteroidPotion"},{"floor":2.0,"key":"SkillPotion"},{"floor":3.0,"key":"Dexterity Potion"},{"floor":5.0,"key":"SmokeBomb"}],"is_trial":false,"path_per_floor":["M","M","M","M","M","R","E","R","T","M","R","M","?","M","R","B",null,"M","M","M","?","?","R","M","R","T","M","M","M","?","M","R","B"],"character_chosen":"DEFECT","items_purchased":[],"campfire_rested":1,"item_purchase_floors":[],"current_hp_per_floor":[74,67,64,55,55,55,52,52,52,52,52,52,34,33,33,8,75,75,69,45,45,45,45,33,33,33,31,24,18,18,10,32,0,0],"gold":398,"neow_bonus":"REMOVE_TWO","is_daily":false,"chose_seed":false,"campfire_upgraded":6,"win_rate":0.0,"timestamp":1608303787,"path_taken":["M","M","M","M","M","R","E","R","T","?","R","M","?","M","R","BOSS","M","M","M","?","?","R","M","R","T","M","M","M","?","?","R","BOSS"],"items_purchased_type":[],"build_version":"2020-12-13","purchased_purges":0,"victory":false,"max_hp_per_floor":[75,75,75,75,75,75,75,75,75,75,75,75,75,75,75,75,75,75,75,75,75,75,75,75,75,75,75,75,75,75,75,75,75,75],"card_choices":[{"not_picked":["Sunder","Rebound"],"picked":"Ball Lightning","floor":1.0},{"not_picked":["Hologram","Gash"],"picked":"Rebound","floor":2.0},{"not_picked":["Rebound","Aggregate"],"picked":"White Noise","floor":3.0},{"not_picked":["Barrage","Steam"],"picked":"Lockon","floor":4.0},{"not_picked":["Multi-Cast","Self Repair"],"picked":"Coolheaded","floor":5.0},{"not_picked":["Stack","Redo"],"picked":"Rainbow","floor":7.0},{"not_picked":["Reprogram","Sweeping Beam","Rebound"],"picked":"Hologram","floor":10.0},{"not_picked":["Aggregate","Conserve Battery","Blizzard","Rebound"],"picked":"SKIP","floor":12.0},{"not_picked":["Reprogram","Gash","Sweeping Beam"],"picked":"Fission","floor":14.0},{"not_picked":["Creative AI","Fission","Seek"],"picked":"Echo Form","floor":16.0},{"not_picked":["Cold Snap","Ball Lightning","Loop"],"picked":"Glacier","floor":18.0},{"not_picked":["Sweeping Beam","Leap","White Noise"],"picked":"Skim","floor":19.0},{"not_picked":["Hologram","Aggregate","Biased Cognition"],"picked":"FTL","floor":20.0},{"not_picked":["Consume","Scrape","Heatsinks","Streamline"],"picked":"SKIP","floor":24.0},{"not_picked":["Hello World","Beam Cell","Gash","Ball Lightning"],"picked":"SKIP","floor":27.0},{"not_picked":["Recycle","Beam Cell+1","Redo"],"picked":"Glacier+1","floor":28.0},{"not_picked":["Rebound","Sweeping Beam","Beam Cell"],"picked":"Turbo+1","floor":29.0},{"not_picked":["Stack","Steam Power+1","Gash"],"picked":"Skim","floor":31.0}],"player_experience":638292,"relics_obtained":[{"floor":7.0,"key":"Question Card"},{"floor":9.0,"key":"Akabeko"},{"floor":26.0,"key":"Bottled Lightning"}],"event_choices":[{"damage_healed":0.0,"max_hp_gain":0.0,"max_hp_loss":0.0,"gold_gain":0.0,"event_name":"Scrap Ooze","player_choice":"Success","floor":13.0,"gold_loss":0.0,"damage_taken":18.0,"relics_obtained":["Vajra"]},{"damage_healed":0.0,"max_hp_gain":0.0,"max_hp_loss":0.0,"gold_gain":0.0,"event_name":"Vampires","player_choice":"Ignored","floor":21.0,"gold_loss":0.0,"damage_taken":0.0},{"cards_removed":["Strike_B"],"damage_healed":0.0,"max_hp_gain":0.0,"max_hp_loss":0.0,"gold_gain":0.0,"event_name":"Beggar","player_choice":"Gave Gold","floor":22.0,"gold_loss":75.0,"damage_taken":0.0},{"damage_healed":0.0,"max_hp_gain":0.0,"max_hp_loss":0.0,"gold_gain":99.0,"event_name":"Nest","player_choice":"Stole From Cult","floor":30.0,"gold_loss":0.0,"damage_taken":0.0}],"is_beta":false,"boss_relics":[{"not_picked":["Nuclear Battery","Busted Crown"],"picked":"Philosopher\u0027s Stone"}],"items_purged_floors":[],"is_endless":false,"potions_floor_spawned":[1,2,3,5,10,12,19,24,28],"killed_by":"Automaton","ascension_level":0}}