{"host":"r2b8ojg4o4pyvjvq","time":1608308323,"event":{"mods":["BaseMod","Colored Map","Downfall","Highlight Path","Hubris","Marisa????????","Minty Spire (QoL Compilation)","Quick Restart","Replay The Spire","StSLib","SuperFastMode"],"gold_per_floor":[117,117,117,149,249,249,291,291,291,335,335,366,391,424,424,542,542,577,608,23,56,56,82,82,129,153,201,226,244,244,270,270,387,387,405,415,170,170,184,184,29,56,56,86,100,125,125,156,156,156,156,156,3,33,33,33],"floor_reached":55,"playtime":2885,"items_purged":["Strike_MRS","Strike_MRS"],"score":1276,"play_id":"7551191f-ab94-469d-9c67-f8a7fc2ffde7","local_time":"20201218171843","is_ascension_mode":true,"campfire_choices":[{"floor":6,"key":"REST"},{"floor":8,"key":"REST"},{"floor":11,"key":"REST"},{"floor":15,"key":"REST"},{"floor":24,"key":"REST"},{"floor":32,"key":"REST"},{"floor":40,"key":"RECALL"},{"floor":49,"key":"REST"},{"data":"CasketOfStar","floor":52,"key":"SMITH"}],"circlet_count":0,"master_deck":["Strike_MRS","Strike_MRS","Defend_MRS","Defend_MRS","Defend_MRS","Defend_MRS","MasterSpark","UpSweep","UltimateShortwave+1","WitchOfGreed","MagicAbsorber","EnergyFlow","ShootTheMoon","GrandCross","MilkyWay","CasketOfStar+1","OortCloud","MillisecondPulsars","OrrerysSun","EnergyRecoil","EventHorizon+1","OortCloud+1","MysteriousBeam","AbsoluteMagnitude","SporeBomb","Pot Of Greed","Pot Of Greed+1","Pot Of Greed","PropBag+1","GrandCross","OortCloud+1","GasGiant+1","GalacticHalo+1"],"relics":["MiniHakkero","hubris:Towel","Vajra","Replay:Baseball","Tiny Chest","Bronze Scales","Painkiller Herb","SimpleLauncher","Anchor","CaptainsWheel","Pen Nib","ReplayTheSpireMod:Lightbulb","Onion Ring","hubris:BundleOfHerbs","hubris:GrandSneckoEye","Lee\u0027s Waffle","Grinning Jar","Strawberry","War Paint","Mirror","Sundial","Replay:Wax Seal","InkBottle","Bottled Tornado","TheAbacus","Thread and Needle"],"acts_visited":["Exordium","TheCity","TheBeyond","TheEnding"],"potions_floor_usage":[10,16,16,25,27,27,48,50,54,55,55],"damage_taken":[{"damage":3,"enemies":"Small Slimes","floor":1,"turns":4},{"damage":4,"enemies":"Jaw Worm","floor":4,"turns":4},{"damage":32,"enemies":"Gremlin Nob","floor":7,"turns":5},{"damage":15,"enemies":"Lagavulin","floor":10,"turns":8},{"damage":3,"enemies":"2 Louse","floor":12,"turns":3},{"damage":6,"enemies":"Looter","floor":13,"turns":2},{"damage":10,"enemies":"Gremlin Gang","floor":14,"turns":3},{"damage":34,"enemies":"The Guardian","floor":16,"turns":9},{"damage":0,"enemies":"Spheric Guardian","floor":18,"turns":3},{"damage":14,"enemies":"3 Byrds","floor":19,"turns":4},{"damage":6,"enemies":"Cultist and Chosen","floor":21,"turns":6},{"damage":13,"enemies":"Book of Stabbing","floor":23,"turns":5},{"damage":13,"enemies":"Gremlin Leader","floor":25,"turns":7},{"damage":5,"enemies":"Book of Stabbing","floor":27,"turns":4},{"damage":8,"enemies":"Shelled Parasite and Fungi","floor":29,"turns":4},{"damage":0,"enemies":"Centurion and Healer","floor":31,"turns":6},{"damage":40,"enemies":"hubris:MusketHawk","floor":33,"turns":8},{"damage":39,"enemies":"3 Darklings","floor":35,"turns":3},{"damage":0,"enemies":"Orb Walker","floor":36,"turns":3},{"damage":1,"enemies":"Spire Growth","floor":39,"turns":4},{"damage":22,"enemies":"R_Hoarder","floor":42,"turns":5},{"damage":3,"enemies":"Giant Head","floor":44,"turns":5},{"damage":13,"enemies":"Writhing Mass","floor":45,"turns":3},{"damage":11,"enemies":"R_Hoarder","floor":46,"turns":4},{"damage":21,"enemies":"Nemesis","floor":48,"turns":3},{"damage":23,"enemies":"Donu and Deca","floor":50,"turns":6},{"damage":15,"enemies":"Shield and Spear","floor":54,"turns":6},{"damage":64,"enemies":"The Heart","floor":55,"turns":5}],"seed_played":"9081346286759841914","potions_obtained":[{"floor":4,"key":"sneckomod:MuddlingPotion"},{"floor":4,"key":"Dexterity Potion"},{"floor":7,"key":"Explosive Potion"},{"floor":10,"key":"DistilledChaos"},{"floor":13,"key":"DuplicationPotion"},{"floor":13,"key":"CultistPotion"},{"floor":16,"key":"Weak Potion"},{"floor":18,"key":"Elixir"},{"floor":25,"key":"Dexterity Potion"},{"floor":27,"key":"SpeedPotion"},{"floor":29,"key":"Block Potion"},{"floor":48,"key":"Languid Potion"},{"floor":54,"key":"Languid Potion"}],"is_trial":false,"path_per_floor":["M","?","?","M","?","R","E","R","T","E","R","M","M","M","R","B",null,"?","?","T","?","?","E","T","E","T","E","T","?","T","?","T","B",null,"?","?","T","T","?","T","T","E","T","E","?","E","T","E","T","B",null,"T","T","E","B"],"character_chosen":"MARISA","items_purchased":["SimpleLauncher","OrrerysSun","Anchor","Lee\u0027s Waffle","Strawberry","TheAbacus"],"campfire_rested":7,"item_purchase_floors":[20,20,20,37,41,53],"current_hp_per_floor":[65,65,32,28,28,50,18,40,40,25,47,44,38,28,50,16,60,60,46,46,40,31,18,40,27,27,22,22,14,14,34,56,22,62,23,23,82,82,81,81,88,66,66,63,50,51,51,30,56,33,75,75,75,64,0,0],"gold":33,"neow_bonus":"ONE_RANDOM_RARE_CARD","is_daily":false,"chose_seed":false,"campfire_upgraded":1,"win_rate":0.0,"timestamp":1608308323,"path_taken":["M","?","?","M","?","R","E","R","T","E","R","M","M","M","R","BOSS","?","?","T","?","?","E","T","E","T","E","?","?","?","?","T","BOSS","?","?","T","?","?","T","?","E","T","E","?","E","?","E","T","BOSS","T","T","E","BOSS"],"items_purchased_type":["Relic","Card","Relic","Relic","Relic","Relic"],"build_version":"2020-12-13","purchased_purges":2,"victory":false,"max_hp_per_floor":[75,75,75,75,75,75,75,75,75,75,75,75,75,75,75,75,75,75,75,75,75,75,75,75,75,75,75,75,75,75,75,75,75,75,75,75,82,82,82,82,89,89,89,89,89,89,89,89,89,89,89,89,89,89,89,89],"card_choices":[{"not_picked":["UnstableBomb","Acceleration"],"picked":"WitchOfGreed","floor":1},{"not_picked":["PowerUp","ShootingEcho"],"picked":"MagicAbsorber","floor":4},{"not_picked":["PowerUp","FairyDestructionRay"],"picked":"EnergyFlow","floor":7},{"not_picked":["LuminesStrike","FinalSpark"],"picked":"ShootTheMoon","floor":10},{"not_picked":["WitchOfGreed","GravityBeat"],"picked":"GrandCross","floor":12},{"not_picked":["EnergyFlow","BigCrunch","LuminesStrike"],"picked":"SKIP","floor":13},{"not_picked":["ChargingUp","AlicesGift"],"picked":"MilkyWay","floor":14},{"not_picked":["UltimateShortwave","MaximisePower"],"picked":"CasketOfStar","floor":16},{"not_picked":["LuminesStrike+1","GrandCross+1"],"picked":"OortCloud","floor":18},{"not_picked":["MilkyWay+1","WitchLeyline"],"picked":"MillisecondPulsars","floor":19},{"not_picked":["GravityBeat+1","6A"],"picked":"EnergyRecoil","floor":21},{"not_picked":["LuminesStrike+1","MaximisePower"],"picked":"EventHorizon+1","floor":23},{"not_picked":["WitchOfGreed+1","IllusionStar"],"picked":"OortCloud+1","floor":25},{"not_picked":["PowerUp","NonDirectionalLaser","WitchLeyline"],"picked":"SKIP","floor":27},{"not_picked":["BlazeAway","DC","MeteoricShower"],"picked":"SKIP","floor":29},{"not_picked":["DC","PropBag"],"picked":"MysteriousBeam","floor":31},{"not_picked":["MillisecondPulsars","BigCrunch"],"picked":"AbsoluteMagnitude","floor":33},{"not_picked":["IllusionStar+1","PowerUp+1"],"picked":"SporeBomb","floor":35},{"not_picked":["MysteriousBeam","SporeBomb","IllusionStar"],"picked":"SKIP","floor":36},{"not_picked":["SporeBomb","DC","PowerUp+1"],"picked":"SKIP","floor":39},{"not_picked":["DoubleSpark","DarkMatter+1","LuminesStrike+1"],"picked":"SKIP","floor":42},{"not_picked":["GalacticHalo","BigCrunch"],"picked":"PropBag+1","floor":44},{"not_picked":["ShootTheMoon","GravityBeat"],"picked":"GrandCross","floor":45},{"not_picked":["GravityBeat+1","MillisecondPulsars"],"picked":"OortCloud+1","floor":46},{"not_picked":["MillisecondPulsars","NonDirectionalLaser"],"picked":"GasGiant+1","floor":48},{"not_picked":["IllusionStar+1","OpenUniverse"],"picked":"GalacticHalo+1","floor":54}],"player_experience":457009,"relics_obtained":[{"floor":7,"key":"Replay:Baseball"},{"floor":9,"key":"Tiny Chest"},{"floor":10,"key":"Bronze Scales"},{"floor":23,"key":"CaptainsWheel"},{"floor":25,"key":"Pen Nib"},{"floor":26,"key":"ReplayTheSpireMod:Lightbulb"},{"floor":27,"key":"Onion Ring"},{"floor":30,"key":"hubris:BundleOfHerbs"},{"floor":38,"key":"Grinning Jar"},{"floor":42,"key":"War Paint"},{"floor":43,"key":"Mirror"},{"floor":44,"key":"Sundial"},{"floor":46,"key":"Replay:Wax Seal"},{"floor":47,"key":"InkBottle"},{"floor":48,"key":"Bottled Tornado"},{"floor":54,"key":"Thread and Needle"}],"event_choices":[{"damage_healed":0,"gold_gain":0,"player_choice":"Success","damage_taken":33,"relics_obtained":["Vajra"],"max_hp_gain":0,"max_hp_loss":0,"event_name":"Scrap Ooze","floor":3,"gold_loss":0},{"damage_healed":0,"gold_gain":100,"player_choice":"Pray","damage_taken":0,"max_hp_gain":0,"max_hp_loss":0,"event_name":"Golden Shrine","floor":5,"gold_loss":0},{"damage_healed":0,"gold_gain":0,"player_choice":"Stopped","damage_taken":9,"max_hp_gain":0,"max_hp_loss":0,"event_name":"Cursed Tome","floor":22,"gold_loss":0}],"is_beta":false,"boss_relics":[{"not_picked":["Coffee Dripper","BewitchedHakkero"],"picked":"Painkiller Herb"},{"not_picked":["Philosopher\u0027s Stone","Tiny House"],"picked":"hubris:GrandSneckoEye"}],"items_purged_floors":[20,37],"is_endless":false,"potions_floor_spawned":[4,10,13,14,19,27,29,35,44,48,54],"killed_by":"The Heart","ascension_level":9}}