{"host":"emzksreay9b8489z","time":1608263256,"event":{"mods":["Act Like it!","BaseMod","CapriCore","Downfall","Friendly Minions","Gensokyo","GifTheSpireLib","KinomotoSakuraMod(Ä¾Ö®±¾Ó£)","Minty Spire (QoL Compilation)","Say the Spire","StSLib"],"gold_per_floor":[99,249,174,82,82,116,116,41,60,60,75,87,103,125,144,245,245,170,190,221,221,232,135,135,135,135],"floor_reached":25,"playtime":2105,"items_purged":[],"score":244,"play_id":"8400ba7a-2447-4ee7-8084-488f9c16b983","local_time":"20201218114736","is_ascension_mode":false,"campfire_choices":[{"floor":1,"key":"RECALL"},{"data":"Guardian:CurlUp","floor":3,"key":"SMITH"},{"data":"Guardian:ArmoredProtocol","floor":5,"key":"SMITH"},{"data":"Guardian:TwinSlam","floor":8,"key":"SMITH"},{"data":"Guardian:Defend_Guardian","floor":10,"key":"SMITH"},{"data":"Guardian:Repulse","floor":18,"key":"SMITH"}],"circlet_count":0,"master_deck":["Guardian:Strike_Guardian","Guardian:Strike_Guardian","Guardian:Strike_Guardian","Guardian:Strike_Guardian","Guardian:Defend_Guardian","Guardian:Defend_Guardian","Guardian:Defend_Guardian","Guardian:Defend_Guardian+1","Guardian:CurlUp+1","Guardian:TwinSlam+1","Slimebound:Icky","Guardian:ArmoredProtocol+1","Guardian:Repulse+1","Guardian:BronzeArmor","Guardian:ExploitGems","Guardian:ExploitGems","Guardian:Gem_Cyan","Guardian:Gem_White","Guardian:Gem_Cyan","Guardian:Gem_Lightblue","Guardian:SpikerProtocol"],"relics":["Guardian:ModeShifter","downfall:HeartBlessingRed","Pen Nib","downfall:HeartBlessingBlue","Odd Mushroom","Black Star","downfall:HeartBlessingGreen","Bag of Marbles","Guardian:PickAxe","Toxic Egg 2"],"acts_visited":["Exordium","TheCity"],"potions_floor_usage":[9],"damage_taken":[{"damage":4,"enemies":"downfall:FleeingMerchant","floor":4,"turns":4},{"damage":34,"enemies":"3 Sentries","floor":6,"turns":16},{"damage":0,"enemies":"Cultist","floor":9,"turns":3},{"damage":0,"enemies":"Jaw Worm","floor":11,"turns":3},{"damage":0,"enemies":"2 Louse","floor":12,"turns":2},{"damage":9,"enemies":"Exordium Wildlife","floor":13,"turns":6},{"damage":23,"enemies":"The Mushroom Lair","floor":14,"turns":6},{"damage":0,"enemies":"3 Louse","floor":15,"turns":3},{"damage":23,"enemies":"downfall:Silent","floor":16,"turns":16},{"damage":0,"enemies":"Chosen","floor":19,"turns":6},{"damage":97,"enemies":"Gremlin Leader","floor":20,"turns":8},{"damage":5,"enemies":"Shell Parasite","floor":22,"turns":8},{"damage":0,"enemies":"downfall:FleeingMerchant","floor":23,"turns":4},{"damage":1,"enemies":"Chosen and Byrds","floor":25,"turns":1}],"seed_played":"2706868396735951100","potions_obtained":[{"floor":9,"key":"Fruit Juice"},{"floor":14,"key":"GamblersBrew"},{"floor":15,"key":"Energy Potion"},{"floor":19,"key":"BlessingOfTheForge"}],"is_trial":false,"path_per_floor":["R","?","R","$","R","E","T","R","M","R","M","M","M","?","M","B",null,"R","M","E","R","M","$","T","M"],"character_chosen":"GUARDIAN","items_purchased":["Guardian:ArmoredProtocol","Guardian:SpikerProtocol"],"campfire_rested":0,"item_purchase_floors":[4,23],"current_hp_per_floor":[88,88,88,84,84,50,50,60,65,65,65,65,56,33,33,10,103,103,103,6,6,1,1,1,0,0],"gold":135,"neow_bonus":"TEN_PERCENT_HP_BONUS","is_daily":false,"chose_seed":false,"campfire_upgraded":5,"win_rate":0.0,"timestamp":1608263256,"path_taken":["R","?","R","$","R","E","T","R","M","R","M","M","M","?","M","BOSS","R","M","E","R","M","$","T","M"],"items_purchased_type":["Card","Card"],"build_version":"2020-12-13","purchased_purges":0,"victory":false,"max_hp_per_floor":[88,88,88,88,88,88,88,98,103,103,103,103,103,103,103,103,103,103,103,103,103,103,103,103,103,103],"card_choices":[{"not_picked":["Guardian:SpikerProtocol","Guardian:TimeBomb"],"picked":"Guardian:Gem_Green","floor":4},{"not_picked":["Guardian:CrystalBeam","Guardian:Reroute"],"picked":"Guardian:Gem_Blue","floor":6},{"not_picked":["Guardian:Suspension","Guardian:VentSteam"],"picked":"Guardian:Gem_Cyan","floor":9},{"not_picked":["Guardian:Incinerate","Guardian:ChargeCore"],"picked":"Guardian:Repulse","floor":11},{"not_picked":["Guardian:DonusPower","Guardian:PiercingHide"],"picked":"Guardian:BronzeArmor","floor":12},{"not_picked":["Guardian:Planning","Guardian:VentSteam"],"picked":"Guardian:ExploitGems","floor":13},{"not_picked":["Guardian:TemporalStrike","Guardian:Clone","Guardian:Reroute"],"picked":"SKIP","floor":15},{"not_picked":["Guardian:RevengeProtocol","Guardian:ConstructionForm"],"picked":"Guardian:ExploitGems","floor":16},{"not_picked":["Guardian:RollAttack+1","Guardian:PiercingHide"],"picked":"Guardian:Gem_Cyan","floor":19},{"not_picked":["Guardian:BronzeArmor","Guardian:VentSteam"],"picked":"Guardian:Gem_White","floor":20},{"not_picked":["Guardian:Planning","Guardian:Recover+1","Guardian:Suspension"],"picked":"SKIP","floor":22},{"not_picked":["Guardian:Recover","Guardian:Incinerate","Guardian:GuardianWhirl+1"],"picked":"SKIP","floor":23}],"player_experience":7456,"relics_obtained":[{"floor":6,"key":"Pen Nib"},{"floor":14,"key":"Odd Mushroom"},{"floor":20,"key":"Bag of Marbles"},{"floor":20,"key":"Guardian:PickAxe"},{"floor":24,"key":"Toxic Egg 2"}],"event_choices":[{"damage_healed":0,"gold_gain":0,"player_choice":"Fought Mushrooms","damage_taken":0,"max_hp_gain":0,"max_hp_loss":0,"event_name":"Mushrooms","floor":14,"gold_loss":0}],"is_beta":false,"boss_relics":[{"not_picked":["Coffee Dripper","Runic Dome"],"picked":"Black Star"}],"items_purged_floors":[],"is_endless":false,"potions_floor_spawned":[9,14,15,19],"killed_by":"Chosen and Byrds","ascension_level":0}}