{"host":"f5gffvlv6a66yqkd","time":1608312312,"event":{"mods":["2.2 Compatiblity","BaseMod","Colored Map","DeckTracker","Keyboard Shortcuts","Minty Spire (QoL Compilation)","Permanent Neow","Quick Restart","Relic Stats","StSLib","SuperFastMode"],"gold_per_floor":[111,36,54,54,54,54,81,81,81,106,118,144,16,0,0,75,75,90,103,103,18,43,43,43,43,66,81,81,81,95,124,124,197,197,216,227,227,250,266,266,284,284,284,284,297,312,328,328,328,328,328,328],"floor_reached":51,"playtime":1458,"items_purged":["Strike_B","Defend_B"],"score":1371,"play_id":"06f00769-476a-4d18-8314-c315c735a4f2","local_time":"20201219022512","is_ascension_mode":true,"campfire_choices":[{"data":"Darkness","floor":6.0,"key":"SMITH"},{"data":"Dualcast","floor":8.0,"key":"SMITH"},{"floor":15.0,"key":"REST"},{"data":"Loop","floor":23.0,"key":"SMITH"},{"data":"Heatsinks","floor":25.0,"key":"SMITH"},{"data":"Coolheaded","floor":28.0,"key":"SMITH"},{"data":"Conserve Battery","floor":32.0,"key":"SMITH"},{"data":"Fission","floor":40.0,"key":"SMITH"},{"data":"Thinking Ahead","floor":42,"key":"SMITH"},{"data":"Biased Cognition","floor":49,"key":"SMITH"}],"circlet_count":0,"master_deck":["AscendersBane","Strike_B+1","Defend_B","Zap","Dualcast+1","Genetic Algorithm","Ball Lightning","Darkness+1","Loop+1","BootSequence","Cold Snap+1","Conserve Battery","Electrodynamics","Conserve Battery+1","Gash","Heatsinks+1","Reboot","Coolheaded+1","Skim","Compile Driver","Fission+1","Coolheaded+1","Thinking Ahead+1","Flash of Steel","Gash","Capacitor+1","Biased Cognition+1"],"relics":["Cracked Core","Tiny Chest","Blood Vial","Question Card","HornCleat","Whetstone","Sozu","Bag of Preparation","Anchor","Enchiridion","Bag of Marbles","Philosopher\u0027s Stone","Ancient Tea Set","Singing Bowl"],"acts_visited":["Exordium","TheCity","TheBeyond"],"potions_floor_usage":[],"damage_taken":[{"damage":1.0,"enemies":"Cultist","floor":1.0,"turns":3.0},{"damage":3.0,"enemies":"Small Slimes","floor":3.0,"turns":4.0},{"damage":15.0,"enemies":"Lagavulin","floor":7.0,"turns":5.0},{"damage":44.0,"enemies":"3 Sentries","floor":10.0,"turns":11.0},{"damage":0.0,"enemies":"Jaw Worm","floor":11.0,"turns":2.0},{"damage":18.0,"enemies":"The Guardian","floor":16.0,"turns":9.0},{"damage":6.0,"enemies":"Chosen","floor":18.0,"turns":5.0},{"damage":0.0,"enemies":"Spheric Guardian","floor":19.0,"turns":3.0},{"damage":0.0,"enemies":"3 Cultists","floor":27.0,"turns":3.0},{"damage":0.0,"enemies":"Snecko","floor":30.0,"turns":3.0},{"damage":0.0,"enemies":"Gremlin Leader","floor":31.0,"turns":6.0},{"damage":3.0,"enemies":"Champ","floor":33.0,"turns":9.0},{"damage":0.0,"enemies":"3 Shapes","floor":35.0,"turns":3.0},{"damage":0.0,"enemies":"Orb Walker","floor":36.0,"turns":3.0},{"damage":0.0,"enemies":"Jaw Worm Horde","floor":39.0,"turns":3.0},{"damage":0,"enemies":"4 Shapes","floor":41,"turns":2},{"damage":0,"enemies":"Spire Growth","floor":45,"turns":3},{"damage":34,"enemies":"Writhing Mass","floor":46,"turns":6},{"damage":0,"enemies":"4 Shapes","floor":47,"turns":4},{"damage":41,"enemies":"Donu and Deca","floor":50,"turns":9},{"damage":28,"enemies":"Awakened One","floor":51,"turns":4}],"seed_played":"5320784114116697463","potions_obtained":[{"floor":1.0,"key":"SkillPotion"},{"floor":3.0,"key":"Regen Potion"}],"is_trial":false,"path_per_floor":["M","$","M","?","?","R","E","R","T","E","M","T","$","?","R","B",null,"M","M","?","?","T","R","$","R","T","M","R","?","M","E","R","B",null,"M","M","?","T","M","R","M","R","T","?","M","M","M","?","R","B","B"],"character_chosen":"DEFECT","items_purchased":["Conserve Battery"],"campfire_rested":1,"item_purchase_floors":[13],"current_hp_per_floor":[63,63,60,53,53,53,38,38,38,11,13,13,13,13,34,18,58,54,56,56,56,56,56,56,56,56,58,58,37,39,41,41,40,63,65,67,57,57,59,59,61,61,61,61,63,31,35,60,60,19,0,0],"gold":328,"neow_bonus":"RANDOM_COMMON_RELIC","is_daily":false,"chose_seed":false,"campfire_upgraded":9,"win_rate":0.0,"timestamp":1608312312,"path_taken":["M","$","?","?","?","R","E","R","T","E","M","?","$","?","R","BOSS","M","M","?","?","?","R","$","R","T","?","R","?","M","E","R","BOSS","M","M","?","?","M","R","?","R","T","?","M","M","M","?","R","BOSS","BOSS"],"items_purchased_type":["Card"],"build_version":"2020-12-13","purchased_purges":2,"victory":false,"max_hp_per_floor":[71,71,71,71,71,71,71,71,71,71,71,71,71,71,71,71,71,71,71,71,71,71,71,71,71,71,71,71,71,71,71,71,71,71,71,71,71,71,71,71,71,71,71,71,71,71,73,60,60,60,60,60],"relic_stats":{"Blood Vial":34,"Sozu":8,"Singing Bowl":2,"counters":[21,99],"Tiny Chest":3,"Bag of Preparation":[26],"Whetstone":["Strike_B","Cold Snap"],"Question Card":19,"obtain_stats":[{"Singing Bowl":43,"Enchiridion":29,"Bag of Preparation":21,"Whetstone":12,"Question Card":9,"Ancient Tea Set":38,"Blood Vial":7,"Sozu":17,"Anchor":26,"HornCleat":10,"Tiny Chest":0,"Philosopher\u0027s Stone":34,"Bag of Marbles":31,"Cracked Core":0},{"Singing Bowl":16,"Enchiridion":9,"Bag of Preparation":8,"Whetstone":5,"Question Card":3,"Ancient Tea Set":14,"Blood Vial":3,"Sozu":6,"Anchor":8,"HornCleat":4,"Tiny Chest":0,"Philosopher\u0027s Stone":12,"Bag of Marbles":11,"Cracked Core":0},{"Singing Bowl":73,"Enchiridion":45,"Bag of Preparation":42,"Whetstone":25,"Question Card":12,"Ancient Tea Set":69,"Blood Vial":12,"Sozu":34,"Anchor":42,"HornCleat":23,"Tiny Chest":0,"Philosopher\u0027s Stone":63,"Bag of Marbles":54,"Cracked Core":0}]},"card_choices":[{"not_picked":["Redo","Leap"],"picked":"Genetic Algorithm","floor":1.0},{"not_picked":["Aggregate","Gash"],"picked":"Ball Lightning","floor":3.0},{"not_picked":["Conserve Battery","Rainbow"],"picked":"Loop","floor":7.0},{"not_picked":["Auto Shields","Turbo","Multi-Cast"],"picked":"BootSequence","floor":10.0},{"not_picked":["Hologram","Tempest","Reprogram"],"picked":"Cold Snap","floor":11.0},{"not_picked":["Multi-Cast","Reboot","Hyperbeam"],"picked":"Electrodynamics","floor":16.0},{"not_picked":["Lockon","Doom and Gloom","Beam Cell"],"picked":"Conserve Battery","floor":18.0},{"not_picked":["Scrape","Storm","Reprogram"],"picked":"Gash","floor":19.0},{"not_picked":["Barrage","Reprogram","Go for the Eyes"],"picked":"Coolheaded","floor":27.0},{"not_picked":["Steam","Leap","Conserve Battery"],"picked":"Skim","floor":30.0},{"not_picked":["Sweeping Beam","Reinforced Body","Reprogram+1"],"picked":"Compile Driver","floor":31.0},{"not_picked":["Thunder Strike","Amplify","Hyperbeam"],"picked":"Fission","floor":33.0},{"not_picked":["Coolheaded","Reinforced Body","Stack+1","Lockon+1"],"picked":"SKIP","floor":35.0},{"not_picked":["Turbo","Steam+1","Barrage"],"picked":"Coolheaded+1","floor":36.0},{"not_picked":["Forethought","Good Instincts","Discovery"],"picked":"Thinking Ahead","floor":37.0},{"not_picked":["Violence","Dark Shackles","Madness"],"picked":"Flash of Steel","floor":37.0},{"not_picked":["Sunder","Loop","Rebound","Barrage+1"],"picked":"SKIP","floor":39.0},{"not_picked":["Barrage","Undo","Ball Lightning"],"picked":"Gash","floor":41},{"not_picked":["Turbo","Tempest","Go for the Eyes"],"picked":"Capacitor+1","floor":45},{"not_picked":["Coolheaded","Leap","Scrape+1"],"picked":"Biased Cognition","floor":46},{"not_picked":["Compile Driver","Coolheaded","Darkness","Scrape"],"picked":"Singing Bowl","floor":47}],"player_experience":1467812,"relics_obtained":[{"floor":7.0,"key":"Blood Vial"},{"floor":9.0,"key":"Question Card"},{"floor":10.0,"key":"HornCleat"},{"floor":12.0,"key":"Whetstone"},{"floor":26.0,"key":"Anchor"},{"floor":29.0,"key":"Enchiridion"},{"floor":31.0,"key":"Bag of Marbles"},{"floor":38.0,"key":"Ancient Tea Set"},{"floor":43,"key":"Singing Bowl"}],"event_choices":[{"cards_removed":["Strike_B"],"damage_healed":0.0,"max_hp_gain":0.0,"max_hp_loss":0.0,"gold_gain":0.0,"event_name":"Golden Wing","player_choice":"Card Removal","floor":4.0,"gold_loss":0.0,"damage_taken":7.0},{"damage_healed":0.0,"max_hp_gain":0.0,"max_hp_loss":0.0,"gold_gain":0.0,"cards_transformed":["Strike_B"],"event_name":"Living Wall","player_choice":"Change","floor":5.0,"gold_loss":0.0,"damage_taken":0.0,"cards_obtained":["Darkness"]},{"damage_healed":0.0,"max_hp_gain":0.0,"max_hp_loss":0.0,"gold_gain":0.0,"event_name":"World of Goop","player_choice":"Left Gold","floor":14.0,"gold_loss":16.0,"damage_taken":0.0},{"damage_healed":0.0,"max_hp_gain":0.0,"max_hp_loss":0.0,"gold_gain":0.0,"cards_transformed":["Defend_B","Defend_B"],"event_name":"Drug Dealer","player_choice":"Became Test Subject","floor":20.0,"gold_loss":0.0,"damage_taken":0.0,"cards_obtained":["Heatsinks","Reboot"]},{"damage_healed":0.0,"max_hp_gain":0.0,"max_hp_loss":0.0,"gold_gain":0.0,"event_name":"Addict","player_choice":"Obtained Relic","floor":21.0,"gold_loss":85.0,"damage_taken":0.0,"relics_obtained":["Bag of Preparation"]},{"damage_healed":0.0,"max_hp_gain":0.0,"max_hp_loss":0.0,"gold_gain":0.0,"event_name":"Cursed Tome","player_choice":"Obtained Book","floor":29.0,"gold_loss":0.0,"damage_taken":21.0},{"damage_healed":0.0,"max_hp_gain":0.0,"max_hp_loss":0.0,"gold_gain":0.0,"event_name":"SensoryStone","player_choice":"Memory 3","floor":37.0,"gold_loss":0.0,"damage_taken":10.0},{"damage_healed":0,"gold_gain":0,"player_choice":"Ignored","damage_taken":0,"max_hp_gain":0,"max_hp_loss":0,"event_name":"Tomb of Lord Red Mask","floor":44,"gold_loss":0},{"damage_healed":60,"gold_gain":0,"player_choice":"Heal","damage_taken":0,"max_hp_gain":0,"max_hp_loss":13,"event_name":"The Moai Head","floor":48,"gold_loss":0}],"is_beta":false,"boss_relics":[{"not_picked":["Empty Cage","Ectoplasm"],"picked":"Sozu"},{"not_picked":["FrozenCore","Calling Bell"],"picked":"Philosopher\u0027s Stone"}],"items_purged_floors":[2,13],"is_endless":false,"potions_floor_spawned":[1,3,19,27,30,33,35,39,41,45],"killed_by":"Awakened One","ascension_level":20}}