{"host":"7ttbe3gzet1mthv0","time":1608290844,"event":{"mods":["AchievementEnabler","BaseMod","CapriCore","Colored Map","Colored Powertips","Downfall","Hermit","Highlight Path","Jorbs\u0027s Wanderer Trilogy","Marisa????????","Minty Spire (QoL Compilation)","Rare Cards Sparkle","Relic Stats","StSLib","The Alterego","The Bug Knight","The Hierophant"],"gold_per_floor":[99,109,142,142,155,183,208,221,221,246,261,277,295,32,45,45,45],"floor_reached":16,"playtime":1091,"items_purged":["Slimebound:Defend_Slimebound"],"score":124,"play_id":"30243ea9-c4f4-4701-830f-fe51f833f6c2","local_time":"20201218122724","is_ascension_mode":false,"campfire_choices":[{"data":"Slimebound:Split","floor":1,"key":"SMITH"},{"floor":9,"key":"REST"}],"circlet_count":0,"master_deck":["Slimebound:Strike_Slimebound","Slimebound:Strike_Slimebound","Slimebound:Strike_Slimebound","Slimebound:Tackle","Slimebound:Defend_Slimebound","Slimebound:Defend_Slimebound","Slimebound:Defend_Slimebound","Slimebound:Split+1","Slimebound:CorrosiveSpit","Slimebound:Repurpose","Slimebound:HauntingLick","Slimebound:SlimeBrawl","Slimebound:SamplingLick","Slimebound:GoopSpray","Slimebound:LeadByExample","Slimebound:MegaLick","Slimebound:LevelUp","Slimebound:SlimeSlap","Slimebound:ProtectTheBoss","expansioncontent:DashGenerateEvil","Slimebound:Teamwork"],"relics":["Slimebound:AbsorbEndCombat","Toy Ornithopter","Gambling Chip","Regal Pillow","Dream Catcher"],"acts_visited":["Exordium"],"potions_floor_usage":[6,6,16,16,16],"damage_taken":[{"damage":8,"enemies":"Cultist","floor":2,"turns":3},{"damage":39,"enemies":"Lagavulin","floor":3,"turns":8},{"damage":16,"enemies":"Small Slimes","floor":5,"turns":3},{"damage":40,"enemies":"Gremlin Nob","floor":6,"turns":4},{"damage":0,"enemies":"2 Louse","floor":8,"turns":2},{"damage":18,"enemies":"3 Sentries","floor":10,"turns":7},{"damage":13,"enemies":"Red Slaver","floor":11,"turns":3},{"damage":16,"enemies":"Blue Slaver","floor":12,"turns":3},{"damage":21,"enemies":"2 Fungi Beasts","floor":13,"turns":3},{"damage":21,"enemies":"downfall:FleeingMerchant","floor":14,"turns":4},{"damage":22,"enemies":"Gremlin Gang","floor":15,"turns":5},{"damage":95,"enemies":"downfall:Ironclad","floor":16,"turns":10}],"seed_played":"-3380967361937982889","potions_obtained":[{"floor":2,"key":"sneckomod:MuddlingPotion"},{"floor":4,"key":"LiquidBronze"},{"floor":4,"key":"Ancient Potion"},{"floor":4,"key":"LiquidMemories"},{"floor":6,"key":"CultistPotion"},{"floor":10,"key":"Slimebound:SlimyTonguePotion"}],"is_trial":false,"path_per_floor":["R","M","E","?","M","E","T","M","R","E","M","M","M","$","M","B"],"character_chosen":"SLIMEBOUND","items_purchased":["expansioncontent:DashGenerateEvil"],"campfire_rested":1,"item_purchase_floors":[14],"current_hp_per_floor":[66,66,45,45,43,29,29,31,65,64,65,60,53,48,40,0,0],"gold":45,"neow_bonus":"TEN_PERCENT_HP_BONUS","is_daily":false,"chose_seed":false,"campfire_upgraded":1,"win_rate":0.0,"timestamp":1608290844,"path_taken":["R","M","E","?","M","E","T","M","R","E","M","M","M","$","M","BOSS"],"items_purchased_type":["Card"],"build_version":"2020-12-13","purchased_purges":1,"victory":false,"max_hp_per_floor":[66,66,66,66,66,66,66,66,66,66,66,66,66,66,66,66,66],"relic_stats":{"Regal Pillow":15,"Dream Catcher":0,"counters":[12,55],"Gambling Chip":[14],"obtain_stats":[{"Regal Pillow":7,"Dream Catcher":10,"Gambling Chip":6,"Slimebound:AbsorbEndCombat":0,"Toy Ornithopter":3},{"Regal Pillow":4,"Dream Catcher":6,"Gambling Chip":4,"Slimebound:AbsorbEndCombat":0,"Toy Ornithopter":2},{"Regal Pillow":18,"Dream Catcher":27,"Gambling Chip":18,"Slimebound:AbsorbEndCombat":0,"Toy Ornithopter":11}],"Toy Ornithopter":25},"card_choices":[{"not_picked":["Slimebound:Dissolve","Slimebound:RainOfGoop"],"picked":"Slimebound:Repurpose","floor":2},{"not_picked":["Slimebound:ForwardTackle","Slimebound:Dissolve"],"picked":"Slimebound:HauntingLick","floor":3},{"not_picked":["Slimebound:FinishingTackle","Slimebound:RollThrough"],"picked":"Slimebound:SlimeBrawl","floor":5},{"not_picked":["Slimebound:RollThrough","Slimebound:ComboTackle"],"picked":"Slimebound:SamplingLick","floor":6},{"not_picked":["Slimebound:ViciousTackle","Slimebound:PressTheAttack"],"picked":"Slimebound:GoopSpray","floor":8},{"not_picked":["Slimebound:SplitAcid","Slimebound:Schlurp"],"picked":"Slimebound:LeadByExample","floor":10},{"not_picked":["Slimebound:DisruptingSlam","Slimebound:GoopSpray"],"picked":"Slimebound:MegaLick","floor":11},{"not_picked":["Slimebound:Grow","Slimebound:FlameTackle"],"picked":"Slimebound:LevelUp","floor":12},{"not_picked":["Slimebound:GoopSpray","Slimebound:RollThrough"],"picked":"Slimebound:SlimeSlap","floor":13},{"not_picked":["Slimebound:PressTheAttack","Slimebound:GrowthPunch"],"picked":"Slimebound:ProtectTheBoss","floor":14},{"not_picked":["Slimebound:Schlurp","Slimebound:DisruptingSlam"],"picked":"Slimebound:Teamwork","floor":15}],"player_experience":29804,"relics_obtained":[{"floor":3,"key":"Toy Ornithopter"},{"floor":6,"key":"Gambling Chip"},{"floor":7,"key":"Regal Pillow"},{"floor":10,"key":"Dream Catcher"}],"event_choices":[{"damage_healed":0,"gold_gain":0,"player_choice":"Got Potions","damage_taken":0,"max_hp_gain":0,"max_hp_loss":0,"event_name":"Lab","floor":4,"gold_loss":0}],"is_beta":false,"boss_relics":[],"items_purged_floors":[14],"is_endless":false,"potions_floor_spawned":[2,5,6,10,13,15],"killed_by":"downfall:Ironclad","ascension_level":0}}