{"host":"vxxgntm1odai56nh","time":1608323026,"event":{"mods":["AchievementEnabler","BaseMod","Colored Map","Colored Powertips","Highlight Path","Minty Spire (QoL Compilation)","Permanent Neow","Rare Cards Sparkle","Relic Stats","StSLib"],"gold_per_floor":[119,294,244,254,254,254,270,270,270,296,296,330,330,341,341,437,437,447,447,463,463,45,45,45,45],"floor_reached":24,"playtime":2570,"items_purged":["Defend_B+1"],"score":257,"play_id":"f31eb346-ac7f-4480-a943-2ec72306c7c5","local_time":"20201218152346","is_ascension_mode":true,"campfire_choices":[{"data":"Zap","floor":6,"key":"SMITH"},{"data":"Dualcast","floor":8,"key":"SMITH"},{"data":"Sunder","floor":13,"key":"SMITH"},{"floor":15,"key":"REST"},{"data":"Apotheosis","floor":23,"key":"SMITH"}],"circlet_count":0,"master_deck":["Defend_B+1","Defend_B+1","Defend_B+1","Zap+1","Dualcast+1","Gash","Hologram","White Noise","Auto Shields","Sunder+1","BootSequence","Echo Form","CurseOfTheBell","Gash","Bite","Bite","Bite","Bite","Bite","Streamline","Scrape","Apotheosis+1","Self Repair"],"relics":["Cracked Core","Sundial","WingedGreaves","MealTicket","Calling Bell","Potion Belt","Question Card","Emotion Chip","Membership Card","Anchor"],"acts_visited":["Exordium","TheCity"],"potions_floor_usage":[20,24],"damage_taken":[{"damage":1,"enemies":"2 Louse","floor":1,"turns":3},{"damage":4,"enemies":"Jaw Worm","floor":4,"turns":3},{"damage":8,"enemies":"Small Slimes","floor":7,"turns":3},{"damage":22,"enemies":"3 Sentries","floor":10,"turns":6},{"damage":17,"enemies":"Lagavulin","floor":12,"turns":6},{"damage":18,"enemies":"3 Louse","floor":14,"turns":3},{"damage":29,"enemies":"The Guardian","floor":16,"turns":13},{"damage":26,"enemies":"2 Thieves","floor":18,"turns":3},{"damage":9,"enemies":"3 Byrds","floor":20,"turns":4},{"damage":63,"enemies":"Masked Bandits","floor":24,"turns":4}],"seed_played":"-8031401047349858643","potions_obtained":[{"floor":1,"key":"SpeedPotion"},{"floor":12,"key":"FearPotion"},{"floor":16,"key":"Fire Potion"},{"floor":18,"key":"SpeedPotion"}],"is_trial":false,"path_per_floor":["M","?","?","M","?","R","M","R","T","E","?","E","R","M","R","B",null,"M","?","M","?","$","R","?"],"character_chosen":"DEFECT","items_purchased":["Membership Card","Scrape","Apotheosis","Self Repair","Anchor"],"campfire_rested":1,"item_purchase_floors":[22,22,22,22,22],"current_hp_per_floor":[81,81,81,77,70,70,62,62,62,40,67,50,50,32,56,27,82,56,56,52,52,57,57,0,0],"gold":45,"neow_bonus":"TEN_PERCENT_HP_BONUS","is_daily":false,"chose_seed":false,"campfire_upgraded":4,"win_rate":0.0,"timestamp":1608323026,"path_taken":["M","?","?","M","?","R","M","R","T","E","?","E","R","M","R","BOSS","M","?","M","?","$","R","?"],"items_purchased_type":["Relic","Card","Card","Card","Relic"],"build_version":"2020-12-13","purchased_purges":1,"victory":false,"max_hp_per_floor":[82,82,82,82,82,82,82,82,82,82,82,82,82,82,82,82,82,82,57,57,57,57,57,57,57],"relic_stats":{"Emotion Chip":[6,6,0,0,0],"counters":[10,48],"Sundial":[6],"MealTicket":5,"Question Card":2,"obtain_stats":[{"Calling Bell":17,"Potion Belt":17,"Emotion Chip":17,"Anchor":22,"Sundial":9,"MealTicket":12,"WingedGreaves":10,"Membership Card":22,"Cracked Core":0,"Question Card":17},{"Calling Bell":7,"Potion Belt":7,"Emotion Chip":7,"Anchor":9,"Sundial":3,"MealTicket":5,"WingedGreaves":4,"Membership Card":9,"Cracked Core":0,"Question Card":7},{"Calling Bell":37,"Potion Belt":37,"Emotion Chip":37,"Anchor":44,"Sundial":9,"MealTicket":21,"WingedGreaves":15,"Membership Card":44,"Cracked Core":0,"Question Card":37}]},"card_choices":[{"not_picked":["Consume","Steam"],"picked":"Gash","floor":1},{"not_picked":["Undo","Storm"],"picked":"Hologram","floor":4},{"not_picked":["Cold Snap","Go for the Eyes"],"picked":"White Noise","floor":7},{"not_picked":["Genetic Algorithm","Core Surge"],"picked":"Auto Shields","floor":10},{"not_picked":["Go for the Eyes","Turbo"],"picked":"Sunder","floor":12},{"not_picked":["Redo","FTL"],"picked":"BootSequence","floor":14},{"not_picked":["Amplify","Machine Learning"],"picked":"Echo Form","floor":16},{"not_picked":["Conserve Battery","Aggregate","Leap"],"picked":"Gash","floor":18},{"not_picked":["Sweeping Beam","Redo","Beam Cell"],"picked":"Streamline","floor":20}],"player_experience":126768,"relics_obtained":[{"floor":9,"key":"Sundial"},{"floor":10,"key":"WingedGreaves"},{"floor":12,"key":"MealTicket"},{"floor":17,"key":"Potion Belt"},{"floor":17,"key":"Question Card"},{"floor":17,"key":"Emotion Chip"}],"event_choices":[{"damage_healed":0,"gold_gain":175,"player_choice":"AGREE","damage_taken":0,"max_hp_gain":0,"max_hp_loss":0,"event_name":"Liars Game","floor":2,"gold_loss":0,"cards_obtained":["Doubt"]},{"cards_removed":["Doubt"],"damage_healed":0,"gold_gain":0,"player_choice":"Card Removal","damage_taken":0,"max_hp_gain":0,"max_hp_loss":0,"event_name":"The Cleric","floor":3,"gold_loss":50},{"cards_removed":["Strike_B"],"damage_healed":0,"gold_gain":0,"player_choice":"Card Removal","damage_taken":7,"max_hp_gain":0,"max_hp_loss":0,"event_name":"Golden Wing","floor":5,"gold_loss":0},{"damage_healed":27,"gold_gain":0,"player_choice":"Banana","damage_taken":0,"max_hp_gain":0,"max_hp_loss":0,"event_name":"Big Fish","floor":11,"gold_loss":0},{"damage_healed":0,"gold_gain":0,"player_choice":"Became a vampire","damage_taken":0,"max_hp_gain":0,"max_hp_loss":25,"event_name":"Vampires","floor":19,"gold_loss":0,"cards_obtained":["Bite","Bite","Bite","Bite","Bite"]},{"damage_healed":0,"gold_gain":0,"player_choice":"Simplicity","damage_taken":0,"max_hp_gain":0,"max_hp_loss":0,"event_name":"Back to Basics","floor":21,"gold_loss":0,"cards_upgraded":["Defend_B","Defend_B","Defend_B","Defend_B"]},{"damage_healed":0,"gold_gain":0,"player_choice":"Fought Bandits","damage_taken":0,"max_hp_gain":0,"max_hp_loss":0,"event_name":"Masked Bandits","floor":24,"gold_loss":0}],"is_beta":false,"boss_relics":[{"not_picked":["FrozenCore","Nuclear Battery"],"picked":"Calling Bell"}],"items_purged_floors":[22],"is_endless":false,"potions_floor_spawned":[1,12,16,18],"killed_by":"Masked Bandits","ascension_level":3}}