{"host":"m6h67kf6cz80m3yv","time":1608311639,"event":{"mods":["BaseMod","Better Third Choice","BetterRewards","Colored Powertips","Downfall","Duelist Mod","Hermit","Marisa????????","Minty Spire (QoL Compilation)","Quick Restart","Shade Mod","Shop Mod","StSLib","SuperFastMode","The Servant 0.9.4"],"gold_per_floor":[117,134,134,150,182,208,256,256,328,371,336,348,393,421,421,540,540,566,566,566,81,112,112,162,162,162,209,241,241,269,288,288,402,402,432,494,527,545,209,209,255,286,286,97,137,170,170,0,0,0,0,0,0,46,46],"floor_reached":56,"playtime":4293,"items_purged":[],"score":1369,"play_id":"6e5058e6-715f-4708-836b-77e6fca320c5","local_time":"20201218151359","is_ascension_mode":false,"campfire_choices":[{"floor":8,"key":"REST"},{"floor":15,"key":"REST"},{"data":"MillisecondPulsars","floor":23,"key":"SMITH"},{"floor":25,"key":"REST"},{"floor":32,"key":"REST"},{"data":"Apotheosis","floor":40,"key":"SMITH"},{"floor":49,"key":"RECALL"},{"floor":52,"key":"DIG"}],"circlet_count":0,"master_deck":["Strike_MRS","Strike_MRS","Strike_MRS","Defend_MRS","Defend_MRS","Defend_MRS","Defend_MRS","MasterSpark","UpSweep","DoubleSpark","PowerUp","WitchOfGreed","OneTimeOff","Acceleration","MillisecondPulsars+1","LuminesStrike","ChargeUpSpray","TreasureHunter","ChargingUp+1","OortCloud","OortCloud","SporeBomb","SuperPerseids","EventHorizon+1","OrrerysSun+1","BinaryStars","AsteroidBelt+1","SprinkleStarSeal+1","ManaConvection+1","Apotheosis+1","Acceleration+1","Panache+1","RefractionSpark+1","EnergyFlow+1","PulseMagic"],"relics":["BewitchedHakkero","Ancient Tea Set","MagicBroom","Lantern","AmplifyWand","DollysMirror","Bottled Flame","Bag of Marbles","HornCleat","Frozen Egg 2","CaptainsWheel","Torii","Philosopher\u0027s Stone","Shovel","Lee\u0027s Waffle","Regal Pillow","Bottled Tornado","BreadOfAWashokuLover","Pantograph","Pear","Red Mask","StrikeDummy","TungstenRod"],"acts_visited":["Exordium","TheCity","TheBeyond","TheEnding"],"potions_floor_usage":[16,20,30,30,50,50,54],"damage_taken":[{"damage":0,"enemies":"Cultist","floor":1,"turns":4},{"damage":0,"enemies":"2 Louse","floor":2,"turns":3},{"damage":2,"enemies":"Small Slimes","floor":4,"turns":3},{"damage":9,"enemies":"Blue Slaver","floor":5,"turns":4},{"damage":11,"enemies":"Lots of Slimes","floor":6,"turns":6},{"damage":28,"enemies":"Gremlin Nob","floor":7,"turns":4},{"damage":26,"enemies":"Lagavulin","floor":10,"turns":5},{"damage":6,"enemies":"Exordium Thugs","floor":12,"turns":3},{"damage":23,"enemies":"Gremlin Nob","floor":13,"turns":4},{"damage":6,"enemies":"Exordium Wildlife","floor":14,"turns":2},{"damage":27,"enemies":"Hexaghost","floor":16,"turns":7},{"damage":41,"enemies":"Shell Parasite","floor":18,"turns":7},{"damage":2,"enemies":"Spheric Guardian","floor":22,"turns":4},{"damage":9,"enemies":"theDuelist:KaibaA2","floor":24,"turns":6},{"damage":21,"enemies":"Slavers","floor":27,"turns":7},{"damage":11,"enemies":"Shelled Parasite and Fungi","floor":28,"turns":5},{"damage":0,"enemies":"Sentry and Sphere","floor":30,"turns":4},{"damage":0,"enemies":"Snake Plant","floor":31,"turns":3},{"damage":0,"enemies":"Collector","floor":33,"turns":7},{"damage":0,"enemies":"3 Darklings","floor":35,"turns":5},{"damage":12,"enemies":"2 Orb Walkers","floor":36,"turns":6},{"damage":0,"enemies":"Orb Walker","floor":37,"turns":2},{"damage":0,"enemies":"Sphere and 2 Shapes","floor":38,"turns":4},{"damage":6,"enemies":"Reptomancer","floor":41,"turns":7},{"damage":0,"enemies":"3 Darklings","floor":42,"turns":5},{"damage":11,"enemies":"Jaw Worm Horde","floor":45,"turns":4},{"damage":28,"enemies":"Nemesis","floor":46,"turns":9},{"damage":47,"enemies":"Donu and Deca","floor":50,"turns":9},{"damage":2,"enemies":"Shield and Spear","floor":54,"turns":3},{"damage":20,"enemies":"The Heart","floor":55,"turns":8}],"seed_played":"5838857280758631374","potions_obtained":[{"floor":4,"key":"LiquidMemories"},{"floor":5,"key":"Energy Potion"},{"floor":6,"key":"Ancient Potion"},{"floor":7,"key":"Fire Potion"},{"floor":16,"key":"FearPotion"},{"floor":20,"key":"Fruit Juice"},{"floor":20,"key":"Explosive Potion"},{"floor":22,"key":"CultistPotion"},{"floor":30,"key":"Explosive Potion"},{"floor":31,"key":"PowerPotion"},{"floor":54,"key":"Fruit Juice"},{"floor":54,"key":"SteroidPotion"}],"is_trial":false,"path_per_floor":["M","M","?","M","M","M","E","R","T","E","?","M","E","M","R","B",null,"M","?","?","$","M","R","E","R","T","E","M","?","M","M","R","B",null,"M","?","M","M","$","R","E","M","T","$","M","E","?","?","R","B",null,"R","$","E","B",null],"character_chosen":"MARISA","items_purchased":["AmplifyWand","OortCloud","DollysMirror","Lee\u0027s Waffle","Apotheosis","Panache+1"],"campfire_rested":4,"item_purchase_floors":[21,21,21,39,39,44],"current_hp_per_floor":[82,82,82,80,71,60,32,56,56,30,50,44,21,15,39,12,82,41,41,46,46,44,44,35,61,61,40,29,12,12,12,39,39,92,92,80,80,80,99,99,93,93,93,93,82,66,66,66,66,50,109,109,109,112,97],"gold":46,"neow_bonus":"TEN_PERCENT_HP_BONUS","is_daily":false,"chose_seed":false,"campfire_upgraded":2,"win_rate":0.0,"timestamp":1608311639,"path_taken":["M","M","?","?","M","M","E","R","T","E","?","M","E","M","R","BOSS","M","?","?","$","M","R","E","R","T","E","?","?","M","M","R","BOSS","M","?","M","M","$","R","E","M","T","$","M","E","?","?","R","BOSS","R","$","E","BOSS"],"items_purchased_type":["Relic","Card","Relic","Relic","Card","Card"],"build_version":"2020-12-13","purchased_purges":0,"victory":true,"max_hp_per_floor":[82,82,82,82,82,82,82,82,82,82,82,82,82,82,82,82,82,82,82,87,87,87,87,87,87,87,87,87,92,92,92,92,92,92,92,92,92,92,99,99,99,99,99,99,99,109,109,109,109,109,109,109,109,114,114],"card_choices":[{"not_picked":["NonDirectionalLaser","Occultation"],"picked":"DoubleSpark","floor":1},{"not_picked":["SporeBomb","UnstableBomb"],"picked":"PowerUp","floor":2},{"not_picked":["UnstableBomb","IllusionStar"],"picked":"WitchOfGreed","floor":4},{"not_picked":["ManaConvection","DoubleSpark"],"picked":"OneTimeOff","floor":5},{"not_picked":["DragonMeteor","NonDirectionalLaser"],"picked":"Acceleration","floor":6},{"not_picked":["AsteroidBelt","6A","OneTimeOff"],"picked":"SKIP","floor":7},{"not_picked":["EnergyFlow","SuperPerseids"],"picked":"MillisecondPulsars","floor":10},{"not_picked":["DragonMeteor","6A"],"picked":"LuminesStrike","floor":12},{"not_picked":["MachineGunSpark","NonDirectionalLaser","6A"],"picked":"SKIP","floor":13},{"not_picked":["EnergyRecoil","NonDirectionalLaser"],"picked":"ChargeUpSpray","floor":14},{"not_picked":["BigCrunch","MillisecondPulsars"],"picked":"TreasureHunter","floor":16},{"not_picked":["Acceleration","WitchOfGreed"],"picked":"ChargingUp+1","floor":18},{"not_picked":["ShootingEcho","MagicAbsorber"],"picked":"SporeBomb","floor":22},{"not_picked":["NonDirectionalLaser+1","MachineGunSpark"],"picked":"SuperPerseids","floor":24},{"not_picked":["PropBag","WitchLeyline+1","DragonMeteor"],"picked":"SKIP","floor":27},{"not_picked":["ChargingUp","MachineGunSpark+1"],"picked":"EventHorizon+1","floor":28},{"not_picked":["UnstableBomb","ChargingUp","DarkMatter"],"picked":"SKIP","floor":30},{"not_picked":["6A+1","ShootingEcho"],"picked":"OrrerysSun+1","floor":31},{"not_picked":["MillisecondPulsars+1","BigCrunch"],"picked":"BinaryStars","floor":33},{"not_picked":["IllusionStar+1","6A+1","Occultation"],"picked":"SKIP","floor":35},{"not_picked":["Acceleration","SporeBomb"],"picked":"AsteroidBelt+1","floor":36},{"not_picked":["PulseMagic","ManaConvection+1"],"picked":"SprinkleStarSeal+1","floor":37},{"not_picked":["PowerUp+1","BlazingStar"],"picked":"ManaConvection+1","floor":38},{"not_picked":["IllusionStar+1","TreasureHunter","NonDirectionalLaser+1"],"picked":"SKIP","floor":41},{"not_picked":["DragonMeteor+1","SporeBomb"],"picked":"Acceleration+1","floor":42},{"not_picked":["MysteriousBeam","GravityBeat+1"],"picked":"RefractionSpark+1","floor":45},{"not_picked":["OneTimeOff","GrandCross"],"picked":"EnergyFlow+1","floor":46},{"not_picked":["WitchLeyline","DarkMatter"],"picked":"PulseMagic","floor":54}],"player_experience":278722,"relics_obtained":[{"floor":7,"key":"Ancient Tea Set"},{"floor":10,"key":"MagicBroom"},{"floor":13,"key":"Lantern"},{"floor":24,"key":"Bottled Flame"},{"floor":24,"key":"Bag of Marbles"},{"floor":26,"key":"HornCleat"},{"floor":27,"key":"Frozen Egg 2"},{"floor":27,"key":"CaptainsWheel"},{"floor":33,"key":"Torii"},{"floor":36,"key":"Shovel"},{"floor":41,"key":"Regal Pillow"},{"floor":41,"key":"Bottled Tornado"},{"floor":43,"key":"BreadOfAWashokuLover"},{"floor":46,"key":"Pantograph"},{"floor":46,"key":"Pear"},{"floor":52,"key":"StrikeDummy"},{"floor":54,"key":"TungstenRod"}],"event_choices":[{"damage_healed":0,"gold_gain":0,"player_choice":"Ignored","damage_taken":0,"max_hp_gain":0,"max_hp_loss":0,"event_name":"Purifier","floor":3,"gold_loss":0},{"damage_healed":20,"gold_gain":0,"player_choice":"Healed","damage_taken":0,"max_hp_gain":0,"max_hp_loss":0,"event_name":"The Cleric","floor":11,"gold_loss":35},{"damage_healed":0,"gold_gain":0,"player_choice":"Got Potions","damage_taken":0,"max_hp_gain":0,"max_hp_loss":0,"event_name":"Lab","floor":20,"gold_loss":0},{"damage_healed":0,"gold_gain":0,"player_choice":"Shed Blood","damage_taken":22,"max_hp_gain":5,"max_hp_loss":0,"event_name":"Forgotten Altar","floor":29,"gold_loss":0},{"damage_healed":0,"gold_gain":0,"player_choice":"Fight","damage_taken":0,"max_hp_gain":0,"max_hp_loss":0,"event_name":"Mysterious Sphere","floor":36,"gold_loss":0},{"cards_removed":["Strike_MRS"],"damage_healed":0,"gold_gain":0,"player_choice":"Removed Attack","damage_taken":0,"max_hp_gain":0,"max_hp_loss":0,"event_name":"Falling","floor":47,"gold_loss":0},{"damage_healed":0,"gold_gain":0,"player_choice":"Paid","damage_taken":0,"relics_obtained":["Red Mask"],"max_hp_gain":0,"max_hp_loss":0,"event_name":"Tomb of Lord Red Mask","floor":48,"gold_loss":170}],"is_beta":false,"boss_relics":[{"not_picked":["Pandora\u0027s Box","Coffee Dripper"],"picked":"BewitchedHakkero"},{"not_picked":["SacredBark","Velvet Choker"],"picked":"Philosopher\u0027s Stone"}],"items_purged_floors":[],"is_endless":false,"potions_floor_spawned":[4,6,12,14,18,22,31,35,38,45,54],"ascension_level":0}}