{"host":"TheHustler","time":1608301562,"event":{"mods":["BaseMod","Block Reminder","Colored Map","Colored Powertips","Minty Spire (QoL Compilation)","Quick Restart","StSLib","SuperFastMode","Unceasing Turn Reminder"],"gold_per_floor":[114,125,125,28,43,69,69,85,109,109,138,138,148,165,165,242,242,256,256,256,271,25,25,25,25,25],"floor_reached":25,"playtime":535,"items_purged":["Strike_R"],"score":401,"play_id":"75914181-fd1a-4c02-92dc-81cd124ccfdf","local_time":"20201218152602","is_ascension_mode":true,"campfire_choices":[{"data":"Body Slam","floor":7,"key":"SMITH"},{"data":"Demon Form","floor":15,"key":"SMITH"},{"data":"Battle Trance","floor":23,"key":"SMITH"}],"circlet_count":0,"master_deck":["AscendersBane","Strike_R","Defend_R","Defend_R","Defend_R","Defend_R","Bash","Body Slam+1","Battle Trance+1","Good Instincts","Dropkick","Double Tap","Demon Form+1","Reaper","Juggernaut","Ghostly Armor","Ghostly","Ghostly","Ghostly"],"relics":["Burning Blood","NeowsBlessing","Ancient Tea Set","Blood Vial","Self Forming Clay","Anchor","Cursed Key","ClockworkSouvenir"],"acts_visited":["Exordium","TheCity"],"potions_floor_usage":[6,11,18,25],"damage_taken":[{"damage":0,"enemies":"Small Slimes","floor":1,"turns":1},{"damage":0,"enemies":"Cultist","floor":2,"turns":1},{"damage":0,"enemies":"2 Louse","floor":5,"turns":1},{"damage":42,"enemies":"Lagavulin","floor":6,"turns":6},{"damage":13,"enemies":"Exordium Wildlife","floor":8,"turns":6},{"damage":31,"enemies":"3 Sentries","floor":11,"turns":13},{"damage":2,"enemies":"Blue Slaver","floor":13,"turns":4},{"damage":3,"enemies":"3 Louse","floor":14,"turns":4},{"damage":38,"enemies":"Slime Boss","floor":16,"turns":9},{"damage":39,"enemies":"Chosen","floor":18,"turns":5},{"damage":4,"enemies":"Shell Parasite","floor":21,"turns":5},{"damage":39,"enemies":"Slavers","floor":25,"turns":6}],"seed_played":"-3632999533493356259","potions_obtained":[{"floor":5,"key":"AttackPotion"},{"floor":8,"key":"GamblersBrew"},{"floor":11,"key":"LiquidBronze"},{"floor":13,"key":"SteroidPotion"},{"floor":18,"key":"BloodPotion"}],"is_trial":false,"path_per_floor":["M","M","?","$","M","E","R","M","T","T","E","?","M","M","R","B",null,"M","?","?","M","$","R","$","E"],"character_chosen":"IRONCLAD","items_purchased":["Good Instincts","ClockworkSouvenir"],"campfire_rested":0,"item_purchase_floors":[4,22],"current_hp_per_floor":[74,75,75,75,75,39,39,32,32,32,9,34,40,45,45,15,60,44,44,37,37,37,37,37,0,0],"gold":25,"neow_bonus":"THREE_ENEMY_KILL","is_daily":false,"chose_seed":false,"campfire_upgraded":3,"win_rate":0.0,"timestamp":1608301562,"path_taken":["M","M","?","$","?","E","R","M","T","?","E","?","M","?","R","BOSS","M","?","?","M","?","R","$","E"],"items_purchased_type":["Card","Relic"],"build_version":"2020-12-17","purchased_purges":1,"victory":false,"max_hp_per_floor":[75,75,75,75,75,75,75,75,75,75,75,75,75,75,75,75,75,75,75,37,37,37,37,37,37,37],"card_choices":[{"not_picked":["Wild Strike","Cleave"],"picked":"Body Slam","floor":1},{"not_picked":["Pommel Strike","Headbutt"],"picked":"Battle Trance","floor":2},{"not_picked":["Ghostly Armor","Burning Pact"],"picked":"Dropkick","floor":5},{"not_picked":["Rupture","Wild Strike","Flex"],"picked":"SKIP","floor":6},{"not_picked":["Headbutt","Clash","Flame Barrier"],"picked":"SKIP","floor":8},{"not_picked":["Spot Weakness","Hemokinesis"],"picked":"Double Tap","floor":11},{"not_picked":["Perfected Strike","Anger","Infernal Blade"],"picked":"SKIP","floor":13},{"not_picked":["True Grit","Thunderclap"],"picked":"Demon Form","floor":14},{"not_picked":["Feed","Impervious"],"picked":"Reaper","floor":16},{"not_picked":["Thunderclap","Wild Strike","Anger"],"picked":"SKIP","floor":18},{"not_picked":["Heavy Blade","Bludgeon","True Grit"],"picked":"SKIP","floor":21}],"player_experience":600907,"relics_obtained":[{"floor":6,"key":"Ancient Tea Set"},{"floor":9,"key":"Blood Vial"},{"floor":10,"key":"Self Forming Clay"},{"floor":11,"key":"Anchor"}],"event_choices":[{"cards_removed":["Strike_R"],"damage_healed":0,"gold_gain":0,"player_choice":"Offered Basic","damage_taken":0,"max_hp_gain":0,"max_hp_loss":0,"event_name":"Bonfire Elementals","floor":3,"gold_loss":0},{"damage_healed":25,"gold_gain":0,"player_choice":"Banana","damage_taken":0,"max_hp_gain":0,"max_hp_loss":0,"event_name":"Big Fish","floor":12,"gold_loss":0},{"damage_healed":0,"gold_gain":0,"cards_transformed":["Strike_R","Strike_R"],"player_choice":"Became Test Subject","damage_taken":0,"max_hp_gain":0,"max_hp_loss":0,"event_name":"Drug Dealer","floor":19,"gold_loss":0,"cards_obtained":["Juggernaut","Ghostly Armor"]},{"damage_healed":0,"gold_gain":0,"player_choice":"Became a Ghost","damage_taken":0,"max_hp_gain":0,"max_hp_loss":38,"event_name":"Ghosts","floor":20,"gold_loss":0,"cards_obtained":["Ghostly","Ghostly","Ghostly"]}],"is_beta":true,"boss_relics":[{"not_picked":["Black Blood","Runic Cube"],"picked":"Cursed Key"}],"items_purged_floors":[22],"is_endless":false,"potions_floor_spawned":[5,8,11,13,14,18],"killed_by":"Slavers","ascension_level":18}}