{"host":"4lebci84u2l5u89t","time":1608325580,"event":{"mods":["AchievementEnabler","Aspiration","Bard","BaseMod","Beaked The Cultist","Better Altar","Better Match","Better Note","Better Sensory Stone","Better Skull","Better Third Choice","BetterRewards","CCEM","Colored Map","Conspire","Downfall","GifTheSpireLib","Googly Eyes","Halation","Hermit","Highlight Path","Hubris","Hunter ??","Jedi Mod","Jorbs\u0027s Wanderer Trilogy","Lobotomy","Mad Scientist","Marisa????????","Mimic Mod","Minty Spire (QoL Compilation)","Permanent Neow","Replay The Spire","Shade Mod","Spicy Shops","StSLib","Stuff the Spire","Unceasing Turn Reminder"],"gold_per_floor":[119,136,159,264,299,355,355,388,388,388,388,388,443,473,120,153,153,167,167],"floor_reached":18,"playtime":1210,"items_purged":[],"score":122,"play_id":"48a2f137-e7be-48aa-9977-05edebd54157","local_time":"20201218220620","is_ascension_mode":false,"campfire_choices":[{"floor":7,"key":"REST"},{"data":"MagicChant","floor":10,"key":"SMITH"},{"floor":17,"key":"REST"}],"circlet_count":0,"master_deck":["Strike_MRS","Strike_MRS","Strike_MRS","Strike_MRS","Defend_MRS","Defend_MRS","MasterSpark","UpSweep","BigBadWolf","Wellcheers","MachineGunSpark","ShootingEcho","MagicChant+1","PowerUp","LongBird","DC","SporeBomb","Acceleration","Singularity","WhitesApple","Parasite","TreasureHunter","BinaryStars+1","PunishingBird","MaximisePower"],"relics":["MiniHakkero","CogitoBucket","Replay:Bandana","Garlic","Simple Rune","StuffTheSpire:Gunfinga","Theresia","StuffTheSpire:DarkSteelAnvil"],"acts_visited":["Exordium"],"potions_floor_usage":[],"damage_taken":[{"damage":1,"enemies":"Cultist","floor":1,"turns":4},{"damage":0,"enemies":"2 Louse","floor":2,"turns":3},{"damage":0,"enemies":"Small Slimes","floor":5,"turns":3},{"damage":26,"enemies":"Lagavulin","floor":6,"turns":5},{"damage":4,"enemies":"3 Louse","floor":8,"turns":2},{"damage":20,"enemies":"3 Sentries","floor":13,"turns":5},{"damage":10,"enemies":"Lots of Slimes","floor":14,"turns":4},{"damage":0,"enemies":"Red Slaver","floor":16,"turns":1},{"damage":101,"enemies":"Slime Boss","floor":18,"turns":3}],"seed_played":"4055840010986865020","potions_obtained":[{"floor":5,"key":"SpeedPotion"},{"floor":8,"key":"FearPotion"},{"floor":16,"key":"Energy Potion"}],"is_trial":false,"path_per_floor":["M","M","T","?","M","E","R","M","T","R","PTL","PTL","E","M","$","M","R","B"],"character_chosen":"MARISA","items_purchased":["TreasureHunter","StuffTheSpire:DarkSteelAnvil","BinaryStars+1"],"campfire_rested":2,"item_purchase_floors":[15,15,15],"current_hp_per_floor":[74,74,74,56,56,36,58,54,54,54,54,54,34,24,24,24,46,0,0],"gold":167,"neow_bonus":"","is_daily":false,"chose_seed":false,"campfire_upgraded":1,"win_rate":0.0,"timestamp":1608325580,"path_taken":["M","M","?","?","M","E","R","?","T","R","PTL","PTL","E","M","?","M","R","BOSS"],"items_purchased_type":["Card","Relic","Card"],"build_version":"2020-12-13","purchased_purges":0,"victory":false,"max_hp_per_floor":[75,75,75,75,75,75,75,75,75,75,75,75,75,75,75,75,75,75,75],"card_choices":[{"not_picked":["6A","MysteriousBeam"],"picked":"MilkyWay","floor":1},{"not_picked":["SpiderBud","MHz"],"picked":"BigBadWolf","floor":1},{"not_picked":["UniverseFragment","DespairKnight"],"picked":"Wellcheers","floor":2},{"not_picked":["MysteriousBeam","DoubleSpark"],"picked":"MachineGunSpark","floor":2},{"not_picked":["DC","IllusionStar"],"picked":"ShootingEcho","floor":4},{"not_picked":["SporeBomb","FairyDestructionRay"],"picked":"MagicChant","floor":4},{"not_picked":["LuminesStrike","ShootingEcho"],"picked":"PowerUp","floor":4},{"not_picked":["DespairKnight","SpiderBud"],"picked":"LongBird","floor":5},{"not_picked":["IllusionStar","UnstableBomb"],"picked":"DC","floor":5},{"not_picked":["AbsoluteMagnitude","Acceleration"],"picked":"SporeBomb","floor":6},{"not_picked":["GravityBeat","WitchLeyline"],"picked":"Acceleration","floor":8},{"not_picked":["LuminesStrike","BlazeAway"],"picked":"Singularity","floor":13},{"not_picked":["SnowQueen","BeautyBeast"],"picked":"WhitesApple","floor":13},{"not_picked":["SporeBomb","AsteroidBelt","GalacticHalo"],"picked":"SKIP","floor":14},{"not_picked":["SporeBomb","AsteroidBelt","GalacticHalo"],"picked":"SKIP","floor":14},{"not_picked":["Bloodbath","Alriune"],"picked":"PunishingBird","floor":16},{"not_picked":["AsteroidBelt","MysteriousBeam"],"picked":"MaximisePower","floor":16}],"player_experience":258094,"relics_obtained":[{"floor":3,"key":"Replay:Bandana"},{"floor":6,"key":"Garlic"},{"floor":9,"key":"Simple Rune"},{"floor":13,"key":"StuffTheSpire:Gunfinga"}],"event_choices":[],"is_beta":false,"boss_relics":[],"items_purged_floors":[],"is_endless":false,"potions_floor_spawned":[5,8,16],"killed_by":"Slime Boss","ascension_level":0}}