{"host":"mmqs5ul2bvb60kyc","time":1608257594,"event":{"mods":["BaseMod","Minty Spire (QoL Compilation)","StSLib"],"gold_per_floor":[17,17,38,38,57,57,97,97,123,123,159,172,213,388,388,388,388],"floor_reached":16,"playtime":647,"items_purged":[],"score":165,"play_id":"cd37f3a1-3b2a-4548-a141-172f3396fa3f","local_time":"20201218101314","is_ascension_mode":true,"campfire_choices":[{"data":"Armaments","floor":6.0,"key":"SMITH"},{"data":"Dark Embrace","floor":8.0,"key":"SMITH"},{"floor":10.0,"key":"RECALL"},{"data":"Bash","floor":15.0,"key":"SMITH"}],"circlet_count":0,"master_deck":["Strike_R","Strike_R","Strike_R","Strike_R","Strike_R","Defend_R","Defend_R","Defend_R","Defend_R","Bash+1","Shrug It Off","Armaments+1","Body Slam","Dark Embrace+1","Warcry","Seeing Red","Doubt"],"relics":["Burning Blood","WingedGreaves","Golden Idol","Strawberry","Smiling Mask","Centennial Puzzle","Oddly Smooth Stone"],"acts_visited":["Exordium"],"potions_floor_usage":[16],"damage_taken":[{"damage":6.0,"enemies":"Cultist","floor":1.0,"turns":4.0},{"damage":4.0,"enemies":"Jaw Worm","floor":3.0,"turns":3.0},{"damage":3.0,"enemies":"Small Slimes","floor":5.0,"turns":6.0},{"damage":18.0,"enemies":"Lagavulin","floor":7.0,"turns":6.0},{"damage":6.0,"enemies":"3 Sentries","floor":11.0,"turns":8.0},{"damage":2.0,"enemies":"2 Fungi Beasts","floor":12.0,"turns":4.0},{"damage":44.0,"enemies":"Lagavulin","floor":13.0,"turns":9.0},{"damage":24,"enemies":"Slime Boss","floor":16,"turns":10}],"seed_played":"1678601442001795852","potions_obtained":[{"floor":3.0,"key":"SneckoOil"},{"floor":5.0,"key":"Dexterity Potion"},{"floor":13.0,"key":"Block Potion"}],"is_trial":false,"path_per_floor":["M","?","M","?","M","R","E","R","T","R","E","M","E","?","R","B"],"character_chosen":"IRONCLAD","items_purchased":[],"campfire_rested":0,"item_purchase_floors":[],"current_hp_per_floor":[72,52,54,59,62,62,57,57,57,57,57,61,23,23,23,0,0],"gold":388,"neow_bonus":"ONE_RARE_RELIC","is_daily":false,"chose_seed":false,"campfire_upgraded":3,"win_rate":0.0,"timestamp":1608257594,"path_taken":["M","?","M","?","M","R","E","R","T","R","E","M","E","?","R","BOSS"],"items_purchased_type":[],"build_version":"2020-12-13","purchased_purges":0,"victory":false,"max_hp_per_floor":[80,80,80,85,85,85,92,92,92,92,92,92,92,92,92,92,92],"card_choices":[{"not_picked":["Wild Strike","Battle Trance"],"picked":"Shrug It Off","floor":1.0},{"not_picked":["Ghostly Armor","Headbutt"],"picked":"Armaments","floor":3.0},{"not_picked":["Wild Strike","Infernal Blade"],"picked":"Body Slam","floor":5.0},{"not_picked":["Clothesline","Sever Soul"],"picked":"Dark Embrace","floor":7.0},{"not_picked":["Combust","Dropkick"],"picked":"Warcry","floor":11.0},{"not_picked":["Cleave","Anger","Blood for Blood"],"picked":"SKIP","floor":12.0},{"not_picked":["Shrug It Off","Fire Breathing"],"picked":"Seeing Red","floor":13.0}],"player_experience":198377,"relics_obtained":[{"floor":7.0,"key":"Strawberry"},{"floor":9.0,"key":"Smiling Mask"},{"floor":11.0,"key":"Centennial Puzzle"},{"floor":13.0,"key":"Oddly Smooth Stone"}],"event_choices":[{"damage_healed":0.0,"max_hp_gain":0.0,"max_hp_loss":0.0,"gold_gain":0.0,"event_name":"Golden Idol","player_choice":"Take Damage","floor":2.0,"gold_loss":0.0,"damage_taken":20.0,"relics_obtained":["Golden Idol"]},{"damage_healed":0.0,"max_hp_gain":5.0,"max_hp_loss":0.0,"gold_gain":0.0,"event_name":"Big Fish","player_choice":"Donut","floor":4.0,"gold_loss":0.0,"damage_taken":0.0},{"damage_healed":0.0,"max_hp_gain":0.0,"max_hp_loss":0.0,"gold_gain":175.0,"event_name":"Liars Game","player_choice":"AGREE","floor":14.0,"gold_loss":0.0,"damage_taken":0.0,"cards_obtained":["Doubt"]}],"is_beta":false,"boss_relics":[],"items_purged_floors":[],"is_endless":false,"potions_floor_spawned":[3,5,13],"killed_by":"Slime Boss","ascension_level":8}}