{"host":"bjyhe453g0o3w47y","time":1608289918,"event":{"mods":["AchievementEnabler","BaseMod","Colored Map","Colored Powertips","Highlight Path","Keyboard Shortcuts","Minty Spire (QoL Compilation)","Permanent Neow","Quick Restart","Rare Cards Sparkle","StSLib","SuperFastMode"],"gold_per_floor":[109,120,137,102,177,202,12,12,12],"floor_reached":8,"playtime":178,"items_purged":[],"score":98,"play_id":"13dd6140-d857-4428-a500-3b644cff58d6","local_time":"20201218201158","is_ascension_mode":true,"campfire_choices":[],"circlet_count":0,"master_deck":["AscendersBane","Strike_R","Strike_R","Strike_R","Strike_R","Strike_R","Defend_R","Defend_R","Defend_R","Defend_R","Bash","Offering","Evolve","Perfected Strike","Bludgeon","Second Wind","Reckless Charge","Flame Barrier"],"relics":["Burning Blood","Centennial Puzzle"],"acts_visited":["Exordium"],"potions_floor_usage":[6,6],"damage_taken":[{"damage":16,"enemies":"Small Slimes","floor":1,"turns":4},{"damage":12,"enemies":"Jaw Worm","floor":2,"turns":4},{"damage":19,"enemies":"2 Louse","floor":3,"turns":4},{"damage":41,"enemies":"Lagavulin","floor":6,"turns":6},{"damage":21,"enemies":"Gremlin Nob","floor":8,"turns":3}],"seed_played":"-1307254873743519585","potions_obtained":[{"floor":2,"key":"FearPotion"},{"floor":3,"key":"SteroidPotion"}],"is_trial":false,"path_per_floor":["M","M","M","?","?","E","$","E"],"character_chosen":"IRONCLAD","items_purchased":["Second Wind","Reckless Charge","Flame Barrier"],"campfire_rested":0,"item_purchase_floors":[7,7,7],"current_hp_per_floor":[58,52,39,57,46,11,11,0,0],"gold":12,"neow_bonus":"ONE_RANDOM_RARE_CARD","is_daily":false,"chose_seed":false,"campfire_upgraded":0,"win_rate":0.0,"timestamp":1608289918,"path_taken":["M","M","M","?","?","E","$","E"],"items_purchased_type":["Card","Card","Card"],"build_version":"2020-12-13","purchased_purges":0,"victory":false,"max_hp_per_floor":[75,75,75,75,75,75,75,75,75],"card_choices":[{"not_picked":["Warcry","Shockwave"],"picked":"Evolve","floor":1},{"not_picked":["Combust","Warcry","Flex"],"picked":"SKIP","floor":2},{"not_picked":["Armaments","True Grit"],"picked":"Perfected Strike","floor":3},{"not_picked":["Havoc","Rampage"],"picked":"Bludgeon","floor":6}],"player_experience":114899,"relics_obtained":[{"floor":6,"key":"Centennial Puzzle"}],"event_choices":[{"damage_healed":18,"gold_gain":0,"player_choice":"Healed","damage_taken":0,"max_hp_gain":0,"max_hp_loss":0,"event_name":"The Cleric","floor":4,"gold_loss":35},{"damage_healed":0,"gold_gain":75,"player_choice":"Gather Gold","damage_taken":11,"max_hp_gain":0,"max_hp_loss":0,"event_name":"World of Goop","floor":5,"gold_loss":0}],"is_beta":false,"boss_relics":[],"items_purged_floors":[],"is_endless":false,"potions_floor_spawned":[2,3],"killed_by":"Gremlin Nob","ascension_level":15}}