{"host":"a7kkotolxcg5vljr","time":1608317223,"event":{"mods":["2.2 Compatiblity","AchievementEnabler","Act Like it!","BaseMod","Better Altar","Better Skull","Better Third Choice","Colored Map","Colored Powertips","Downfall","Hermit","Highlight Path","Marisa????????","Minty Spire (QoL Compilation)","Quick Restart","Rare Cards Sparkle","Replay The Spire","Spicy Shops","StSLib","The Cursed","The Disciple","The Servant 0.9.4"],"gold_per_floor":[114,125,125,142,417,427,453,403,429,442,489,489,522,522,522,625,625,608,623,672,691,691,180,203,203,256,256,305,326,168,184,184,291,291,318,97,97,123,140,140,200,200,246,322,379,411,456,456,456,456,456],"floor_reached":50,"playtime":2313,"items_purged":["Spreading Infection","Writhe","Decay","Shame"],"score":604,"play_id":"7f21132d-8531-4f66-b8b7-877e63b50afb","local_time":"20201218134703","is_ascension_mode":false,"campfire_choices":[{"floor":12,"key":"REST"},{"floor":15,"key":"REST"},{"floor":25,"key":"RECALL"},{"floor":27,"key":"REST"},{"data":"ReplayTheSpireMod:Brewmster","floor":32,"key":"SMITH"},{"floor":40,"key":"REST"},{"floor":49,"key":"REST"}],"circlet_count":0,"master_deck":["Strike_B","Strike_B","Strike_B","Strike_B","Defend_B","Defend_B","Defend_B","Defend_B","Zap","Dualcast","Tempest","Conserve Battery","Chaos","Compile Driver","Darkness","Conserve Battery+1","Chaos","All For One","Turbo+1","Aggregate+1","Ball Lightning","ReplayTheSpireMod:Brewmster+1","Storm","Streamline","Chaos","Aggregate+1","Ball Lightning+1","Crystallizer","Compile Driver+1","Hologram","Barrage","Hello World+1","Echo Form","Sweeping Beam","Pot Of Greed","Pot Of Greed","Pot Of Greed","Pot Of Greed","Crystallizer","Double Energy","Capacitor+1","Chill+1","Conserve Battery+1","Go for the Eyes+1","Cold Snap+1"],"relics":["Cracked Core","NeowsBlessing","Tiny Chest","PreservedInsect","Replay:Mystery Machine","expansioncontent:StudyCardRelic","Replay:Bandana","ReplayTheSpireMod:Ring of Exchange","Orrery","Whetstone","Oddly Smooth Stone","Lee\u0027s Waffle","Strange Spoon","Grinning Jar","ReplayTheSpireMod:CursedCoin","Snack Pack","Pocketwatch","Lantern","Divine Protection","Replay:Ringing Soul"],"acts_visited":["Exordium","TheCity","TheBeyond"],"potions_floor_usage":[1,6,7,7,7,7,7,16,28,28,28,29,31,33,33,33,33,35,39,39,41,41,41,47,50,50,50,50,50,50,50,50,50,50],"damage_taken":[{"damage":0,"enemies":"Cultist","floor":1,"turns":1},{"damage":0,"enemies":"Jaw Worm","floor":2,"turns":1},{"damage":0,"enemies":"2 Louse","floor":4,"turns":1},{"damage":24,"enemies":"Lots of Slimes","floor":6,"turns":4},{"damage":33,"enemies":"Gremlin Nob","floor":7,"turns":5},{"damage":2,"enemies":"Blue Slaver","floor":10,"turns":3},{"damage":13,"enemies":"3 Sentries","floor":13,"turns":5},{"damage":53,"enemies":"Hexaghost","floor":16,"turns":14},{"damage":10,"enemies":"2 Thieves","floor":18,"turns":5},{"damage":30,"enemies":"Shell Parasite","floor":19,"turns":7},{"damage":4,"enemies":"Snecko","floor":21,"turns":4},{"damage":17,"enemies":"Centurion and Healer","floor":24,"turns":5},{"damage":37,"enemies":"Slavers","floor":28,"turns":5},{"damage":19,"enemies":"Shelled Parasite and Fungi","floor":29,"turns":5},{"damage":1,"enemies":"Snecko","floor":31,"turns":4},{"damage":79,"enemies":"Collector","floor":33,"turns":8},{"damage":46,"enemies":"3 Darklings","floor":35,"turns":4},{"damage":7,"enemies":"Orb Walker","floor":38,"turns":3},{"damage":0,"enemies":"Spire Growth","floor":39,"turns":3},{"damage":33,"enemies":"Reptomancer","floor":41,"turns":5},{"damage":24,"enemies":"Jaw Worm Horde","floor":45,"turns":3},{"damage":3,"enemies":"3 Darklings","floor":46,"turns":4},{"damage":13,"enemies":"Sphere and 2 Shapes","floor":47,"turns":4},{"damage":110,"enemies":"Awakened One","floor":50,"turns":7}],"seed_played":"5084843397168424079","potions_obtained":[{"floor":1,"key":"Fruit Juice"},{"floor":2,"key":"sneckomod:MuddlingPotion"},{"floor":3,"key":"EntropicBrew"},{"floor":3,"key":"Block Potion"},{"floor":13,"key":"PowerPotion"},{"floor":18,"key":"ColorlessPotion"},{"floor":19,"key":"champ:CounterPotion"},{"floor":24,"key":"Block Potion"},{"floor":29,"key":"Block Potion"},{"floor":31,"key":"Dexterity Potion"},{"floor":35,"key":"SkillPotion"},{"floor":38,"key":"Block Potion"},{"floor":45,"key":"SteroidPotion"},{"floor":46,"key":"DistilledChaos"}],"is_trial":false,"path_per_floor":["M","M","?","M","?","M","E","?","T","M","T","R","E","?","R","B",null,"M","M","T","M","?","$","M","R","T","R","E","M","$","M","R","B",null,"M","$","T","M","M","R","E","?","T","T","M","M","M","T","R","B"],"character_chosen":"DEFECT","items_purchased":["ReplayTheSpireMod:Brewmster","Storm","Orrery","Lee\u0027s Waffle","Grinning Jar","ReplayTheSpireMod:CursedCoin","Crystallizer"],"campfire_rested":5,"item_purchase_floors":[23,23,23,30,36,36,36],"current_hp_per_floor":[80,80,80,80,80,56,23,23,23,21,21,45,32,32,56,3,80,70,40,40,36,36,36,19,19,19,43,6,20,87,86,86,7,87,41,41,41,38,40,66,35,76,76,76,52,57,48,48,70,0,0],"gold":456,"neow_bonus":"THREE_ENEMY_KILL","is_daily":false,"chose_seed":false,"campfire_upgraded":1,"win_rate":0.0,"timestamp":1608317223,"path_taken":["M","?","?","?","?","?","E","?","T","M","?","R","E","?","R","BOSS","M","M","?","M","?","?","M","R","T","R","E","M","$","?","R","BOSS","M","$","?","M","?","R","E","?","T","?","M","M","M","?","R","BOSS"],"items_purchased_type":["Card","Card","Relic","Relic","Relic","Relic","Card"],"build_version":"2020-12-13","purchased_purges":4,"victory":false,"max_hp_per_floor":[80,80,80,80,80,80,80,80,80,80,80,80,80,80,80,80,80,80,80,80,80,80,80,80,80,80,80,80,80,87,87,87,87,87,87,87,87,87,87,87,87,76,76,76,76,76,76,76,76,76,76],"card_choices":[{"not_picked":["BasicCrystalCard","Leap"],"picked":"Tempest","floor":1},{"not_picked":["Panic Button","Gash"],"picked":"Conserve Battery","floor":2},{"not_picked":["Go for the Eyes","Coolheaded"],"picked":"Chaos","floor":4},{"not_picked":["BasicCrystalCard","ReplayTheSpireMod:Repulse"],"picked":"Compile Driver","floor":6},{"not_picked":["ReplaySolidLightProjector","ReplayTheSpireMod:GoodbyeWorld"],"picked":"Darkness","floor":7},{"not_picked":["Leap","Beam Cell"],"picked":"Conserve Battery","floor":10},{"not_picked":["Rebound","Gash"],"picked":"Chaos","floor":13},{"not_picked":["Seek","Multi-Cast"],"picked":"All For One","floor":16},{"not_picked":["Doom and Gloom","Gash"],"picked":"Turbo+1","floor":18},{"not_picked":["Sunder","Gash"],"picked":"Aggregate+1","floor":19},{"not_picked":["Beam Cell","Reinforced Body+1"],"picked":"Ball Lightning","floor":21},{"not_picked":["Conserve Battery","Compile Driver"],"picked":"Streamline","floor":23},{"not_picked":["Fusion","Steam"],"picked":"Chaos","floor":23},{"not_picked":["Beam Cell","BasicCrystalCard"],"picked":"Aggregate+1","floor":23},{"not_picked":["Chaos","Rebound"],"picked":"Ball Lightning","floor":23},{"not_picked":["Time Bomb","Barrage+1"],"picked":"Crystallizer","floor":23},{"not_picked":["Panic Button","Leap"],"picked":"Compile Driver","floor":24},{"not_picked":["ReplayTheSpireMod:Reroute Power","ReplayTheSpireMod:Repulse"],"picked":"Hologram","floor":28},{"not_picked":["ReplaySort","ReplayTheSpireMod:Fabricate Wheel"],"picked":"Barrage","floor":29},{"not_picked":["Panic Button","Compile Driver"],"picked":"Hello World+1","floor":31},{"not_picked":["Fission","Hyperbeam"],"picked":"Echo Form","floor":33},{"not_picked":["Steam+1","Doom and Gloom"],"picked":"Sweeping Beam","floor":35},{"not_picked":["Steam+1","BasicCrystalCard"],"picked":"Double Energy","floor":38},{"not_picked":["Steam+1","Streamline"],"picked":"Capacitor+1","floor":39},{"not_picked":["Double Energy","Chaos"],"picked":"Chill+1","floor":41},{"not_picked":["Lockon+1","Stack+1"],"picked":"Conserve Battery+1","floor":45},{"not_picked":["Ball Lightning","Rip and Tear+1"],"picked":"Go for the Eyes+1","floor":46},{"not_picked":["Steam","Gash"],"picked":"Cold Snap+1","floor":47}],"player_experience":356944,"relics_obtained":[{"floor":7,"key":"Tiny Chest"},{"floor":11,"key":"PreservedInsect"},{"floor":13,"key":"Replay:Mystery Machine"},{"floor":20,"key":"Replay:Bandana"},{"floor":22,"key":"ReplayTheSpireMod:Ring of Exchange"},{"floor":26,"key":"Whetstone"},{"floor":28,"key":"Oddly Smooth Stone"},{"floor":37,"key":"Snack Pack"},{"floor":41,"key":"Pocketwatch"},{"floor":43,"key":"Lantern"},{"floor":44,"key":"Divine Protection"},{"floor":48,"key":"Replay:Ringing Soul"}],"event_choices":[{"damage_healed":0,"gold_gain":0,"player_choice":"Got Potions","damage_taken":0,"max_hp_gain":0,"max_hp_loss":0,"event_name":"Lab","floor":3,"gold_loss":0},{"damage_healed":0,"gold_gain":275,"player_choice":"Desecrate","damage_taken":0,"max_hp_gain":0,"max_hp_loss":0,"event_name":"Golden Shrine","floor":5,"gold_loss":0,"cards_obtained":["Regret"]},{"cards_removed":["Regret"],"damage_healed":0,"gold_gain":0,"player_choice":"Card Removal","damage_taken":0,"max_hp_gain":0,"max_hp_loss":0,"event_name":"The Cleric","floor":8,"gold_loss":50},{"damage_healed":76,"gold_gain":0,"player_choice":"Heal","damage_taken":0,"max_hp_gain":0,"max_hp_loss":11,"event_name":"The Moai Head","floor":42,"gold_loss":0}],"is_beta":false,"boss_relics":[{"not_picked":["Fusion Hammer","Astrolabe"],"picked":"expansioncontent:StudyCardRelic"},{"not_picked":["Kintsugi","Replay:Grab Bag"],"picked":"Strange Spoon"}],"items_purged_floors":[23,30,36,36],"is_endless":false,"potions_floor_spawned":[1,2,13,18,19,24,29,31,35,38,45,46],"killed_by":"Awakened One","ascension_level":0}}