{"host":"0cnf9zf1gia27zti","time":1608322749,"event":{"mods":["BaseMod","BetterRewards","Card Forge","Colored Map","Colored Powertips","Conspire","Downfall","Minty Spire (QoL Compilation)","Practice Mode","Quick Restart","Replay The Spire","Robot Space Explorer","Shade Mod","Spicy Shops","StSLib"],"gold_per_floor":[117,117,117,93,119,146,146,146,146,164,179,103,128,147,147,221,221,240,240,250,268,75,75,174,47,47,78,109,109,132,32,32,125,125,155,155,107,107,107,153,169,169],"floor_reached":41,"playtime":2785,"items_purged":["ReplayTheSpireMod:Splinters","Strike_B"],"score":734,"play_id":"955aed59-b82d-4b78-83aa-1a4a97553d53","local_time":"20201218201909","is_ascension_mode":true,"campfire_choices":[{"floor":7,"key":"REST"},{"floor":15,"key":"REST"},{"floor":23,"key":"REST"},{"data":"Zap","floor":29,"key":"SMITH"},{"floor":32,"key":"REST"}],"circlet_count":0,"master_deck":["AscendersBane","Strike_B","Strike_B","Strike_B","Defend_B","Defend_B","Defend_B","Defend_B","Zap+1","Dualcast","Gash+1","ReplayTheSpireMod:Dual Polarity","ReplayTheSpireMod:Dual Polarity","Conserve Battery","Gash","Leap","Self Repair","conspire:SharedLibrary","ReplayRNGCard","Beam Cell","Gash","All For One","All For One","Beam Cell","Scrape","Conserve Battery","FTL","Mirror Shield","Gash","ReplayRNGCard","Beam Cell+1","ReplayGash","Gash","Tempest"],"relics":["Cracked Core","Hammer of Thor","Seething Fire","Anvil of the Gods","Mango","Eternal Feather","Replay:Bottled Steam","ReplayTheSpireMod:CursedCoin","Kunai","Replay:Rubber Ducky","Iron Hammer","Frozen Eye","Odd Mushroom","Blue Candle","Replay:Bandana","Prayer Wheel","Boot"],"acts_visited":["Exordium","TheCity","TheBeyond"],"potions_floor_usage":[10,16,18,28,33,33,35],"damage_taken":[{"damage":8,"enemies":"Jaw Worm","floor":1,"turns":5},{"damage":22,"enemies":"conspire:MimicChest","floor":5,"turns":4},{"damage":11,"enemies":"Lagavulin","floor":6,"turns":6},{"damage":2,"enemies":"Cultist","floor":10,"turns":3},{"damage":0,"enemies":"Small Slimes","floor":11,"turns":2},{"damage":30,"enemies":"The Mushroom Lair","floor":13,"turns":5},{"damage":13,"enemies":"Exordium Wildlife","floor":14,"turns":4},{"damage":26,"enemies":"Fading Forest","floor":16,"turns":11},{"damage":0,"enemies":"3 Byrds","floor":18,"turns":1},{"damage":17,"enemies":"2 Thieves","floor":20,"turns":3},{"damage":36,"enemies":"3 Cultists","floor":21,"turns":5},{"damage":11,"enemies":"Snecko","floor":27,"turns":4},{"damage":3,"enemies":"Sentry and Sphere","floor":28,"turns":5},{"damage":28,"enemies":"Centurion and Healer","floor":30,"turns":5},{"damage":73,"enemies":"Automaton","floor":33,"turns":8},{"damage":0,"enemies":"Orb Walker","floor":35,"turns":2},{"damage":69,"enemies":"R_Hoarder","floor":40,"turns":10},{"damage":30,"enemies":"3 Darklings","floor":41,"turns":2}],"seed_played":"4164468308084514472","potions_obtained":[{"floor":6,"key":"AttackPotion"},{"floor":13,"key":"Milkshake"},{"floor":16,"key":"PowerPotion"},{"floor":27,"key":"SkillPotion"},{"floor":28,"key":"BlessingOfTheForge"},{"floor":30,"key":"PotionOfCapacity"},{"floor":33,"key":"EssenceOfSteel"}],"is_trial":false,"path_per_floor":["M","?","$","$","?","E","R","?","T","M","M","$","?","M","R","B",null,"M","?","M","M","$","R","?","$","T","M","M","R","M","$","R","B",null,"M","?","$","?","?","E","M"],"character_chosen":"DEFECT","items_purchased":["Gash","Mango","Eternal Feather","Replay:Bottled Steam","ReplayTheSpireMod:CursedCoin","ReplayTheSpireMod:Dual Polarity","Gash","Frozen Eye","ReplayTheSpireMod:Fabricate Wheel","Blue Candle","Beam Cell","Scrape","Gash"],"campfire_rested":4,"item_purchase_floors":[0,0,0,0,0,0,4,12,22,22,25,25,37],"current_hp_per_floor":[38,38,38,38,16,5,39,67,67,65,65,65,45,32,69,58,78,78,78,61,25,25,65,65,65,65,64,61,79,51,51,85,12,67,67,67,67,67,85,23,0,0],"gold":169,"neow_bonus":"","is_daily":false,"chose_seed":false,"campfire_upgraded":1,"win_rate":0.0,"timestamp":1608322749,"path_taken":["M","?","?","$","?","E","R","?","T","M","?","$","?","M","R","BOSS","M","?","?","M","$","R","?","$","T","M","M","R","M","$","R","BOSS","M","?","$","?","?","E","?"],"items_purchased_type":["Card","Relic","Relic","Relic","Relic","Card","Card","Relic","Card","Relic","Card","Card","Card"],"build_version":"2020-12-13","purchased_purges":2,"victory":false,"max_hp_per_floor":[85,85,85,85,85,85,85,85,85,85,85,85,85,85,85,85,85,85,85,85,85,85,85,85,85,85,85,85,85,85,85,85,85,85,85,85,85,85,85,85,85,85],"card_choices":[{"not_picked":["Turbo","Leap"],"picked":"Gash","floor":1},{"not_picked":["Beam Cell","Steam"],"picked":"Leap","floor":5},{"not_picked":["Streamline","Sweeping Beam"],"picked":"Self Repair","floor":6},{"not_picked":["Fusion","Genetic Algorithm"],"picked":"conspire:SharedLibrary","floor":10},{"not_picked":["Panic Button","Genetic Algorithm"],"picked":"ReplayRNGCard","floor":11},{"not_picked":["Ball Lightning","Loop"],"picked":"Beam Cell","floor":13},{"not_picked":["ReplayTheSpireMod:Calculation Training","Coolheaded"],"picked":"Gash","floor":14},{"not_picked":["ReplayRNGCard","Mirror Shield"],"picked":"All For One","floor":16},{"not_picked":["Coolheaded","Cold Snap","Barrage"],"picked":"SKIP","floor":18},{"not_picked":["ReplaySolidLightProjector","Barrage","Coolheaded"],"picked":"SKIP","floor":20},{"not_picked":["Redo","Rebound","Recycle"],"picked":"SKIP","floor":21},{"not_picked":["Coolheaded+1","Cold Snap"],"picked":"Conserve Battery","floor":27},{"not_picked":["Go for the Eyes","conspire:SharedLibrary"],"picked":"FTL","floor":27},{"not_picked":["BasicCrystalCard","Turbo"],"picked":"Mirror Shield","floor":28},{"not_picked":["Coolheaded","Ball Lightning","Streamline"],"picked":"SKIP","floor":28},{"not_picked":["Cold Snap","White Noise"],"picked":"Gash","floor":30},{"not_picked":["Coolheaded","Redo","Rebound"],"picked":"SKIP","floor":30},{"not_picked":["Mirror Shield","Amplify"],"picked":"ReplayRNGCard","floor":33},{"not_picked":["BasicCrystalCard","Crystallizer"],"picked":"Beam Cell+1","floor":35},{"not_picked":["Reinforced Body+1","Redo"],"picked":"ReplayGash","floor":35},{"not_picked":["Amplify","Stack"],"picked":"Tempest","floor":40}],"player_experience":2139685,"relics_obtained":[{"floor":5,"key":"Kunai"},{"floor":6,"key":"Replay:Rubber Ducky"},{"floor":9,"key":"Iron Hammer"},{"floor":13,"key":"Odd Mushroom"},{"floor":26,"key":"Replay:Bandana"},{"floor":40,"key":"Boot"}],"event_choices":[{"damage_healed":0,"gold_gain":0,"player_choice":"Forge","damage_taken":0,"max_hp_gain":0,"max_hp_loss":0,"event_name":"Accursed Blacksmith","floor":2,"gold_loss":0,"cards_upgraded":["Gash"]},{"damage_healed":28,"gold_gain":0,"player_choice":"Banana","damage_taken":0,"max_hp_gain":0,"max_hp_loss":0,"event_name":"Big Fish","floor":8,"gold_loss":0},{"damage_healed":0,"gold_gain":0,"player_choice":"Fought Mushrooms","damage_taken":0,"max_hp_gain":0,"max_hp_loss":0,"event_name":"Mushrooms","floor":13,"gold_loss":0},{"damage_healed":0,"gold_gain":0,"player_choice":"Copied","damage_taken":0,"max_hp_gain":0,"max_hp_loss":0,"event_name":"Duplicator","floor":19,"gold_loss":0,"cards_obtained":["All For One"]},{"damage_healed":0,"gold_gain":99,"player_choice":"Stole From Cult","damage_taken":0,"max_hp_gain":0,"max_hp_loss":0,"event_name":"Nest","floor":24,"gold_loss":0},{"damage_healed":0,"gold_gain":0,"player_choice":"Ignored","damage_taken":0,"max_hp_gain":0,"max_hp_loss":0,"event_name":"Tomb of Lord Red Mask","floor":36,"gold_loss":0},{"cards_removed":["Gash"],"damage_healed":0,"gold_gain":0,"player_choice":"Removed Attack","damage_taken":0,"max_hp_gain":0,"max_hp_loss":0,"event_name":"Falling","floor":38,"gold_loss":0},{"damage_healed":18,"gold_gain":0,"player_choice":"Full Heal","damage_taken":0,"max_hp_gain":0,"max_hp_loss":0,"event_name":"Wheel of Change","floor":39,"gold_loss":0}],"is_beta":false,"boss_relics":[{"not_picked":["conspire:RoyalGoblet","Ectoplasm","ReplayTheSpireMod:DimensionalGlitch"]},{"not_picked":["Honey Jar","Replay:Bronze Core","ChewingGum"]}],"items_purged_floors":[0,31],"is_endless":false,"potions_floor_spawned":[6,13,16,27,28,30,33],"killed_by":"3 Darklings","ascension_level":14}}