{"host":"2n2g1vowfllvjtvi","time":1608292371,"event":{"mods":["AchievementEnabler","BaseMod","Custom Start","GifTheSpireLib","Keyboard Shortcuts","Minty Spire (QoL Compilation)","Quick Restart","Rare Cards Sparkle","StSLib","SuperFastMode"],"gold_per_floor":[109,109,109,127,277,312,325,250,250,261,261,261,293,193,193,266,266,266,266],"floor_reached":18,"playtime":780,"items_purged":["Doubt","Strike_R"],"score":338,"play_id":"ac414bbf-7f2b-44b3-ade9-9aebf35c636b","local_time":"20201218205251","is_ascension_mode":true,"campfire_choices":[{"data":"Armaments","floor":11.0,"key":"SMITH"},{"floor":15.0,"key":"REST"}],"circlet_count":0,"master_deck":["AscendersBane","Strike_R","Defend_R","Defend_R","Defend_R+1","Defend_R","Bash","Wild Strike+1","Cleave","Thunderclap","Shrug It Off","Armaments+1","Immolate","Reaper"],"relics":["Burning Blood","NeowsBlessing","Prayer Wheel","Mummified Hand","Letter Opener","Turnip","Empty Cage"],"acts_visited":["Exordium","TheCity"],"potions_floor_usage":[16,16],"damage_taken":[{"damage":0.0,"enemies":"Jaw Worm","floor":1.0,"turns":1.0},{"damage":0.0,"enemies":"2 Louse","floor":4.0,"turns":1.0},{"damage":0.0,"enemies":"Lagavulin","floor":6.0,"turns":1.0},{"damage":2.0,"enemies":"Small Slimes","floor":7.0,"turns":4.0},{"damage":6.0,"enemies":"Looter","floor":10.0,"turns":3.0},{"damage":33.0,"enemies":"Gremlin Nob","floor":13.0,"turns":5.0},{"damage":18,"enemies":"Slime Boss","floor":16,"turns":8},{"damage":18,"enemies":"Shell Parasite","floor":18,"turns":10}],"seed_played":"-4645326653760681006","potions_obtained":[{"floor":1.0,"key":"LiquidBronze"},{"floor":10.0,"key":"HeartOfIron"},{"floor":16,"key":"Strength Potion"}],"is_trial":false,"path_per_floor":["M","?","?","M","?","E","M","$","T","M","R","T","E","$","R","B",null,"M"],"character_chosen":"IRONCLAD","items_purchased":[],"campfire_rested":1,"item_purchase_floors":[],"current_hp_per_floor":[74,67,44,50,50,56,60,60,60,60,60,60,33,33,55,43,67,49,49],"gold":266,"neow_bonus":"THREE_ENEMY_KILL","is_daily":false,"chose_seed":false,"campfire_upgraded":1,"win_rate":0.0,"timestamp":1608292371,"path_taken":["M","?","?","M","?","E","M","$","T","M","R","?","E","$","R","BOSS","M"],"items_purchased_type":[],"build_version":"2020-12-13","purchased_purges":2,"victory":false,"max_hp_per_floor":[75,75,75,75,75,75,75,75,75,75,75,75,75,75,75,75,75,75,75],"card_choices":[{"not_picked":["Reckless Charge","Headbutt"],"picked":"Wild Strike","floor":1.0},{"not_picked":["Wild Strike","Flex"],"picked":"Cleave","floor":4.0},{"not_picked":["Wild Strike","Sword Boomerang"],"picked":"Thunderclap","floor":6.0},{"not_picked":["Flex","Pummel"],"picked":"Shrug It Off","floor":7.0},{"not_picked":["Clash","Flex","Reckless Charge"],"picked":"SKIP","floor":7.0},{"not_picked":["Thunderclap","Dropkick"],"picked":"Armaments","floor":10.0},{"not_picked":["Rupture","Carnage"],"picked":"Immolate","floor":10.0},{"not_picked":["Havoc","Reckless Charge","Bloodletting"],"picked":"SKIP","floor":13.0},{"not_picked":["Corruption","Juggernaut"],"picked":"Reaper","floor":16}],"player_experience":432322,"relics_obtained":[{"floor":6.0,"key":"Prayer Wheel"},{"floor":9.0,"key":"Mummified Hand"},{"floor":12.0,"key":"Letter Opener"},{"floor":13.0,"key":"Turnip"}],"event_choices":[{"cards_removed":["Strike_R"],"damage_healed":0.0,"max_hp_gain":0.0,"max_hp_loss":0.0,"gold_gain":0.0,"event_name":"Golden Wing","player_choice":"Card Removal","floor":2.0,"gold_loss":0.0,"damage_taken":7.0},{"damage_healed":0.0,"max_hp_gain":0.0,"max_hp_loss":0.0,"gold_gain":0.0,"event_name":"Shining Light","player_choice":"Entered Light","floor":3.0,"gold_loss":0.0,"damage_taken":23.0,"cards_upgraded":["Wild Strike","Defend_R"]},{"damage_healed":0.0,"max_hp_gain":0.0,"max_hp_loss":0.0,"gold_gain":150.0,"event_name":"Liars Game","player_choice":"AGREE","floor":5.0,"gold_loss":0.0,"damage_taken":0.0,"cards_obtained":["Doubt"]}],"is_beta":false,"boss_relics":[{"not_picked":["Black Star","Ectoplasm"],"picked":"Empty Cage"}],"items_purged_floors":[8,14],"is_endless":false,"potions_floor_spawned":[1,10,16],"killed_by":"Shell Parasite","ascension_level":15}}