{"host":"zi8o4akxlgxypwgb","time":1608287234,"event":{"mods":["BaseMod","Minty Spire (QoL Compilation)","Replay The Spire","StSLib","SuperFastMode"],"gold_per_floor":[118,131,131,147,161,161,194,268,268,284,298,324,324,335,335,430,430,443,108,108,128,28,62,62,2,26,37,49,68,68,102,102,102,102],"floor_reached":33,"playtime":1078,"items_purged":["Defend_R","ReplayTheSpireMod:Splinters"],"score":394,"play_id":"6500b9c1-28b7-4d62-ac35-f335a3da2518","local_time":"20201218182714","is_ascension_mode":true,"campfire_choices":[{"data":"Pommel Strike","floor":6.0,"key":"SMITH"},{"data":"Armaments","floor":13.0,"key":"SMITH"},{"data":"Infernal Blade","floor":15.0,"key":"SMITH"},{"data":"1","floor":30,"key":"LIFT"},{"data":"2","floor":32,"key":"LIFT"}],"circlet_count":0,"master_deck":["Strike_R+1","Strike_R+1","Strike_R+1","Strike_R+1","Strike_R+1","Defend_R","Defend_R","Bash","Armaments+1","Run Through","Cleave+1","Wild Strike","Pommel Strike+1","ReplayTheSpireMod:Stacked","Spot Weakness","Flex","Ghostly Armor","Rampage","Clash","Perfected Strike","Thunderclap","Perfected Strike","Infernal Blade+1","Double Tap","Wild Strike","ReplayTheSpireMod:Strike From Hell","Blood for Blood","Chrysalis","Rage","Clothesline+1","Wild Strike","ReplayTheSpireMod:Doomed","Spreading Infection","ReplayTheSpireMod:Stacked","Anger+1","Feed","Bloodletting+1","Perfected Strike","Wild Strike","ReplayTheSpireMod:Stacked"],"relics":["Burning Blood","Red Skull","Du-Vu Doll","ReplayFunnel","Prayer Wheel","Magic Flower","Cursed Key","Replay:Bottled Eggs","Bottled Flame","Girya","Boot","Pen Nib"],"acts_visited":["Exordium","TheCity"],"potions_floor_usage":[23,23,23,23,33,33,33,33,33],"damage_taken":[{"damage":14.0,"enemies":"Jaw Worm","floor":1.0,"turns":3.0},{"damage":4.0,"enemies":"2 Louse","floor":2.0,"turns":3.0},{"damage":5.0,"enemies":"Small Slimes","floor":4.0,"turns":3.0},{"damage":6.0,"enemies":"Looter","floor":5.0,"turns":2.0},{"damage":40.0,"enemies":"Lagavulin","floor":7.0,"turns":4.0},{"damage":15.0,"enemies":"Blue Slaver","floor":10.0,"turns":2.0},{"damage":19.0,"enemies":"Exordium Thugs","floor":11.0,"turns":3.0},{"damage":10.0,"enemies":"3 Sentries","floor":12.0,"turns":5.0},{"damage":2.0,"enemies":"Large Slime","floor":14.0,"turns":4.0},{"damage":19.0,"enemies":"Slime Boss","floor":16.0,"turns":6.0},{"damage":11.0,"enemies":"2 Thieves","floor":18.0,"turns":3.0},{"damage":12.0,"enemies":"Chosen","floor":21.0,"turns":3.0},{"damage":23,"enemies":"Gremlin Leader","floor":23,"turns":5},{"damage":21,"enemies":"Snake Plant","floor":27,"turns":3},{"damage":22,"enemies":"Centurion and Healer","floor":28,"turns":3},{"damage":1,"enemies":"Sentry and Sphere","floor":29,"turns":3},{"damage":9,"enemies":"Replay:Snechameleon","floor":31,"turns":3},{"damage":45,"enemies":"Pondfish","floor":33,"turns":8}],"seed_played":"6735988677304217327","potions_obtained":[{"floor":5.0,"key":"FearPotion"},{"floor":7.0,"key":"FearPotion"},{"floor":8.0,"key":"Ancient Potion"},{"floor":12.0,"key":"Explosive Potion"},{"floor":16.0,"key":"EntropicBrew"},{"floor":27,"key":"EntropicBrew"}],"is_trial":false,"path_per_floor":["M","M","?","M","M","R","E","?","T","M","M","E","R","M","R","B",null,"M","$","?","M","$","E","T","?","T","M","M","M","R","E","R","B"],"character_chosen":"IRONCLAD","items_purchased":["Blood for Blood","Chrysalis"],"campfire_rested":0,"item_purchase_floors":[19,19],"current_hp_per_floor":[72,74,74,75,75,75,41,41,41,32,19,15,15,22,22,12,80,78,78,78,75,75,61,61,61,61,49,36,44,44,44,44,0,0],"gold":102,"neow_bonus":"RANDOM_COMMON_RELIC","is_daily":false,"chose_seed":false,"campfire_upgraded":3,"win_rate":0.0,"timestamp":1608287234,"path_taken":["M","M","?","M","M","R","E","?","T","M","M","E","R","M","R","BOSS","M","$","?","M","$","E","?","?","T","?","M","M","R","E","R","BOSS"],"items_purchased_type":["Card","Card"],"build_version":"2020-12-13","purchased_purges":2,"victory":false,"max_hp_per_floor":[80,80,80,80,80,80,80,80,80,80,80,80,80,80,80,80,80,80,80,80,80,80,80,80,80,80,80,80,80,80,80,80,80,80],"card_choices":[{"not_picked":["Wild Strike","Fire Breathing"],"picked":"Armaments","floor":1.0},{"not_picked":["Havoc","Twin Strike"],"picked":"Run Through","floor":2.0},{"not_picked":["Second Wind","ReplayTheSpireMod:LeadingStrike"],"picked":"Wild Strike","floor":4.0},{"not_picked":["Twin Strike","Ghostly Armor"],"picked":"Pommel Strike","floor":5.0},{"not_picked":["Havoc","Sever Soul"],"picked":"ReplayTheSpireMod:Stacked","floor":7.0},{"not_picked":["Uppercut","Hemogenesis"],"picked":"Spot Weakness","floor":8.0},{"not_picked":["Shrug It Off","Clothesline"],"picked":"Flex","floor":8.0},{"not_picked":["ReplayTheSpireMod:Strike From Hell","ReplayTheSpireMod:Muscle Training"],"picked":"Ghostly Armor","floor":10.0},{"not_picked":["Shockwave","Entrench"],"picked":"Rampage","floor":10.0},{"not_picked":["Havoc","ReplayTheSpireMod:Strike From Hell"],"picked":"Clash","floor":11.0},{"not_picked":["Replay:Undeath\u0027s Touch","Heavy Blade"],"picked":"Perfected Strike","floor":11.0},{"not_picked":["Barricade","Havoc"],"picked":"Thunderclap","floor":12.0},{"not_picked":["Anger","Defy Death"],"picked":"Perfected Strike","floor":14.0},{"not_picked":["Run Through","Body Slam"],"picked":"Infernal Blade","floor":14.0},{"not_picked":["Hemogenesis","Impervious"],"picked":"Double Tap","floor":16.0},{"not_picked":["Armaments","Cleave"],"picked":"Wild Strike","floor":18.0},{"not_picked":["Bloodletting","Havoc+1"],"picked":"ReplayTheSpireMod:Strike From Hell","floor":18.0},{"not_picked":["Warcry","Shockwave"],"picked":"Rage","floor":21.0},{"not_picked":["Sever Soul","Pommel Strike"],"picked":"Clothesline+1","floor":21.0},{"not_picked":["Rupture","Warcry"],"picked":"Wild Strike","floor":23},{"not_picked":["Reckless Charge+1","Pommel Strike"],"picked":"ReplayTheSpireMod:Stacked","floor":27},{"not_picked":["Clothesline","ReplayTheSpireMod:LeadingStrike"],"picked":"Anger+1","floor":27},{"not_picked":["Pummel","Shrug It Off"],"picked":"Feed","floor":28},{"not_picked":["Sword Boomerang","Ghostly Armor"],"picked":"Bloodletting+1","floor":28},{"not_picked":["Carnage","Clash"],"picked":"Perfected Strike","floor":29},{"not_picked":["Pummel+1","Cleave"],"picked":"Wild Strike","floor":29},{"not_picked":["Metallicize","Flame Barrier"],"picked":"ReplayTheSpireMod:Stacked","floor":31}],"player_experience":355061,"relics_obtained":[{"floor":7.0,"key":"Du-Vu Doll"},{"floor":8.0,"key":"ReplayFunnel"},{"floor":9.0,"key":"Prayer Wheel"},{"floor":12.0,"key":"Magic Flower"},{"floor":23,"key":"Bottled Flame"},{"floor":24,"key":"Girya"},{"floor":26,"key":"Boot"},{"floor":31,"key":"Pen Nib"}],"event_choices":[{"damage_healed":0.0,"max_hp_gain":0.0,"max_hp_loss":0.0,"gold_gain":0.0,"event_name":"The Mausoleum","player_choice":"Opened","floor":20.0,"gold_loss":0.0,"damage_taken":0.0,"relics_obtained":["Replay:Bottled Eggs"]}],"is_beta":false,"boss_relics":[{"not_picked":["SlaversCollar","Replay:Drink Me"],"picked":"Cursed Key"}],"items_purged_floors":[19,22],"is_endless":false,"potions_floor_spawned":[5,7,12,14,16,18,21,27],"killed_by":"Pondfish","ascension_level":3}}