{"host":"l8lm1goh5xm9tkuw","time":1608279532,"event":{"mods":["Act Like it!","Alarm Clock","Astrologer","BaseMod","Colored Map","Colored Powertips","GungeonMod","Hermit","KomeijiMod","Library of Ruina","Library of Ruina Extra","Lobotomy","LobotomyExtend","Marisa£®ÏF”Í°°ƒß¿Ì…≥£©","Minty Spire (QoL Compilation)","MostiFishMod","Quick Restart","Replay The Spire","Shade Mod","StSLib","TestMod","The Animator","The Bug Knight","The Hierophant","UnlockEverythingMod","[IsaacMod]“‘»ˆº‚À˛","vexMod","°æ“≈ŒÔø®≈∆°øREMEMod"],"gold_per_floor":[109,163,13,63,63,63,140,204,204,249,249,303,370,471,604,684,684,709,736,736,764,764,764,781,781,835,869,869,906,906,947,947,1044,1044,1062,1087,1111,1234,1262,1307,1307,1349,1374,1420,941,1191,1321,849,849,849,849,849,849,849,431,854,854],"floor_reached":58,"playtime":3547,"items_purged":["Strike_R","Reckless Charge","Demon Form","Infernal Blade","Fiend Fire+1"],"score":3583,"play_id":"ab9e146b-0f72-44a3-990a-766adb459ff3","local_time":"20201218161852","is_ascension_mode":true,"campfire_choices":[{"data":"Barricade","floor":6.0,"key":"SMITH"},{"data":"Body Slam","floor":11.0,"key":"SMITH"},{"data":"Armaments","floor":15,"key":"SMITH"},{"data":"REME_ACTH","floor":23,"key":"SMITH"},{"data":"Shrug It Off","floor":28,"key":"SMITH"},{"data":"Battle Trance","floor":30,"key":"SMITH"},{"data":"Exhaustion","floor":32,"key":"PURGE"},{"data":"Feel No Pain","floor":41,"key":"SMITH"},{"floor":49,"key":"RECALL"},{"data":"Juggernaut","floor":54,"key":"SMITH"}],"circlet_count":0,"master_deck":["AscendersBane","Bash","Barricade+1","Shrug It Off+1","Carnage","Body Slam+1","Armaments+1","REME_ACTH+1","Pummel+1","MostiFishMod:DarkDeal","Entrench+1","Defy Death","Shockwave","True Grit+1","Battle Trance+1","True Grit+1","Feel No Pain+1","Second Wind+1","Body Slam+1","Juggernaut+1","Burning Pact","MostiFishMod:DarkDeal"],"relics":["Burning Blood","DaveBox","testmod-TestBox","REME_ComplimentaryCards","HushsDoor","testmod-Hope","RhineSuit","Question Card","LetterFromLob","Replay:Bandana","PreservedInsect","BloodDonationBag","PageOfWrath","PageOfTheQueenOfHatred","PageOfTheKnightOfDespair","ImportantClient","Pandora\u0027s Box","PageOfGreed","PageOfNihil","Oddly Smooth Stone","DemoMod:GlassGuonStoneRelic","TuHaoJin","Ooze Armor","ShedSkin_r","Gaze_r","Prayer Wheel","REME_LimitBreaker","Unceasing Top","Blue Doll","Whetstone","testmod-Charity","DemoMod:Metronome","PageOfSingingMachine","Membership Card","Pear","DemoMod:ResourcefulSack","YumHeart","Bag of Preparation"],"acts_visited":["Exordium","TheCity","TheBeyond","TheEnding"],"potions_floor_usage":[],"damage_taken":[{"damage":0.0,"enemies":"Cultist","floor":1.0,"turns":2.0},{"damage":0.0,"enemies":"2 Louse","floor":2.0,"turns":2.0},{"damage":3.0,"enemies":"Jaw Worm","floor":4.0,"turns":2.0},{"damage":0.0,"enemies":"Gremlin Nob","floor":7.0,"turns":3.0},{"damage":0.0,"enemies":"Exordium Thugs","floor":8.0,"turns":3.0},{"damage":0.0,"enemies":"Lagavulin","floor":10.0,"turns":2.0},{"damage":0.0,"enemies":"Gremlin Gang","floor":12.0,"turns":4.0},{"damage":1.0,"enemies":"3 Sentries","floor":13.0,"turns":4.0},{"damage":0,"enemies":"Looter","floor":14,"turns":2},{"damage":0,"enemies":"Hexaghost","floor":16,"turns":7},{"damage":5,"enemies":"2 Thieves","floor":18,"turns":2},{"damage":0,"enemies":"3 Byrds","floor":19,"turns":2},{"damage":7,"enemies":"Centurion and Healer","floor":21,"turns":5},{"damage":38,"enemies":"3 Cultists","floor":24,"turns":7},{"damage":17,"enemies":"Snake Plant","floor":27,"turns":3},{"damage":0,"enemies":"Slavers","floor":29,"turns":3},{"damage":8,"enemies":"Book of Stabbing","floor":31,"turns":3},{"damage":5,"enemies":"KingOfGreed","floor":33,"turns":6},{"damage":0,"enemies":"Orb Walker","floor":35,"turns":2},{"damage":0,"enemies":"Orb Walker","floor":36,"turns":2},{"damage":0,"enemies":"3 Shapes","floor":37,"turns":3},{"damage":0,"enemies":"Mind Bloom Boss Battle","floor":38,"turns":2},{"damage":0,"enemies":"Writhing Mass","floor":39,"turns":3},{"damage":0,"enemies":"Giant Head","floor":40,"turns":4},{"damage":0,"enemies":"R_Hoarder","floor":42,"turns":5},{"damage":0,"enemies":"Spire Growth","floor":44,"turns":1},{"damage":0,"enemies":"4 Shapes","floor":46,"turns":3},{"damage":0,"enemies":"Transient","floor":47,"turns":2},{"damage":0,"enemies":"Time Eater","floor":50,"turns":4},{"damage":0,"enemies":"Donu and Deca","floor":51,"turns":8},{"damage":5,"enemies":"Shield and Spear","floor":56,"turns":2},{"damage":0,"enemies":"LittleHush","floor":57,"turns":9}],"seed_played":"1317930861425859046","potions_obtained":[{"floor":2.0,"key":"Venom Potion"},{"floor":8.0,"key":"Strength Potion"},{"floor":12.0,"key":"SpeedPotion"},{"floor":33,"key":"Adrenaline Potion"}],"is_trial":false,"path_per_floor":["M","M","$","M","?","R","E","M","T","E","R","M","E","M","R","B",null,"M","M","?","M","T","R","M","?","T","M","R","E","R","E","R_BF","B",null,"M","M","M","?","M","E","R","E","T","M","$","M","M","$","R","B","B",null,null,"R","$","E","B",null],"character_chosen":"IRONCLAD","items_purchased":["Carnage","Juggernaut","Whetstone","testmod-Charity","DemoMod:Metronome","PageOfSingingMachine","Membership Card","Pear","DemoMod:ResourcefulSack","YumHeart","Burning Pact"],"campfire_rested":0,"item_purchase_floors":[3,45,45,45,45,48,48,48,55,55,55],"current_hp_per_floor":[74,75,75,75,75,75,75,75,75,75,75,75,75,61,30,42,63,67,70,70,70,70,70,49,49,49,43,43,55,55,56,56,69,70,70,70,70,57,70,70,70,70,70,70,70,86,107,117,117,144,166,166,256,256,256,266,324],"gold":854,"neow_bonus":"TRANSFORM_CARD","is_daily":false,"chose_seed":false,"campfire_upgraded":8,"win_rate":0.0,"timestamp":1608279532,"path_taken":["M","?","$","M","?","R","E","M","T","E","R","M","E","M","R","BOSS","M","M","?","?","?","R","M","?","T","M","R","E","R","E","R_BF","BOSS","M","M","M","?","M","E","R","E","T","M","$","M","?","$","R","BOSS","BOSS","R","$","E","BOSS"],"items_purchased_type":["Card","Card","Relic","Relic","Relic","Relic","Relic","Relic","Relic","Relic","Card"],"build_version":"2020-12-13","purchased_purges":5,"victory":true,"max_hp_per_floor":[75,75,75,75,75,75,75,75,75,75,75,75,75,75,75,75,70,70,70,70,70,70,70,70,70,70,70,70,70,70,70,70,70,70,70,70,70,70,70,70,70,70,70,70,124,200,258,268,268,282,286,286,286,286,286,434,438],"card_choices":[{"not_picked":["Anger","Twin Strike"],"picked":"Barricade","floor":1.0},{"not_picked":["DemoMod:WhiteBlade","Warcry","ReplayTheSpireMod:LeadingStrike"],"picked":"Shrug It Off","floor":2.0},{"not_picked":["Defy Death","Twin Strike","Shrug It Off","Corruption"],"picked":"SKIP","floor":4.0},{"not_picked":["Pommel Strike","Abandon","Bomb","Hemokinesis"],"picked":"SKIP","floor":7.0},{"not_picked":["Pommel Strike","Abandon","Hemokinesis"],"picked":"Bomb","floor":7.0},{"not_picked":["Iron Wave","Sword Boomerang","Perfected Strike"],"picked":"Body Slam","floor":8.0},{"not_picked":["Inflame","Run Through","Double Tap","ReplayTheSpireMod:Strike From Hell"],"picked":"SKIP","floor":10.0},{"not_picked":["Defy Death","Bomb","Warcry","Cleave"],"picked":"SKIP","floor":12.0},{"not_picked":["Replay:Undeath\u0027s Touch","Intimidate","Fire Breathing"],"picked":"Armaments","floor":13},{"not_picked":["Armaments","Headbutt","Iron Wave","Anger"],"picked":"SKIP","floor":14},{"not_picked":["MostiFishMod:RacingGame","Fiend Fire","MostiFishMod:Mania"],"picked":"REME_ACTH","floor":16},{"not_picked":["Shrug It Off","Havoc","Twin Strike","Pommel Strike"],"picked":"SKIP","floor":18},{"not_picked":["Replay:Undeath\u0027s Touch","Havoc+1","Bloodletting","Disarm"],"picked":"SKIP","floor":19},{"not_picked":["Seeing Red","MostiFishMod:BrandingRite","Sever Soul"],"picked":"Shockwave","floor":21},{"not_picked":["Havoc+1","Anger","MostiFishMod:UltimateDefense"],"picked":"True Grit+1","floor":24},{"not_picked":["REME_FearOfPain","True Grit","Iron Wave","Shrug It Off+1"],"picked":"SKIP","floor":27},{"not_picked":["MostiFishMod:FireWorks","Clothesline","REME_Cut"],"picked":"Battle Trance","floor":29},{"not_picked":["ReplayTheSpireMod:LeadingStrike","ReplayTheSpireMod:Strike From Hell","Headbutt","Shrug It Off"],"picked":"SKIP","floor":31},{"not_picked":["Pommel Strike","Twin Strike+1","Replay:Undeath\u0027s Touch+1","Heavy Blade"],"picked":"SKIP","floor":36},{"not_picked":["Twin Strike","Rage+1","Pommel Strike+1","Power Through"],"picked":"SKIP","floor":37},{"not_picked":["Thunderclap","Wild Strike+1","Warcry"],"picked":"True Grit+1","floor":38},{"not_picked":["Anger+1","Flame Barrier+1","Whirlwind+1","Eclipse"],"picked":"SKIP","floor":39},{"not_picked":["Inflame","Flex","Clash+1","REME_Cut"],"picked":"SKIP","floor":39},{"not_picked":["Pommel Strike","Whirlwind","Twin Strike"],"picked":"Feel No Pain","floor":40},{"not_picked":["Clash+1","Run Through+1","ReplayTheSpireMod:Strike From Hell","Flex"],"picked":"SKIP","floor":42},{"not_picked":["Warcry+1","MostiFishMod:#F4004","Disarm"],"picked":"Second Wind+1","floor":44},{"not_picked":["Pommel Strike","Iron Wave","Flex"],"picked":"Body Slam+1","floor":44},{"not_picked":["Havoc+1","True Grit+1","Pommel Strike","Twin Strike"],"picked":"SKIP","floor":46},{"not_picked":["Dropkick","ReplayTheSpireMod:Strike From Hell+1","Pommel Strike+1","Armaments"],"picked":"SKIP","floor":46},{"not_picked":["Warcry","Fire Breathing","ReplayTheSpireMod:LeadingStrike","Thunderclap+1"],"picked":"SKIP","floor":47},{"not_picked":["Anger+1","Blood for Blood","Shockwave","Perfected Strike"],"picked":"SKIP","floor":47},{"not_picked":["Life Link","Wild Strike","Twin Strike"],"picked":"MostiFishMod:DarkDeal","floor":56}],"player_experience":329364,"relics_obtained":[{"floor":1.0,"key":"Question Card"},{"floor":1.0,"key":"LetterFromLob"},{"floor":7.0,"key":"PreservedInsect"},{"floor":9.0,"key":"PageOfWrath"},{"floor":10.0,"key":"PageOfTheQueenOfHatred"},{"floor":13,"key":"PageOfTheKnightOfDespair"},{"floor":16,"key":"ImportantClient"},{"floor":22,"key":"PageOfGreed"},{"floor":24,"key":"PageOfNihil"},{"floor":29,"key":"Oddly Smooth Stone"},{"floor":31,"key":"TuHaoJin"},{"floor":38,"key":"Prayer Wheel"},{"floor":40,"key":"REME_LimitBreaker"},{"floor":42,"key":"Unceasing Top"},{"floor":43,"key":"Blue Doll"},{"floor":56,"key":"Bag of Preparation"}],"event_choices":[{"damage_healed":0.0,"max_hp_gain":0.0,"max_hp_loss":0.0,"gold_gain":0.0,"event_name":"WeMeetAgain","player_choice":"Gave Potion","floor":5.0,"gold_loss":0.0,"damage_taken":0.0,"relics_obtained":["Replay:Bandana"]},{"damage_healed":0,"gold_gain":0,"player_choice":"Upgraded","damage_taken":0,"max_hp_gain":0,"max_hp_loss":0,"event_name":"Upgrade Shrine","floor":20,"gold_loss":0,"cards_upgraded":["Entrench"]},{"damage_healed":0,"gold_gain":0,"player_choice":"Fight","damage_taken":0,"max_hp_gain":0,"max_hp_loss":0,"event_name":"MindBloom","floor":38,"gold_loss":0}],"is_beta":false,"boss_relics":[{"not_picked":["Painkiller Herb","ChampionBelt"],"picked":"Pandora\u0027s Box"},{"not_picked":[]},{"not_picked":["MostiFishMod:Hod","Black Star"],"picked":"Ooze Armor"},{"not_picked":[]}],"items_purged_floors":[3,17,45,48,55],"is_endless":false,"potions_floor_spawned":[2,8,12,16,18,24,33,35,37,42,56],"ascension_level":20}}