{"host":"x5a6cvihdukvwm3n","time":1608286831,"event":{"mods":["AlwaysNeverKeys","Aspiration","BaseMod","Beaked The Cultist","BetterRewards","Colored Map","Colored Powertips","Conspire","Curses Come First","Downfall","Friendly Minions","GifTheSpireLib","Gremlin Mod","Halation","Highlight Path","Hubris","Minty Spire (QoL Compilation)","Replay The Spire","Shop Mod","StSLib","Stuff the Spire","SuperFastMode","Synergy Search","Td1madao Mod","The Bladedancer","The Construct","The Disciple","The Jungle","The Servant 0.9.4","vexMod"],"gold_per_floor":[99,110,95,95,95,113,113,129,129,159,169,181,98,115,125,224,224,224,224,309,309,334,33,33,51,61,61,61,73,58,58,74,169,169,169,182,214,214,214,225,273,273,307,323,339,176,27,27,46,46],"floor_reached":51,"playtime":3863,"items_purged":[],"score":802,"play_id":"4d1dd835-9e1f-4f25-97d1-54ae8638cc15","local_time":"20201218112031","is_ascension_mode":false,"campfire_choices":[{"data":"Slimebound:Split","floor":1,"key":"SMITH"},{"data":"Slimebound:DivideAndConquer","floor":5,"key":"SMITH"},{"data":"Slimebound:LevelUp","floor":18,"key":"SMITH"},{"data":"Slimebound:SpikyOuterGoop","floor":21,"key":"SMITH"},{"data":"Slimebound:FirmFortitude","floor":27,"key":"SMITH"},{"data":"Slimebound:RallyTheTroops","floor":35,"key":"SMITH"},{"data":"Slimebound:LeadByExample","floor":38,"key":"SMITH"},{"data":"Slimebound:GrowthPunch","floor":42,"key":"SMITH"}],"circlet_count":0,"master_deck":["Hello World+1","Slimebound:Strike_Slimebound","Slimebound:Strike_Slimebound","Slimebound:Tackle","Slimebound:Defend_Slimebound","Slimebound:Defend_Slimebound","Slimebound:Defend_Slimebound","Slimebound:Split+1","Slimebound:CorrosiveSpit","Slimebound:SplitBruiser","Slimebound:DivideAndConquer+1","Slimebound:LeechingTouch","Slimebound:LevelUp+1","Slimebound:RallyTheTroops+1","Slimebound:GoopSpray+1","Slimebound:SplitLeeching+1","Slimebound:SpikyOuterGoop+1","Slimebound:LivingWall+1","Slimebound:HauntingLick+1","Slimebound:Schlurp+1","Slimebound:OozeBath+1","Slimebound:GrowthPunch+1","Slimebound:OozeBath+1","Slimebound:SamplingLick+1","Slimebound:GoopSpray+1","Slimebound:FirmFortitude+1","Slimebound:RallyTheTroops","Slimebound:SamplingLick+1","Slimebound:HungryTackle+1","Slimebound:Gluttony+1","Slimebound:RejuvenatingLick+1","Slimebound:Recollect+1","Slimebound:WasteNot+1","Slimebound:SamplingLick+1","Slimebound:Dissolve+1","Slimebound:LeadByExample+1","Slimebound:SplitMire+1","Slimebound:Dissolve+1","Slimebound:Teamwork+1","Slimebound:RejuvenatingLick+1","Slimebound:SamplingLick+1","Slimebound:DisruptingSlam+1","Slimebound:TongueLash+1","Slimebound:LeechLife","expansioncontent:DecasProtection+1","Replay:SS_hec_1","expansioncontent:YouAreMine+1","Slimebound:Nibble+1","Slimebound:SplitBruiser+1"],"relics":["Slimebound:AbsorbEndCombat","Eternal Feather","halation:SelfBoilingWater","Toxic Egg 2","Slimebound:TarBlob","Mango","hubris:FunFungus","Prayer Wheel","vexMod:TanglingVine","Akabeko","Pet Ghost","hubris:SphereOfDissonance","aspiration:FrozenJewel","construct:FoamFinger","Centennial Puzzle"],"acts_visited":["Exordium","TheCity","TheBeyond"],"potions_floor_usage":[16,43,44],"damage_taken":[{"damage":9,"enemies":"Cultist","floor":2,"turns":3},{"damage":17,"enemies":"downfall:FleeingMerchant","floor":3,"turns":4},{"damage":12,"enemies":"conspire:RoseBush","floor":6,"turns":2},{"damage":30,"enemies":"Jaw Worm","floor":8,"turns":4},{"damage":16,"enemies":"Replay:BlueRogue","floor":10,"turns":4},{"damage":24,"enemies":"Exordium Thugs","floor":11,"turns":3},{"damage":19,"enemies":"3 Louse","floor":12,"turns":3},{"damage":13,"enemies":"downfall:FleeingMerchant","floor":13,"turns":4},{"damage":12,"enemies":"2 Fungi Beasts","floor":14,"turns":3},{"damage":27,"enemies":"Blue Slaver","floor":15,"turns":3},{"damage":40,"enemies":"downfall:Watcher","floor":16,"turns":7},{"damage":42,"enemies":"Replay:Snechameleon","floor":22,"turns":5},{"damage":35,"enemies":"downfall:FleeingMerchant","floor":23,"turns":4},{"damage":28,"enemies":"3 Byrds","floor":25,"turns":4},{"damage":16,"enemies":"Shell Parasite","floor":26,"turns":2},{"damage":7,"enemies":"Chosen and Byrds","floor":29,"turns":4},{"damage":13,"enemies":"downfall:FleeingMerchant","floor":30,"turns":4},{"damage":37,"enemies":"Centurion and Healer","floor":32,"turns":5},{"damage":28,"enemies":"downfall:Defect","floor":33,"turns":6},{"damage":22,"enemies":"3 Shapes","floor":36,"turns":5},{"damage":32,"enemies":"Giant Head","floor":37,"turns":6},{"damage":18,"enemies":"Orb Walker","floor":40,"turns":3},{"damage":91,"enemies":"beaked:SuperParasite","floor":43,"turns":5},{"damage":39,"enemies":"Sphere and 2 Shapes","floor":44,"turns":3},{"damage":36,"enemies":"Jaw Worm Horde","floor":45,"turns":3},{"damage":8,"enemies":"downfall:FleeingMerchant","floor":46,"turns":2},{"damage":11,"enemies":"3 Darklings","floor":49,"turns":4},{"damage":47,"enemies":"downfall:Silent","floor":50,"turns":5}],"seed_played":"-8506820659598597614","potions_obtained":[{"floor":2,"key":"Milkshake"},{"floor":10,"key":"Slimebound:SpawnSlimePotion"},{"floor":12,"key":"BlessingOfTheForge"},{"floor":14,"key":"Doom Potion"},{"floor":16,"key":"Fire Potion"},{"floor":40,"key":"Adrenaline Potion"},{"floor":44,"key":"SpeedPotion"},{"floor":49,"key":"Adrenaline Potion"}],"is_trial":false,"path_per_floor":["R","M","$","?","R","M","T","M","T","E","M","M","$","M","M","B",null,"R","?","?","R","E","$","T","M","M","R","?","M","$","?","M","B",null,"R","M","E","R","?","M","T","R","E","M","M","$","$","?","M","B",null],"character_chosen":"SLIMEBOUND","items_purchased":["Slimebound:LivingWall+1","hubris:FunFungus","aspiration:FrozenJewel","construct:FoamFinger","Centennial Puzzle"],"campfire_rested":0,"item_purchase_floors":[13,23,46,46,47],"current_hp_per_floor":[66,66,66,66,66,66,66,56,56,60,56,53,60,64,53,45,66,66,66,54,66,72,65,65,71,65,80,80,80,80,72,67,76,80,80,80,64,80,80,79,79,80,47,68,55,69,69,59,80,80],"gold":46,"neow_bonus":"TEN_PERCENT_HP_BONUS","is_daily":false,"chose_seed":false,"campfire_upgraded":8,"win_rate":0.0,"timestamp":1608286831,"path_taken":["R","M","?","?","R","M","T","?","?","E","M","M","$","M","M","BOSS","R","?","?","R","E","$","T","M","M","R","?","M","?","?","M","BOSS","R","M","E","R","?","M","T","R","E","M","M","$","$","?","M","BOSS"],"items_purchased_type":["Card","Relic","Relic","Relic","Relic"],"build_version":"2020-12-13","purchased_purges":0,"victory":true,"max_hp_per_floor":[66,66,66,66,66,66,66,66,66,66,66,66,66,66,66,66,66,66,66,66,66,80,80,80,80,80,80,80,80,80,80,80,80,80,80,80,80,80,80,80,80,80,80,80,80,80,80,80,80,80],"card_choices":[{"not_picked":["Slimebound:Dissolve","Slimebound:SplitLeeching"],"picked":"Slimebound:SplitBruiser","floor":2},{"not_picked":["Slimebound:DisruptingSlam","Slimebound:LivingWall"],"picked":"Slimebound:DivideAndConquer","floor":3},{"not_picked":["Slimebound:TongueLash","Slimebound:Grow"],"picked":"Slimebound:LeechingTouch","floor":6},{"not_picked":["Slimebound:RollThrough","Slimebound:GoopSpray"],"picked":"Slimebound:LevelUp","floor":8},{"not_picked":["Slimebound:SlimeTap+1","Slimebound:Replication+1"],"picked":"Slimebound:RallyTheTroops","floor":10},{"not_picked":["Slimebound:LeechEnergy","Slimebound:SlimeSpikes+1"],"picked":"Slimebound:GoopSpray+1","floor":11},{"not_picked":["Slimebound:Schlurp+1","Slimebound:GoopTackle"],"picked":"Slimebound:SplitLeeching+1","floor":12},{"not_picked":["Slimebound:SlimeSpikes+1","Slimebound:SplitMire+1"],"picked":"Slimebound:SpikyOuterGoop","floor":13},{"not_picked":["Slimebound:SamplingLick+1","Slimebound:ComboTackle"],"picked":"Slimebound:HauntingLick+1","floor":14},{"not_picked":["Slimebound:SplitLeeching+1","Slimebound:ViciousTackle"],"picked":"Slimebound:Schlurp+1","floor":15},{"not_picked":["Slimebound:DuplicatedForm","Slimebound:PrepareCrush+1"],"picked":"Slimebound:OozeBath+1","floor":16},{"not_picked":["Slimebound:SplitLeeching+1","Slimebound:ViciousTackle"],"picked":"Slimebound:GrowthPunch","floor":22},{"not_picked":["Slimebound:SplitAcid+1","Slimebound:Schlurp+1"],"picked":"Slimebound:OozeBath+1","floor":23},{"not_picked":["Slimebound:SplitLeeching+1","Slimebound:SplitAcid+1"],"picked":"Slimebound:SamplingLick+1","floor":25},{"not_picked":["Slimebound:Schlurp+1","Slimebound:ItLooksTasty"],"picked":"Slimebound:GoopSpray+1","floor":25},{"not_picked":["Slimebound:SamplingLick+1","Slimebound:PressTheAttack+1"],"picked":"Slimebound:FirmFortitude","floor":26},{"not_picked":["Slimebound:GoopSpray+1","Slimebound:ComboTackle"],"picked":"Slimebound:RallyTheTroops","floor":26},{"not_picked":["Slimebound:FinishingTackle+1","Slimebound:LeechingTouch+1"],"picked":"Slimebound:SamplingLick+1","floor":29},{"not_picked":["Slimebound:DivideAndConquer+1","Slimebound:GrowthPunch+1"],"picked":"Slimebound:HungryTackle+1","floor":29},{"not_picked":["Slimebound:DisruptingSlam","Slimebound:ItLooksTasty+1"],"picked":"Slimebound:Gluttony","floor":30},{"not_picked":["Slimebound:ViciousTackle","Slimebound:GrowthPunch"],"picked":"Slimebound:RejuvenatingLick+1","floor":32},{"not_picked":["Slimebound:GoopSpray+1","Slimebound:SplitLeeching+1"],"picked":"Slimebound:Recollect+1","floor":32},{"not_picked":["Slimebound:Overexert","Slimebound:CheckThePlaybook+1"],"picked":"Slimebound:WasteNot+1","floor":33},{"not_picked":["Slimebound:PressTheAttack","Slimebound:Repurpose+1"],"picked":"Slimebound:SamplingLick+1","floor":36},{"not_picked":["Slimebound:SplitMire+1","Slimebound:GrowthPunch"],"picked":"Slimebound:Dissolve+1","floor":36},{"not_picked":["Slimebound:LeechEnergy+1","Slimebound:DivideAndConquer+1"],"picked":"Slimebound:LeadByExample","floor":37},{"not_picked":["Slimebound:LeechEnergy","Slimebound:ViciousTackle"],"picked":"Slimebound:SplitMire+1","floor":40},{"not_picked":["Slimebound:LivingWall+1","Slimebound:FormOfPuddle+1"],"picked":"Slimebound:Dissolve+1","floor":40},{"not_picked":["Slimebound:Prepare+1","Slimebound:SplitMire+1"],"picked":"Slimebound:Teamwork+1","floor":43},{"not_picked":["Slimebound:Replication+1","Slimebound:SamplingLick+1"],"picked":"Slimebound:RejuvenatingLick+1","floor":44},{"not_picked":["Slimebound:ViciousTackle","Slimebound:RollThrough"],"picked":"Slimebound:SamplingLick+1","floor":44},{"not_picked":["Slimebound:GrowthPunch+1","Slimebound:SlimeBrawl+1"],"picked":"Slimebound:DisruptingSlam+1","floor":45},{"not_picked":["Slimebound:ViciousTackle+1","Slimebound:Nibble+1"],"picked":"Slimebound:TongueLash+1","floor":45},{"not_picked":["Slimebound:FormOfPuddle+1","Slimebound:RollThrough+1"],"picked":"Slimebound:LeechLife","floor":46},{"not_picked":["expansioncontent:CaCaw","Replay:SS_hec_2"],"picked":"expansioncontent:DecasProtection+1","floor":48},{"not_picked":["expansioncontent:PolyBeam","expansioncontent:HyperBeam"],"picked":"Replay:SS_hec_1","floor":48},{"not_picked":["expansioncontent:ManipulateTime+1","expansioncontent:DarkVoid"],"picked":"expansioncontent:YouAreMine+1","floor":48},{"not_picked":["Slimebound:TongueLash","Slimebound:LeechingTouch+1"],"picked":"Slimebound:Nibble+1","floor":49},{"not_picked":["Slimebound:ComboTackle","Slimebound:PressTheAttack"],"picked":"Slimebound:SplitBruiser+1","floor":49}],"player_experience":261913,"relics_obtained":[{"floor":7,"key":"Eternal Feather"},{"floor":9,"key":"halation:SelfBoilingWater"},{"floor":10,"key":"Toxic Egg 2"},{"floor":22,"key":"Mango"},{"floor":24,"key":"Prayer Wheel"},{"floor":37,"key":"Akabeko"},{"floor":41,"key":"Pet Ghost"},{"floor":43,"key":"hubris:SphereOfDissonance"}],"event_choices":[{"cards_removed":["Slimebound:Defend_Slimebound"],"damage_healed":0,"gold_gain":0,"player_choice":"Purged","damage_taken":0,"max_hp_gain":0,"max_hp_loss":0,"event_name":"Purifier","floor":4,"gold_loss":0}],"is_beta":false,"boss_relics":[{"not_picked":["Busted Crown","Honey Jar"],"picked":"Slimebound:TarBlob"},{"not_picked":["Empty Cage","hubris:GrandSneckoEye"],"picked":"vexMod:TanglingVine"}],"items_purged_floors":[],"is_endless":false,"potions_floor_spawned":[2,10,12,14,16,22,25,32,37,40,44,49],"ascension_level":0}}