{"host":"fuszjwm6fqgjjp4d","time":1608278538,"event":{"mods":["BaseMod","Bestiary","Colored Map","DeckTracker","Minty Spire (QoL Compilation)","Permanent Neow","Relic Sorter","Relic Stats","StSLib"],"gold_per_floor":[13,28,28,28,42,76,76,107,107,107,121,134,134,154,154,250,250,250,250],"floor_reached":18,"playtime":501,"items_purged":[],"score":335,"play_id":"d75b91aa-e52e-45bf-9193-1ec79a98bfab","local_time":"20201218020218","is_ascension_mode":true,"campfire_choices":[{"data":"Perfected Strike","floor":7,"key":"SMITH"},{"data":"Perfected Strike","floor":10,"key":"SMITH"},{"data":"Battle Trance","floor":13,"key":"SMITH"},{"data":"Bash","floor":15,"key":"SMITH"}],"circlet_count":0,"master_deck":["AscendersBane","Strike_R","Strike_R","Strike_R","Strike_R","Strike_R","Defend_R","Defend_R","Bash+1","Perfected Strike+1","Wild Strike","Battle Trance+1","Perfected Strike+1","Rage","Fiend Fire"],"relics":["Burning Blood","Golden Idol","Letter Opener","Bag of Preparation","Ornamental Fan","SlaversCollar"],"acts_visited":["Exordium","TheCity"],"potions_floor_usage":[2,14,16],"damage_taken":[{"damage":16,"enemies":"Jaw Worm","floor":1,"turns":5},{"damage":3,"enemies":"Small Slimes","floor":2,"turns":2},{"damage":0,"enemies":"2 Louse","floor":5,"turns":1},{"damage":40,"enemies":"3 Sentries","floor":6,"turns":9},{"damage":8,"enemies":"Gremlin Nob","floor":8,"turns":3},{"damage":13,"enemies":"Exordium Thugs","floor":11,"turns":3},{"damage":6,"enemies":"Large Slime","floor":12,"turns":4},{"damage":2,"enemies":"3 Louse","floor":14,"turns":2},{"damage":18,"enemies":"Slime Boss","floor":16,"turns":6},{"damage":60,"enemies":"3 Byrds","floor":18,"turns":4}],"seed_played":"3495741620402619619","potions_obtained":[{"floor":1,"key":"AttackPotion"},{"floor":8,"key":"CultistPotion"},{"floor":12,"key":"Fire Potion"},{"floor":14,"key":"DuplicationPotion"},{"floor":16,"key":"SteroidPotion"}],"is_trial":false,"path_per_floor":["M","M","?","?","M","E","R","E","T","R","M","M","R","M","R","B",null,"M"],"character_chosen":"IRONCLAD","items_purchased":[],"campfire_rested":0,"item_purchase_floors":[],"current_hp_per_floor":[58,61,61,66,72,38,38,36,36,36,29,29,29,33,33,21,60,0,0],"gold":250,"neow_bonus":"REMOVE_TWO","is_daily":false,"chose_seed":false,"campfire_upgraded":4,"win_rate":0.0,"timestamp":1608278538,"path_taken":["M","M","?","?","M","E","R","E","T","R","M","M","R","M","R","BOSS","M"],"items_purchased_type":[],"build_version":"2020-12-13","purchased_purges":0,"victory":false,"max_hp_per_floor":[75,75,68,73,73,73,73,73,73,73,73,73,73,73,73,73,73,73,73],"relic_stats":{"counters":[10,39],"Golden Idol":45,"Ornamental Fan":[4],"Bag of Preparation":[10],"Letter Opener":[0],"obtain_stats":[{"SlaversCollar":17,"Golden Idol":3,"Ornamental Fan":9,"Bag of Preparation":8,"Letter Opener":6,"Burning Blood":0},{"SlaversCollar":9,"Golden Idol":2,"Ornamental Fan":5,"Bag of Preparation":5,"Letter Opener":4,"Burning Blood":0},{"SlaversCollar":35,"Golden Idol":7,"Ornamental Fan":20,"Bag of Preparation":20,"Letter Opener":17,"Burning Blood":0}],"Burning Blood":54},"card_choices":[{"not_picked":["Combust","Armaments"],"picked":"Perfected Strike","floor":1},{"not_picked":["Cleave","Rage"],"picked":"Wild Strike","floor":2},{"not_picked":["Dark Embrace","Clothesline","Heavy Blade"],"picked":"SKIP","floor":5},{"not_picked":["Heavy Blade","Anger"],"picked":"Battle Trance","floor":6},{"not_picked":["Shrug It Off","Iron Wave"],"picked":"Perfected Strike","floor":8},{"not_picked":["Thunderclap","Iron Wave","Rage"],"picked":"SKIP","floor":11},{"not_picked":["Thunderclap","Iron Wave"],"picked":"Rage","floor":11},{"not_picked":["Warcry","Dropkick"],"picked":"Fiend Fire","floor":12},{"not_picked":["Cleave","Body Slam","Clothesline"],"picked":"SKIP","floor":14}],"player_experience":1171743,"relics_obtained":[{"floor":6,"key":"Letter Opener"},{"floor":8,"key":"Bag of Preparation"},{"floor":9,"key":"Ornamental Fan"}],"event_choices":[{"damage_healed":0,"gold_gain":0,"player_choice":"Lose Max HP","damage_taken":0,"relics_obtained":["Golden Idol"],"max_hp_gain":0,"max_hp_loss":7,"event_name":"Golden Idol","floor":3,"gold_loss":0},{"damage_healed":0,"gold_gain":0,"player_choice":"Donut","damage_taken":0,"max_hp_gain":5,"max_hp_loss":0,"event_name":"Big Fish","floor":4,"gold_loss":0}],"is_beta":false,"boss_relics":[{"not_picked":["Runic Dome","Busted Crown"],"picked":"SlaversCollar"}],"items_purged_floors":[],"is_endless":false,"potions_floor_spawned":[1,8,12,14,16],"killed_by":"3 Byrds","ascension_level":19}}