{"host":"hgkb2zpbo2dcws21","time":1608278538,"event":{"mods":["AchievementEnabler","BaseMod","Colored Map","Colored Powertips","Custom Start","DeckTracker","KOR Keyword Fix","Minty Spire (QoL Compilation)","StSLib","SuperFastMode"],"gold_per_floor":[117,132,282,293,20,20,20,30,30,49,49,77,91,91,91,167,167,180,105,105,105,123,123,123],"floor_reached":23,"playtime":578,"items_purged":[],"score":344,"play_id":"19e79ce9-42f0-4f25-9883-e3efaadbcd02","local_time":"20201218170218","is_ascension_mode":true,"campfire_choices":[{"data":"Tactician","floor":6,"key":"SMITH"},{"data":"1","floor":11,"key":"LIFT"},{"data":"Noxious Fumes","floor":15,"key":"SMITH"}],"circlet_count":0,"master_deck":["AscendersBane","Strike_G","Strike_G","Strike_G","Defend_G","Defend_G","Defend_G","Defend_G","Survivor","Neutralize","Injury","Leg Sweep","Tactician+1","Acrobatics","Deadly Poison+1","Backflip+1","Blade Dance+1","Noxious Fumes+1","Corpse Explosion+1","Well Laid Plans","Endless Agony","Venomology+1","Writhe","Catalyst+1"],"relics":["Ring of the Snake","TungstenRod","Toxic Egg 2","Incense Burner","Girya","Odd Mushroom","Cursed Key","Smiling Mask"],"acts_visited":["Exordium","TheCity"],"potions_floor_usage":[12,16,23,23],"damage_taken":[{"damage":0,"enemies":"Small Slimes","floor":1,"turns":4},{"damage":9,"enemies":"Jaw Worm","floor":2,"turns":8},{"damage":2,"enemies":"2 Louse","floor":4,"turns":5},{"damage":3,"enemies":"Blue Slaver","floor":8,"turns":6},{"damage":2,"enemies":"2 Fungi Beasts","floor":10,"turns":6},{"damage":15,"enemies":"The Mushroom Lair","floor":12,"turns":6},{"damage":4,"enemies":"Lots of Slimes","floor":13,"turns":5},{"damage":17,"enemies":"The Guardian","floor":16,"turns":10},{"damage":2,"enemies":"Shell Parasite","floor":18,"turns":5},{"damage":11,"enemies":"2 Thieves","floor":22,"turns":4},{"damage":39,"enemies":"Gremlin Leader","floor":23,"turns":4}],"seed_played":"3570769166906280124","potions_obtained":[{"floor":1,"key":"AttackPotion"},{"floor":2,"key":"Explosive Potion"},{"floor":22,"key":"LiquidBronze"}],"is_trial":false,"path_per_floor":["M","M","?","M","$","R","?","M","T","M","R","?","M","?","R","B",null,"M","?","?","?","M","E"],"character_chosen":"THE_SILENT","items_purchased":["Toxic Egg 2"],"campfire_rested":0,"item_purchase_floors":[5],"current_hp_per_floor":[59,50,50,48,48,48,44,41,41,39,39,24,20,20,20,3,50,48,48,48,48,37,0,0],"gold":123,"neow_bonus":"ONE_RARE_RELIC","is_daily":false,"chose_seed":false,"campfire_upgraded":2,"win_rate":0.0,"timestamp":1608278538,"path_taken":["M","M","?","M","$","R","?","M","T","M","R","?","?","?","R","BOSS","M","?","?","?","M","E"],"items_purchased_type":["Relic"],"build_version":"2020-12-13","purchased_purges":0,"victory":false,"max_hp_per_floor":[66,66,66,66,66,66,66,66,66,66,66,66,66,66,66,66,66,66,66,66,66,66,66,66],"card_choices":[{"not_picked":["Deflect","Underhanded Strike"],"picked":"Leg Sweep","floor":1},{"not_picked":["Slice","Blade Dance"],"picked":"Tactician","floor":2},{"not_picked":["Quick Slash","Leg Sweep"],"picked":"Acrobatics","floor":4},{"not_picked":["Backflip+1","Prepared+1"],"picked":"Deadly Poison+1","floor":8},{"not_picked":["Bullet Time+1","Bane"],"picked":"Backflip+1","floor":10},{"not_picked":["Quick Slash","Accuracy"],"picked":"Blade Dance+1","floor":12},{"not_picked":["Dagger Throw","Blade Dance+1"],"picked":"Noxious Fumes","floor":13},{"not_picked":["Die Die Die","Unload"],"picked":"Corpse Explosion+1","floor":16},{"not_picked":["Backstab","Quick Slash"],"picked":"Well Laid Plans","floor":18},{"not_picked":["Flying Knee","Blade Dance+1"],"picked":"Catalyst+1","floor":22}],"player_experience":1080985,"relics_obtained":[{"floor":9,"key":"Girya"},{"floor":12,"key":"Odd Mushroom"}],"event_choices":[{"damage_healed":0,"gold_gain":150,"player_choice":"AGREE","damage_taken":0,"max_hp_gain":0,"max_hp_loss":0,"event_name":"Liars Game","floor":3,"gold_loss":0,"cards_obtained":["Doubt"]},{"damage_healed":0,"gold_gain":0,"player_choice":"Success","damage_taken":5,"relics_obtained":["Incense Burner"],"max_hp_gain":0,"max_hp_loss":0,"event_name":"Scrap Ooze","floor":7,"gold_loss":0},{"damage_healed":0,"gold_gain":0,"player_choice":"Fought Mushrooms","damage_taken":0,"max_hp_gain":0,"max_hp_loss":0,"event_name":"Mushrooms","floor":12,"gold_loss":0},{"cards_removed":["Doubt"],"damage_healed":0,"gold_gain":0,"player_choice":"Forget","damage_taken":0,"max_hp_gain":0,"max_hp_loss":0,"event_name":"Living Wall","floor":14,"gold_loss":0},{"cards_removed":["Strike_G"],"damage_healed":0,"gold_gain":0,"player_choice":"Gave Gold","damage_taken":0,"max_hp_gain":0,"max_hp_loss":0,"event_name":"Beggar","floor":19,"gold_loss":75},{"damage_healed":0,"gold_gain":0,"cards_transformed":["Strike_G","Defend_G"],"player_choice":"Became Test Subject","damage_taken":0,"max_hp_gain":0,"max_hp_loss":0,"event_name":"Drug Dealer","floor":20,"gold_loss":0,"cards_obtained":["Endless Agony","Venomology"]},{"damage_healed":0,"gold_gain":0,"player_choice":"Opened","damage_taken":0,"relics_obtained":["Smiling Mask"],"max_hp_gain":0,"max_hp_loss":0,"event_name":"The Mausoleum","floor":21,"gold_loss":0,"cards_obtained":["Writhe"]}],"is_beta":false,"boss_relics":[{"not_picked":["Ectoplasm","Empty Cage"],"picked":"Cursed Key"}],"items_purged_floors":[],"is_endless":false,"potions_floor_spawned":[1,2,8,22],"killed_by":"Gremlin Leader","ascension_level":18}}