{"host":"ab2s6ezjqdgtrlyf","time":1608305747,"event":{"mods":["BaseMod","Colored Map","Downfall","Highlight Path","Marked Mod","Minty Spire (QoL Compilation)","Quick Restart","Relic Stats","Spicy Shops","StSLib","Waifu the Spire","vexMod","¡¾ÒÅÎï¿¨ÅÆ¡¿REMEMod"],"gold_per_floor":[118,118,118,118,43,43,76,89,89,113,125,137,124,150,162,270,282,294,306,336,348,360,400,412,434,446,213,88,88,88,102,102,198,198,214,214,214,230,230,230],"floor_reached":39,"playtime":1010,"items_purged":["Strike_B","Strike_B+1","Defend_B+1"],"score":420,"play_id":"3d3e0472-773a-4c3d-ac13-ac7481f40ab2","local_time":"20201218233547","is_ascension_mode":false,"campfire_choices":[{"data":"Zap","floor":6.0,"key":"SMITH"},{"data":"Loop","floor":15.0,"key":"SMITH"},{"floor":24.0,"key":"REST"},{"data":"REME_Shoggoth","floor":29.0,"key":"SMITH"},{"floor":32.0,"key":"REST"}],"circlet_count":0,"master_deck":["Strike_B+1","Defend_B+1","Defend_B+1","Defend_B+1","Zap+1","Dualcast+1","Redo+1","Loop+1","REME_Shoggoth+1","Reboot"],"relics":["Cracked Core","REME_ComplimentaryCards","NeowsBlessing","Cables","MawBank","REME_IWantAll","Guardian:ModeShifter","Philosopher\u0027s Stone","Vajra","Mummified Hand","vexMod:FocusSash","Inserter"],"acts_visited":["Exordium","TheCity","TheBeyond"],"potions_floor_usage":[],"damage_taken":[{"damage":0.0,"enemies":"Small Slimes","floor":1.0,"turns":1.0},{"damage":0.0,"enemies":"Lagavulin","floor":7.0,"turns":1.0},{"damage":0.0,"enemies":"Jaw Worm","floor":8.0,"turns":1.0},{"damage":1.0,"enemies":"Cultist","floor":10.0,"turns":3.0},{"damage":3.0,"enemies":"3 Louse","floor":14.0,"turns":2.0},{"damage":14.0,"enemies":"Hexaghost","floor":16.0,"turns":8.0},{"damage":0.0,"enemies":"3 Byrds","floor":18.0,"turns":1.0},{"damage":1.0,"enemies":"Chosen","floor":20.0,"turns":4.0},{"damage":35.0,"enemies":"Slavers","floor":23.0,"turns":4.0},{"damage":0.0,"enemies":"Sentry and Sphere","floor":25.0,"turns":2.0},{"damage":9.0,"enemies":"Snecko","floor":31.0,"turns":4.0},{"damage":58.0,"enemies":"Champ","floor":33.0,"turns":10.0},{"damage":0.0,"enemies":"Orb Walker","floor":35.0,"turns":2.0},{"damage":12.0,"enemies":"3 Shapes","floor":38.0,"turns":4.0},{"damage":0,"enemies":"Writhing Mass","floor":39,"turns":1}],"seed_played":"9104671232137295377","potions_obtained":[{"floor":8.0,"key":"SmokeBomb"},{"floor":14.0,"key":"FocusPotion"},{"floor":20.0,"key":"Strength Potion"},{"floor":31.0,"key":"Weak Potion"},{"floor":33.0,"key":"EntropicBrew"},{"floor":35.0,"key":"DuplicationPotion"},{"floor":38.0,"key":"LiquidMemories"}],"is_trial":false,"path_per_floor":["M","?","$","?","$","R","E","M","T","M","?","?","?","M","R","B",null,"M","?","M","?","?","E","R","M","T","$","$","R","?","M","R","B",null,"M","?","$","M","M"],"character_chosen":"DEFECT","items_purchased":["vexMod:FocusSash"],"campfire_rested":2,"item_purchase_floors":[27],"current_hp_per_floor":[75,60,60,60,60,60,60,60,60,59,52,45,45,42,42,28,75,75,75,74,74,74,39,61,61,61,61,61,61,75,66,75,17,75,75,75,75,63,63,63],"gold":230,"neow_bonus":"THREE_ENEMY_KILL","is_daily":false,"chose_seed":false,"campfire_upgraded":3,"win_rate":0.0,"timestamp":1608305747,"path_taken":["M","?","?","?","$","R","E","M","T","?","?","?","?","M","R","BOSS","M","?","M","?","?","E","R","?","T","?","$","R","?","M","R","BOSS","M","?","$","M","M"],"items_purchased_type":["Relic"],"build_version":"2020-12-13","purchased_purges":3,"victory":false,"max_hp_per_floor":[75,75,75,75,75,75,75,75,75,75,75,75,75,75,75,75,75,75,75,75,75,75,75,75,75,75,75,75,75,75,75,75,75,75,75,75,75,75,75,75],"relic_stats":{"Inserter":[3],"counters":[15,47],"Mummified Hand":[3],"MawBank":216,"obtain_stats":[{"Inserter":34,"NeowsBlessing":0,"Mummified Hand":26,"Guardian:ModeShifter":13,"Vajra":23,"Philosopher\u0027s Stone":17,"vexMod:FocusSash":27,"Cracked Core":0,"MawBank":9,"REME_IWantAll":12,"REME_ComplimentaryCards":0,"Cables":7},{"Inserter":12,"NeowsBlessing":0,"Mummified Hand":10,"Guardian:ModeShifter":4,"Vajra":9,"Philosopher\u0027s Stone":6,"vexMod:FocusSash":10,"Cracked Core":0,"MawBank":3,"REME_IWantAll":4,"REME_ComplimentaryCards":0,"Cables":2},{"Inserter":41,"NeowsBlessing":0,"Mummified Hand":27,"Guardian:ModeShifter":6,"Vajra":25,"Philosopher\u0027s Stone":16,"vexMod:FocusSash":27,"Cracked Core":0,"MawBank":3,"REME_IWantAll":6,"REME_ComplimentaryCards":0,"Cables":2}],"Cables":[32,32,0,0,0]},"card_choices":[{"not_picked":["Rebound","Beam Cell"],"picked":"Redo","floor":1.0},{"not_picked":["Reinforced Body","Double Energy","Streamline"],"picked":"SKIP","floor":7.0},{"not_picked":["Streamline","Steam"],"picked":"Loop","floor":8.0},{"not_picked":["Streamline","Redo","Sweeping Beam"],"picked":"SKIP","floor":10.0},{"not_picked":["Steam Power","Capacitor","Recycle"],"picked":"SKIP","floor":14.0},{"not_picked":["Creative AI","Biased Cognition"],"picked":"REME_Shoggoth","floor":16.0},{"not_picked":["Conserve Battery","Redo","Static Discharge"],"picked":"SKIP","floor":20.0},{"not_picked":["Streamline+1","All For One","Compile Driver"],"picked":"SKIP","floor":23.0},{"not_picked":["Turbo","Beam Cell","Stack"],"picked":"SKIP","floor":25.0},{"not_picked":["Undo+1","Go for the Eyes","Capacitor"],"picked":"SKIP","floor":31.0},{"not_picked":["Core Surge","Fission"],"picked":"Reboot","floor":33.0},{"not_picked":["Capacitor","Stack+1","Conserve Battery"],"picked":"SKIP","floor":35.0},{"not_picked":["Beam Cell+1","Go for the Eyes","Stack+1"],"picked":"SKIP","floor":38.0}],"player_experience":636419,"relics_obtained":[{"floor":7.0,"key":"Cables"},{"floor":9.0,"key":"MawBank"},{"floor":23.0,"key":"Vajra"},{"floor":26.0,"key":"Mummified Hand"}],"event_choices":[{"damage_healed":0.0,"max_hp_gain":0.0,"max_hp_loss":0.0,"gold_gain":0.0,"event_name":"Shining Light","player_choice":"Entered Light","floor":2.0,"gold_loss":0.0,"damage_taken":15.0,"cards_upgraded":["Dualcast","Defend_B"]},{"damage_healed":0.0,"max_hp_gain":0.0,"max_hp_loss":0.0,"gold_gain":0.0,"event_name":"Upgrade Shrine","player_choice":"Upgraded","floor":4.0,"gold_loss":0.0,"damage_taken":0.0,"cards_upgraded":["Redo"]},{"cards_removed":["Strike_B"],"damage_healed":0.0,"max_hp_gain":0.0,"max_hp_loss":0.0,"gold_gain":0.0,"event_name":"Golden Wing","player_choice":"Card Removal","floor":11.0,"gold_loss":0.0,"damage_taken":7.0},{"damage_healed":0.0,"max_hp_gain":0.0,"max_hp_loss":0.0,"gold_gain":0.0,"event_name":"Scrap Ooze","player_choice":"Success","floor":12.0,"gold_loss":0.0,"damage_taken":7.0,"relics_obtained":["REME_IWantAll"]},{"damage_healed":0.0,"max_hp_gain":0.0,"max_hp_loss":0.0,"gold_gain":0.0,"event_name":"Vampires","player_choice":"Ignored","floor":19.0,"gold_loss":0.0,"damage_taken":0.0},{"damage_healed":0.0,"max_hp_gain":0.0,"max_hp_loss":0.0,"gold_gain":0.0,"event_name":"Back to Basics","player_choice":"Simplicity","floor":21.0,"gold_loss":0.0,"damage_taken":0.0,"cards_upgraded":["Strike_B","Strike_B","Defend_B","Defend_B","Defend_B"]},{"damage_healed":0.0,"max_hp_gain":0.0,"max_hp_loss":0.0,"gold_gain":0.0,"event_name":"FaceTrader","player_choice":"Leave","floor":22.0,"gold_loss":0.0,"damage_taken":0.0},{"damage_healed":25.0,"max_hp_gain":0.0,"max_hp_loss":0.0,"gold_gain":0.0,"event_name":"The Library","player_choice":"Heal","floor":30.0,"gold_loss":0.0,"damage_taken":0.0},{"damage_healed":0.0,"max_hp_gain":0.0,"max_hp_loss":0.0,"gold_gain":0.0,"event_name":"NoteForYourself","player_choice":"Ignored","floor":36.0,"gold_loss":0.0,"damage_taken":0.0}],"is_beta":false,"boss_relics":[{"not_picked":["Sozu","Coffee Dripper"],"picked":"Philosopher\u0027s Stone"},{"not_picked":["FrozenCore","vexMod:RockOfEvil"],"picked":"Inserter"}],"items_purged_floors":[5,27,28],"is_endless":false,"potions_floor_spawned":[8,14,20,31,33,35,38],"killed_by":"Writhing Mass","ascension_level":0}}