{"host":"12","time":1608267642,"event":{"mods":["Act Like it!","BaseMod","Colored Powertips","Minty Spire (QoL Compilation)","StSLib","【功能Mod】混沌之环修复补丁"],"gold_per_floor":[111,111,111,125,125,125,160,160,186,199,199,218,237,72,72,148,148,161,161,174,174,184,184,196,196,196,121,148,148,148],"floor_reached":29,"playtime":750,"items_purged":["Strike_B"],"score":496,"play_id":"98ee80a5-4d95-45ff-82dc-dba65c9ffab8","local_time":"20201218130042","is_ascension_mode":true,"campfire_choices":[{"data":"Dualcast","floor":6.0,"key":"SMITH"},{"data":"Reinforced Body","floor":8.0,"key":"SMITH"},{"data":"Recycle","floor":11.0,"key":"SMITH"},{"data":"Defragment","floor":15.0,"key":"SMITH"},{"floor":23.0,"key":"REST"},{"data":"Skim","floor":25.0,"key":"SMITH"}],"circlet_count":0,"master_deck":["AscendersBane","Strike_B+1","Strike_B","Defend_B","Defend_B","Defend_B+1","Zap","Dualcast+1","Reinforced Body+1","Hologram","Recycle+1","Cold Snap","Streamline","Ball Lightning","Defragment+1","Echo Form","Meteor Strike","Defragment","Skim+1","Core Surge"],"relics":["Cracked Core","NeowsBlessing","Omamori","Orrery","Sozu","Happy Flower"],"acts_visited":["Exordium","TheCity"],"potions_floor_usage":[],"damage_taken":[{"damage":0.0,"enemies":"Small Slimes","floor":1.0,"turns":1.0},{"damage":0.0,"enemies":"2 Louse","floor":4.0,"turns":1.0},{"damage":0.0,"enemies":"Lagavulin","floor":7.0,"turns":1.0},{"damage":0.0,"enemies":"Cultist","floor":10.0,"turns":3.0},{"damage":14.0,"enemies":"Exordium Thugs","floor":12.0,"turns":6.0},{"damage":4.0,"enemies":"3 Louse","floor":13.0,"turns":5.0},{"damage":9.0,"enemies":"Hexaghost","floor":16.0,"turns":9.0},{"damage":24.0,"enemies":"Spheric Guardian","floor":18.0,"turns":4.0},{"damage":10.0,"enemies":"Chosen","floor":20.0,"turns":4.0},{"damage":2.0,"enemies":"Snake Plant","floor":22.0,"turns":5.0},{"damage":3.0,"enemies":"Centurion and Healer","floor":24.0,"turns":9.0},{"damage":23,"enemies":"Snecko","floor":29,"turns":3}],"seed_played":"-4358954871983300311","potions_obtained":[{"floor":4.0,"key":"AttackPotion"},{"floor":7.0,"key":"PowerPotion"}],"is_trial":false,"path_per_floor":["M","?","?","M","?","R","E","R","T","M","R","M","M","$","R","B",null,"M","?","M","?","M","R","M","R","T","$","T","M"],"character_chosen":"DEFECT","items_purchased":["Orrery"],"campfire_rested":1,"item_purchase_floors":[14],"current_hp_per_floor":[64,43,43,43,43,43,43,43,43,43,43,29,25,25,25,16,57,33,13,3,3,1,23,20,20,20,20,20,0,0],"gold":148,"neow_bonus":"THREE_ENEMY_KILL","is_daily":false,"chose_seed":false,"campfire_upgraded":5,"win_rate":0.0,"timestamp":1608267642,"path_taken":["M","?","?","M","?","R","E","R","T","?","R","M","M","$","R","BOSS","M","?","M","?","M","R","M","R","T","$","?","M"],"items_purchased_type":["Relic"],"build_version":"2020-12-17","purchased_purges":1,"victory":false,"max_hp_per_floor":[71,71,71,71,71,71,71,71,71,71,71,71,71,71,71,71,71,71,76,76,76,76,76,76,76,76,76,76,76,76],"card_choices":[{"not_picked":["Barrage","Chaos"],"picked":"Reinforced Body","floor":1.0},{"not_picked":["Conserve Battery","Tempest","Rebound"],"picked":"SKIP","floor":4.0},{"not_picked":["Steam","FTL","Aggregate"],"picked":"SKIP","floor":7.0},{"not_picked":["Conserve Battery","Tempest"],"picked":"Recycle","floor":10.0},{"not_picked":["Leap","Conserve Battery"],"picked":"Cold Snap","floor":12.0},{"not_picked":["Go for the Eyes","Conserve Battery"],"picked":"Streamline","floor":13.0},{"not_picked":["Compile Driver","Conserve Battery"],"picked":"Ball Lightning","floor":14.0},{"not_picked":["Rip and Tear","Aggregate"],"picked":"Defragment","floor":14.0},{"not_picked":["Go for the Eyes","Redo"],"picked":"Echo Form","floor":14.0},{"not_picked":["Reboot","Hyperbeam"],"picked":"Meteor Strike","floor":16.0},{"not_picked":["Leap","Conserve Battery+1"],"picked":"Defragment","floor":18.0},{"not_picked":["Turbo","Steam"],"picked":"Skim","floor":20.0},{"not_picked":["Doom and Gloom","Fusion"],"picked":"Core Surge","floor":22.0},{"not_picked":["BootSequence","Cold Snap","Hologram"],"picked":"SKIP","floor":24.0}],"player_experience":541006,"relics_obtained":[{"floor":7.0,"key":"Omamori"},{"floor":28.0,"key":"Happy Flower"}],"event_choices":[{"damage_healed":0.0,"max_hp_gain":0.0,"max_hp_loss":0.0,"gold_gain":0.0,"event_name":"Shining Light","player_choice":"Entered Light","floor":2.0,"gold_loss":0.0,"damage_taken":21.0,"cards_upgraded":["Defend_B","Strike_B"]},{"damage_healed":0.0,"max_hp_gain":0.0,"max_hp_loss":0.0,"gold_gain":0.0,"cards_transformed":["Strike_B"],"event_name":"Living Wall","player_choice":"Change","floor":3.0,"gold_loss":0.0,"damage_taken":0.0,"cards_obtained":["Hologram"]},{"cards_removed":["Defend_B"],"damage_healed":0.0,"max_hp_gain":0.0,"max_hp_loss":0.0,"gold_gain":0.0,"event_name":"Purifier","player_choice":"Purged","floor":5.0,"gold_loss":0.0,"damage_taken":0.0},{"damage_healed":0.0,"max_hp_gain":5.0,"max_hp_loss":0.0,"gold_gain":0.0,"event_name":"Forgotten Altar","player_choice":"Shed Blood","floor":19.0,"gold_loss":0.0,"damage_taken":25.0},{"damage_healed":0.0,"max_hp_gain":0.0,"max_hp_loss":0.0,"gold_gain":0.0,"event_name":"The Mausoleum","player_choice":"Ignored","floor":21.0,"gold_loss":0.0,"damage_taken":0.0}],"is_beta":true,"boss_relics":[{"not_picked":["Inserter","Tiny House"],"picked":"Sozu"}],"items_purged_floors":[27],"is_endless":false,"potions_floor_spawned":[4,7,12,18,20],"killed_by":"Snecko","ascension_level":20}}