{"host":"qvzwftlm72dh2ckx","time":1608257629,"event":{"mods":["AchievementEnabler","BaseMod","Bestiary","Better Altar","Better Match","Better Note","Better Sensory Stone","Better Silent Start","Better Skull","Better Third Choice","Colored Map","Minty Spire (QoL Compilation)","Rare Cards Sparkle","Spicy Shops","StSLib","The Construct","The Gatherer","The Servant 0.9.4"],"gold_per_floor":[114,59,78,90,100,126,126,126,149,160,180,180,180,239,239,342,342,354,366,150,164,15,50,50,50,75,92,92,110,110,126,126,227,227,241,260,48,48,48,65,98,111,111,143,174,216,228,252,264,276],"floor_reached":51,"playtime":4529,"items_purged":[],"score":958,"play_id":"9d534832-9077-4512-ae24-2e4ea4d459a6","local_time":"20201218031349","is_ascension_mode":false,"campfire_choices":[{"data":"DualDimension","floor":13,"key":"SMITH"},{"floor":15,"key":"REST"},{"data":"Gouge","floor":24,"key":"SMITH"},{"data":"SilverBlades","floor":32,"key":"SMITH"},{"data":"FanOfKnives","floor":47,"key":"SMITH"},{"floor":49,"key":"REST"}],"circlet_count":0,"master_deck":["Strike_S","Strike_S","Strike_S","Strike_S","Defend_S","Defend_S","Defend_S","KidneyShot","Exchange","Moonlight","Hightail+1","Defy","ShiftingGears","Replace","Gouge+1","DualDimension+1","Luminosity","Spin","ForgedInTime","Ricochet","SilverBlades+1","DualDimension+1","GearUp","Dilation","Moonlight+1","Ricochet+1","Dilation","DoubleEdge","FanOfKnives+1","GearUp+1","Desolation","Rearm"],"relics":["SplendidAttire","PreservedInsect","Boot","Ancient Tea Set","StoneMask","Chemical X","Bronze Scales","Vajra","CaptainsWheel","Orichalcum","Toolbox","Regal Pillow","MawBank","Thread and Needle"],"acts_visited":["Exordium","TheCity","TheBeyond"],"potions_floor_usage":[5,6,16,16,23,33,46,46],"damage_taken":[{"damage":9,"enemies":"Jaw Worm","floor":1,"turns":4},{"damage":0,"enemies":"Small Slimes","floor":3,"turns":6},{"damage":0,"enemies":"Cultist","floor":4,"turns":3},{"damage":0,"enemies":"Lots of Slimes","floor":5,"turns":2},{"damage":15,"enemies":"Lagavulin","floor":6,"turns":18},{"damage":1,"enemies":"Looter","floor":10,"turns":4},{"damage":3,"enemies":"Exordium Thugs","floor":11,"turns":6},{"damage":14,"enemies":"3 Sentries","floor":14,"turns":10},{"damage":0,"enemies":"Hexaghost","floor":16,"turns":16},{"damage":0,"enemies":"Shell Parasite","floor":18,"turns":9},{"damage":0,"enemies":"Spheric Guardian","floor":19,"turns":9},{"damage":3,"enemies":"Snake Plant","floor":21,"turns":4},{"damage":32,"enemies":"Gremlin Leader","floor":23,"turns":8},{"damage":0,"enemies":"Centurion and Healer","floor":27,"turns":5},{"damage":0,"enemies":"Snecko","floor":29,"turns":7},{"damage":0,"enemies":"Snake Plant","floor":31,"turns":3},{"damage":0,"enemies":"Automaton","floor":33,"turns":9},{"damage":0,"enemies":"3 Shapes","floor":35,"turns":3},{"damage":0,"enemies":"Orb Walker","floor":36,"turns":3},{"damage":0,"enemies":"Sphere and 2 Shapes","floor":40,"turns":4},{"damage":0,"enemies":"Nemesis","floor":41,"turns":5},{"damage":0,"enemies":"3 Darklings","floor":42,"turns":3},{"damage":3,"enemies":"Transient","floor":44,"turns":5},{"damage":0,"enemies":"4 Shapes","floor":45,"turns":3},{"damage":46,"enemies":"Reptomancer","floor":46,"turns":5},{"damage":0,"enemies":"Sphere and 2 Shapes","floor":48,"turns":5},{"damage":0,"enemies":"Awakened One","floor":50,"turns":16}],"seed_played":"-5022197303710132060","potions_obtained":[{"floor":1,"key":"Ancient Potion"},{"floor":3,"key":"Explosive Potion"},{"floor":4,"key":"Block Potion"},{"floor":5,"key":"PowerPotion"},{"floor":21,"key":"SneckoOil"},{"floor":27,"key":"FairyPotion"},{"floor":31,"key":"ColorlessPotion"},{"floor":33,"key":"Regen Potion"},{"floor":35,"key":"Ancient Potion"},{"floor":40,"key":"Weak Potion"}],"is_trial":false,"path_per_floor":["M","$","M","M","M","E","?","?","T","M","M","?","R","?","R","B",null,"M","M","$","M","$","E","R","?","T","M","?","M","$","M","R","B",null,"M","M","$","T","?","M","E","M","T","M","M","E","R","M","R","B",null],"character_chosen":"THE_SERVANT","items_purchased":["Hightail","Chemical X","Bronze Scales","Vajra","Dilation","Toolbox"],"campfire_rested":2,"item_purchase_floors":[2,20,20,22,37,37],"current_hp_per_floor":[62,62,62,62,62,47,47,52,52,51,48,48,48,34,56,56,76,77,78,78,78,78,49,49,49,49,55,55,58,58,61,61,64,85,88,89,89,89,89,92,93,94,94,94,99,65,65,74,103,107],"gold":288,"neow_bonus":"TEN_PERCENT_HP_BONUS","is_daily":false,"chose_seed":false,"campfire_upgraded":4,"win_rate":0.0,"timestamp":1608257629,"path_taken":["M","$","M","M","M","E","?","?","T","M","M","?","R","?","R","BOSS","M","M","$","M","$","E","R","?","T","M","?","M","$","M","R","BOSS","M","M","$","?","?","M","E","?","T","M","M","E","R","M","R","BOSS"],"items_purchased_type":["Card","Relic","Relic","Relic","Card","Relic"],"build_version":"2020-12-13","purchased_purges":0,"victory":true,"max_hp_per_floor":[71,71,71,71,71,71,71,76,76,76,76,76,76,76,76,76,76,77,78,78,79,79,80,80,80,80,82,82,83,83,84,84,85,85,88,89,89,89,89,92,93,94,94,95,99,100,100,103,103,107],"card_choices":[{"not_picked":["Shuttle","ShatteredReality"],"picked":"Moonlight","floor":1},{"not_picked":["Rewind","Revamp"],"picked":"Defy","floor":3},{"not_picked":["FastForward","BottledTime"],"picked":"ShiftingGears","floor":4},{"not_picked":["Sabotage","Comet"],"picked":"Replace","floor":5},{"not_picked":["Starlight","DoubleEdge"],"picked":"Gouge","floor":6},{"not_picked":["Replace","Starlight"],"picked":"DualDimension","floor":10},{"not_picked":["Foresight","Starlight"],"picked":"Luminosity","floor":11},{"not_picked":["FloweringNight","DoubleEdge"],"picked":"Spin","floor":14},{"not_picked":["LightFlow","Solidify"],"picked":"ForgedInTime","floor":16},{"not_picked":["Reset+1","Spin"],"picked":"Ricochet","floor":18},{"not_picked":["Unruled","Potential","Revamp"],"picked":"SKIP","floor":19},{"not_picked":["BottledTime","Spin","Rearm"],"picked":"SKIP","floor":21},{"not_picked":["BottledTime","Advance"],"picked":"SilverBlades","floor":23},{"not_picked":["Defy+1","Revamp"],"picked":"GearUp","floor":27},{"not_picked":["Foresight","ShatteredReality","Potential+1"],"picked":"SKIP","floor":29},{"not_picked":["Potential+1","Replace","Unruled"],"picked":"SKIP","floor":31},{"not_picked":["Solidify","FloweringNight"],"picked":"Dilation","floor":33},{"not_picked":["Sabotage+1","TimeWarp+1"],"picked":"Moonlight+1","floor":35},{"not_picked":["Alleviate","TimeWarp+1"],"picked":"Ricochet+1","floor":36},{"not_picked":["FastForward","Potential+1"],"picked":"FanOfKnives","floor":40},{"not_picked":["Contraction","Rewind+1"],"picked":"GearUp+1","floor":41},{"not_picked":["GearUp+1","Reset+1"],"picked":"Desolation","floor":42},{"not_picked":["GearUp","Comet+1"],"picked":"Rearm","floor":44},{"not_picked":["Unruled","Starlight","Deny"],"picked":"SKIP","floor":45},{"not_picked":["Ricochet","Spin+1","ShatteredReality"],"picked":"SKIP","floor":46},{"not_picked":["GearUp","TimeWarp","Alleviate+1"],"picked":"SKIP","floor":48}],"player_experience":97375,"relics_obtained":[{"floor":6,"key":"PreservedInsect"},{"floor":9,"key":"Boot"},{"floor":23,"key":"CaptainsWheel"},{"floor":26,"key":"Orichalcum"},{"floor":41,"key":"Regal Pillow"},{"floor":43,"key":"MawBank"},{"floor":46,"key":"Thread and Needle"}],"event_choices":[{"damage_healed":0,"gold_gain":0,"player_choice":"Leave","damage_taken":0,"max_hp_gain":0,"max_hp_loss":0,"event_name":"The Cleric","floor":7,"gold_loss":0},{"damage_healed":0,"gold_gain":0,"player_choice":"Donut","damage_taken":0,"max_hp_gain":5,"max_hp_loss":0,"event_name":"Big Fish","floor":8,"gold_loss":0},{"damage_healed":0,"gold_gain":0,"player_choice":"Grow","damage_taken":0,"max_hp_gain":0,"max_hp_loss":0,"event_name":"Living Wall","floor":12,"gold_loss":0,"cards_upgraded":["Hightail"]},{"damage_healed":0,"gold_gain":0,"player_choice":"Searched \u00273\u0027 times","damage_taken":0,"relics_obtained":["Ancient Tea Set"],"max_hp_gain":0,"max_hp_loss":0,"event_name":"Dead Adventurer","floor":14,"gold_loss":0},{"damage_healed":0,"gold_gain":0,"player_choice":"Copied","damage_taken":0,"max_hp_gain":0,"max_hp_loss":0,"event_name":"Duplicator","floor":25,"gold_loss":0,"cards_obtained":["DualDimension"]},{"damage_healed":0,"gold_gain":0,"player_choice":"Ignored","damage_taken":0,"max_hp_gain":0,"max_hp_loss":0,"event_name":"betterNote:BetterNote","floor":28,"gold_loss":0,"cards_obtained":["Burst"]},{"damage_healed":0,"gold_gain":0,"cards_transformed":["Defend_S"],"player_choice":"Transformed","damage_taken":0,"max_hp_gain":0,"max_hp_loss":0,"event_name":"Transmorgrifier","floor":39,"gold_loss":0,"cards_obtained":["DoubleEdge"]}],"is_beta":false,"boss_relics":[{"not_picked":["Busted Crown","Cursed Key"],"picked":"StoneMask"},{"not_picked":["construct:ClawGrip","Coffee Dripper"],"picked":"SplendidAttire"}],"items_purged_floors":[],"is_endless":false,"potions_floor_spawned":[1,3,4,5,21,27,31,33,35,40,42,44],"ascension_level":0}}