{"host":"ci7ivtocgfxh0ueo","time":1608277392,"event":{"mods":["BaseMod","GifTheSpireLib","Minty Spire (QoL Compilation)","StSLib"],"gold_per_floor":[111,111,81,91,91,91,116,134,134,159,309,323,323,12,12,12,12],"floor_reached":16,"playtime":673,"items_purged":["Doubt"],"score":246,"play_id":"329f15df-9596-4b03-b852-ccc8d24d801f","local_time":"20201218154312","is_ascension_mode":true,"campfire_choices":[{"data":"Crippling Poison","floor":6,"key":"SMITH"},{"data":"Tactician","floor":15,"key":"SMITH"}],"circlet_count":0,"master_deck":["AscendersBane","Strike_G","Strike_G","Strike_G","Strike_G","Strike_G","Defend_G","Defend_G+1","Defend_G","Defend_G","Defend_G","Survivor","Neutralize","Crippling Poison+1","Blur+1","Tactician+1","Choke","Dagger Spray","Riddle With Holes"],"relics":["Snecko Eye","Kunai","Juzu Bracelet","War Paint","Pen Nib","Toy Ornithopter"],"acts_visited":["Exordium"],"potions_floor_usage":[7,7,10,16],"damage_taken":[{"damage":5,"enemies":"Small Slimes","floor":1,"turns":5},{"damage":0,"enemies":"2 Louse","floor":4,"turns":2},{"damage":4,"enemies":"3 Sentries","floor":7,"turns":8},{"damage":0,"enemies":"Cultist","floor":8,"turns":4},{"damage":0,"enemies":"Gremlin Nob","floor":10,"turns":5},{"damage":0,"enemies":"3 Louse","floor":12,"turns":5},{"damage":62,"enemies":"Hexaghost","floor":16,"turns":16}],"seed_played":"-5013163931019692315","potions_obtained":[{"floor":1,"key":"Strength Potion"},{"floor":3,"key":"AttackPotion"},{"floor":8,"key":"Block Potion"},{"floor":12,"key":"Ancient Potion"}],"is_trial":false,"path_per_floor":["M","?","?","M","$","R","E","M","T","E","?","M","?","$","R","B"],"character_chosen":"THE_SILENT","items_purchased":["DistilledChaos","Toy Ornithopter"],"campfire_rested":0,"item_purchase_floors":[14,14],"current_hp_per_floor":[54,36,36,36,36,36,32,32,32,32,32,32,54,54,54,0,0],"gold":12,"neow_bonus":"BOSS_RELIC","is_daily":false,"chose_seed":false,"campfire_upgraded":2,"win_rate":0.0,"timestamp":1608277392,"path_taken":["M","?","?","?","$","R","E","M","T","E","?","M","?","$","R","BOSS"],"items_purchased_type":["Potion","Relic"],"build_version":"2020-12-13","purchased_purges":1,"victory":false,"max_hp_per_floor":[66,66,66,66,66,66,66,66,66,66,66,66,66,66,66,66,66],"card_choices":[{"not_picked":["Cloak And Dagger","Calculated Gamble"],"picked":"Crippling Poison","floor":1},{"not_picked":["Slice","Endless Agony"],"picked":"Blur","floor":4},{"not_picked":["Cloak And Dagger","Dagger Spray"],"picked":"Tactician","floor":7},{"not_picked":["Backflip","Concentrate"],"picked":"Choke","floor":8},{"not_picked":["Reflex","Phantasmal Killer"],"picked":"Dagger Spray","floor":10},{"not_picked":["Bane","Cloak And Dagger"],"picked":"Riddle With Holes","floor":12}],"player_experience":1270006,"relics_obtained":[{"floor":7,"key":"Juzu Bracelet"},{"floor":9,"key":"War Paint"},{"floor":10,"key":"Pen Nib"}],"event_choices":[{"damage_healed":0,"gold_gain":0,"player_choice":"Success","damage_taken":18,"relics_obtained":["Kunai"],"max_hp_gain":0,"max_hp_loss":0,"event_name":"Scrap Ooze","floor":2,"gold_loss":0},{"damage_healed":0,"gold_gain":0,"player_choice":"Bought 2 Potions","damage_taken":0,"max_hp_gain":0,"max_hp_loss":0,"event_name":"The Woman in Blue","floor":3,"gold_loss":0},{"damage_healed":0,"gold_gain":150,"player_choice":"AGREE","damage_taken":0,"max_hp_gain":0,"max_hp_loss":0,"event_name":"Liars Game","floor":11,"gold_loss":0,"cards_obtained":["Doubt"]},{"damage_healed":22,"gold_gain":0,"player_choice":"Banana","damage_taken":0,"max_hp_gain":0,"max_hp_loss":0,"event_name":"Big Fish","floor":13,"gold_loss":0}],"is_beta":false,"boss_relics":[],"items_purged_floors":[14],"is_endless":false,"potions_floor_spawned":[1,4,8,12],"killed_by":"Hexaghost","ascension_level":17}}