{"host":"xcuflocadasoaqda","time":1608280744,"event":{"mods":["BaseMod","Bestiary","Filter the Spire","Minty Spire (QoL Compilation)","Relic Stats"],"gold_per_floor":[109,109,109,128,128,160,160,187,187,201,23,57,57,68,68,142,142,157,157,172,172,72,105,152,152,152,172,201,401,418,438,438,510,510,527,290,302,302,302,336,355,355,435,466,466,495,495,506,506,506,506,506,506,31,62,62],"floor_reached":57,"playtime":3435,"items_purged":["Envenom","Decay","Heel Hook+1","Poisoned Stab"],"score":3067,"play_id":"efd4c8e3-ffbd-4645-b8d3-e6bc149b0c71","local_time":"20201218023904","is_ascension_mode":true,"campfire_choices":[{"floor":7.0,"key":"REST"},{"data":"Glass Knife","floor":15.0,"key":"SMITH"},{"data":"Tools of the Trade","floor":25.0,"key":"SMITH"},{"data":"Accuracy","floor":32.0,"key":"SMITH"},{"floor":42.0,"key":"RECALL"},{"data":"Footwork","floor":45.0,"key":"SMITH"},{"data":"Wraith Form v2","floor":49.0,"key":"SMITH"},{"floor":53,"key":"DIG"}],"circlet_count":0,"master_deck":["AscendersBane","Survivor+1","Neutralize","Doppelganger","Calculated Gamble+1","Dodge and Roll","Glass Knife+1","Predator","Tactician","Eviscerate","Acrobatics","Dark Shackles","Escape Plan","Blade Dance+1","Tools of the Trade+1","Blade Dance+1","Footwork+1","Accuracy+1","Deflect+1","Blade Dance+1","Footwork+1","Adrenaline","Prepared","Choke","Burst","Blur","Wraith Form v2+1","Backflip","Accuracy+1","Reflex","Accuracy","Terror+1"],"relics":["Pandora\u0027s Box","CaptainsWheel","Bronze Scales","Lizard Tail","Sundial","Ninja Scroll","Coffee Dripper","Omamori","Blood Vial","War Paint","Shovel","Runic Pyramid","Letter Opener","Paper Crane","Oddly Smooth Stone","Ornamental Fan","DollysMirror","Art of War"],"acts_visited":["Exordium","TheCity","TheBeyond","TheEnding"],"potions_floor_usage":[56,56],"damage_taken":[{"damage":0.0,"enemies":"Cultist","floor":1.0,"turns":2.0},{"damage":0.0,"enemies":"2 Louse","floor":4.0,"turns":1.0},{"damage":0.0,"enemies":"Lagavulin","floor":6.0,"turns":4.0},{"damage":8.0,"enemies":"3 Sentries","floor":8.0,"turns":7.0},{"damage":1.0,"enemies":"Jaw Worm","floor":10.0,"turns":2.0},{"damage":0.0,"enemies":"Lagavulin","floor":12.0,"turns":3.0},{"damage":0.0,"enemies":"Exordium Wildlife","floor":14.0,"turns":2.0},{"damage":0.0,"enemies":"The Guardian","floor":16.0,"turns":8.0},{"damage":17.0,"enemies":"Shell Parasite","floor":18.0,"turns":3.0},{"damage":0.0,"enemies":"Spheric Guardian","floor":20.0,"turns":2.0},{"damage":7.0,"enemies":"Book of Stabbing","floor":23.0,"turns":4.0},{"damage":10.0,"enemies":"Snake Plant","floor":27.0,"turns":3.0},{"damage":0.0,"enemies":"Gremlin Leader","floor":28.0,"turns":4.0},{"damage":0.0,"enemies":"3 Cultists","floor":30.0,"turns":3.0},{"damage":7.0,"enemies":"Centurion and Healer","floor":31.0,"turns":4.0},{"damage":3.0,"enemies":"Automaton","floor":33.0,"turns":6.0},{"damage":0.0,"enemies":"3 Darklings","floor":35.0,"turns":4.0},{"damage":0.0,"enemies":"Orb Walker","floor":37.0,"turns":2.0},{"damage":0.0,"enemies":"Nemesis","floor":40.0,"turns":3.0},{"damage":9.0,"enemies":"Sphere and 2 Shapes","floor":41.0,"turns":5.0},{"damage":8.0,"enemies":"Giant Head","floor":44.0,"turns":4.0},{"damage":3.0,"enemies":"Reptomancer","floor":46.0,"turns":5.0},{"damage":0.0,"enemies":"4 Shapes","floor":48.0,"turns":5.0},{"damage":44,"enemies":"Time Eater","floor":50,"turns":11},{"damage":2,"enemies":"Awakened One","floor":51,"turns":11},{"damage":28,"enemies":"Shield and Spear","floor":55,"turns":6},{"damage":22,"enemies":"The Heart","floor":56,"turns":8}],"seed_played":"4324146590721787093","potions_obtained":[{"floor":4.0,"key":"AttackPotion"},{"floor":8.0,"key":"CultistPotion"},{"floor":14.0,"key":"Regen Potion"}],"is_trial":false,"path_per_floor":["M","?","?","M","?","E","R","E","T","M","$","E","$","M","R","B",null,"M","?","M","?","$","E","T","R","T","M","E","?","M","M","R","B",null,"M","$","M","?","?","E","M","R","T","E","R","E","?","M","R","B","B",null,"R","$","E","B",null],"character_chosen":"THE_SILENT","items_purchased":["Dark Shackles","GhostInAJar","DollysMirror","Reflex","Accuracy"],"campfire_rested":1,"item_purchase_floors":[11,36,54,54,54],"current_hp_per_floor":[59,59,33,33,13,13,32,24,24,23,23,23,23,23,23,23,55,38,38,38,38,38,31,31,31,31,23,37,37,39,34,34,33,58,60,60,62,62,62,64,57,57,57,51,51,50,50,52,52,10,10,52,52,52,26,6],"gold":62,"neow_bonus":"BOSS_RELIC","is_daily":false,"chose_seed":false,"campfire_upgraded":5,"win_rate":0.0,"timestamp":1608280744,"path_taken":["M","?","?","M","?","E","R","E","T","M","?","E","$","M","R","BOSS","M","?","M","?","$","E","?","R","T","?","E","?","?","M","R","BOSS","M","$","M","?","?","E","?","R","T","E","R","E","?","M","R","BOSS","BOSS","R","$","E","BOSS"],"items_purchased_type":["Card","Potion","Relic","Card","Card"],"build_version":"2020-12-13","purchased_purges":4,"victory":true,"max_hp_per_floor":[66,66,66,66,66,66,66,66,66,66,66,66,66,66,66,66,66,66,66,66,66,66,66,66,66,66,66,66,66,66,66,66,66,66,66,66,66,66,66,66,66,66,66,66,66,66,66,66,66,66,66,66,66,66,66,66],"relic_stats":{"Blood Vial":32,"Lizard Tail":0,"Shovel":1,"counters":[27,122],"Sundial":[30],"Ornamental Fan":[60],"Bronze Scales":[399],"Pandora\u0027s Box":["Doppelganger","Expertise","Calculated Gamble","Dodge and Roll","Envenom","Heel Hook","Glass Knife","Predator","Tactician","Eviscerate"],"Art of War":[1],"Letter Opener":[283],"War Paint":["Survivor","Blade Dance"],"obtain_stats":[{"Oddly Smooth Stone":46,"Omamori":23,"Letter Opener":40,"War Paint":26,"Paper Crane":44,"Blood Vial":24,"CaptainsWheel":3,"Lizard Tail":8,"Shovel":28,"Sundial":9,"Ninja Scroll":12,"Ornamental Fan":53,"DollysMirror":54,"Bronze Scales":6,"Pandora\u0027s Box":0,"Coffee Dripper":17,"Art of War":55,"Ring of the Snake":0,"Runic Pyramid":34},{"Oddly Smooth Stone":22,"Omamori":11,"Letter Opener":19,"War Paint":11,"Paper Crane":21,"Blood Vial":11,"CaptainsWheel":1,"Lizard Tail":4,"Shovel":13,"Sundial":4,"Ninja Scroll":6,"Ornamental Fan":25,"DollysMirror":25,"Bronze Scales":3,"Pandora\u0027s Box":0,"Coffee Dripper":8,"Art of War":26,"Ring of the Snake":0,"Runic Pyramid":16},{"Oddly Smooth Stone":81,"Omamori":38,"Letter Opener":67,"War Paint":38,"Paper Crane":76,"Blood Vial":38,"CaptainsWheel":2,"Lizard Tail":14,"Shovel":45,"Sundial":14,"Ninja Scroll":19,"Ornamental Fan":108,"DollysMirror":108,"Bronze Scales":7,"Pandora\u0027s Box":0,"Coffee Dripper":29,"Art of War":114,"Ring of the Snake":0,"Runic Pyramid":58}]},"card_choices":[{"not_picked":["Bane","Underhanded Strike","Setup"],"picked":"SKIP","floor":1.0},{"not_picked":["Choke","Flying Knee","Eviscerate"],"picked":"SKIP","floor":4.0},{"not_picked":["Prepared","Deadly Poison"],"picked":"Acrobatics","floor":6.0},{"not_picked":["Caltrops","Calculated Gamble","Masterful Stab"],"picked":"SKIP","floor":8.0},{"not_picked":["Quick Slash","Acrobatics","Doppelganger"],"picked":"SKIP","floor":10.0},{"not_picked":["Dodge and Roll","Expertise"],"picked":"Escape Plan","floor":12.0},{"not_picked":["Deadly Poison","Poisoned Stab"],"picked":"Blade Dance","floor":14.0},{"not_picked":["Glass Knife","Phantasmal Killer"],"picked":"Tools of the Trade","floor":16.0},{"not_picked":["Escape Plan","PiercingWail"],"picked":"Blade Dance+1","floor":18.0},{"not_picked":["Flechettes","Quick Slash"],"picked":"Footwork","floor":20.0},{"not_picked":["Deadly Poison+1","Crippling Poison","All Out Attack"],"picked":"SKIP","floor":23.0},{"not_picked":["Backflip","Flechettes"],"picked":"Accuracy","floor":27.0},{"not_picked":["Sucker Punch","Choke"],"picked":"Deflect+1","floor":28.0},{"not_picked":["Flechettes","Eviscerate"],"picked":"Blade Dance+1","floor":30.0},{"not_picked":["Flying Knee","Blade Dance"],"picked":"Footwork+1","floor":31.0},{"not_picked":["Tools of the Trade","Die Die Die"],"picked":"Adrenaline","floor":33.0},{"not_picked":["Dagger Spray","Sucker Punch","Finisher"],"picked":"SKIP","floor":35.0},{"not_picked":["Calculated Gamble","Deflect"],"picked":"Prepared","floor":37.0},{"not_picked":["Deflect","Finisher"],"picked":"Burst","floor":40.0},{"not_picked":["Setup+1","Cloak And Dagger"],"picked":"Blur","floor":41.0},{"not_picked":["Prepared+1","Choke+1","Storm of Steel"],"picked":"SKIP","floor":44.0},{"not_picked":["Caltrops","Dash","Expertise"],"picked":"SKIP","floor":46.0},{"not_picked":["Masterful Stab","Well Laid Plans"],"picked":"Backflip","floor":48.0},{"not_picked":["Deadly Poison+1","PiercingWail"],"picked":"Terror+1","floor":55}],"player_experience":1735552,"relics_obtained":[{"floor":6.0,"key":"Bronze Scales"},{"floor":8.0,"key":"Lizard Tail"},{"floor":9.0,"key":"Sundial"},{"floor":12.0,"key":"Ninja Scroll"},{"floor":23.0,"key":"Omamori"},{"floor":24.0,"key":"Blood Vial"},{"floor":26.0,"key":"War Paint"},{"floor":28.0,"key":"Shovel"},{"floor":40.0,"key":"Letter Opener"},{"floor":44.0,"key":"Paper Crane"},{"floor":46.0,"key":"Oddly Smooth Stone"},{"floor":53,"key":"Ornamental Fan"},{"floor":55,"key":"Art of War"}],"event_choices":[{"damage_healed":0.0,"max_hp_gain":0.0,"max_hp_loss":0.0,"gold_gain":0.0,"event_name":"Liars Game","player_choice":"Ignored","floor":2.0,"gold_loss":0.0,"damage_taken":0.0},{"damage_healed":0.0,"max_hp_gain":0.0,"max_hp_loss":0.0,"gold_gain":0.0,"event_name":"Scrap Ooze","player_choice":"Success","floor":3.0,"gold_loss":0.0,"damage_taken":26.0,"relics_obtained":["CaptainsWheel"]},{"damage_healed":0.0,"max_hp_gain":0.0,"max_hp_loss":0.0,"gold_gain":0.0,"event_name":"Shining Light","player_choice":"Entered Light","floor":5.0,"gold_loss":0.0,"damage_taken":20.0,"cards_upgraded":["Calculated Gamble","Heel Hook"]},{"damage_healed":0.0,"max_hp_gain":0.0,"max_hp_loss":0.0,"gold_gain":0.0,"event_name":"Forgotten Altar","player_choice":"Smashed Altar","floor":19.0,"gold_loss":0.0,"damage_taken":0.0,"cards_obtained":["Decay"]},{"damage_healed":0.0,"max_hp_gain":0.0,"max_hp_loss":0.0,"gold_gain":0.0,"event_name":"The Mausoleum","player_choice":"Ignored","floor":21.0,"gold_loss":0.0,"damage_taken":0.0},{"damage_healed":0.0,"max_hp_gain":0.0,"max_hp_loss":0.0,"gold_gain":200.0,"event_name":"Wheel of Change","player_choice":"Gold","floor":29.0,"gold_loss":0.0,"damage_taken":0.0},{"damage_healed":0.0,"max_hp_gain":0.0,"max_hp_loss":0.0,"gold_gain":0.0,"event_name":"Tomb of Lord Red Mask","player_choice":"Ignored","floor":38.0,"gold_loss":0.0,"damage_taken":0.0},{"damage_healed":0.0,"max_hp_gain":0.0,"max_hp_loss":0.0,"gold_gain":0.0,"cards_transformed":["Expertise"],"event_name":"Transmorgrifier","player_choice":"Transformed","floor":39.0,"gold_loss":0.0,"damage_taken":0.0,"cards_obtained":["Choke"]},{"damage_healed":0.0,"max_hp_gain":0.0,"max_hp_loss":0.0,"gold_gain":0.0,"event_name":"Match and Keep!","player_choice":"2 cards matched","floor":47.0,"gold_loss":0.0,"damage_taken":0.0,"cards_obtained":["Poisoned Stab","Wraith Form v2"]}],"is_beta":false,"boss_relics":[{"not_picked":["Busted Crown","Runic Dome"],"picked":"Coffee Dripper"},{"not_picked":["Velvet Choker","Empty Cage"],"picked":"Runic Pyramid"}],"items_purged_floors":[11,22,36,54],"is_endless":false,"potions_floor_spawned":[4,8,14,18,20,27,37,44,46],"ascension_level":20}}