{"host":"fqbvzz8m91xtcrjw","time":1608268619,"event":{"mods":["BaseMod","Better Third Choice","BetterRewards","Displayed Cursed Tome","Downfall","Hermit","Highlight Path","JesterMod","Marisa????????","Minty Spire (QoL Compilation)","READ ME - Snecko Mod","Replay The Spire","Shade Mod","Spicy Shops","StSLib","The Construct","The Cursed","The Hierophant","The Runesmith","The Servant 0.9.4"],"gold_per_floor":[110,285,4,0,100,100,111,127,150,169,169,189,200,218,218,323,323,341,354,275,292,292,318,59,59,82,97,123,123,140,157,157,262,262,280,293,37,49,49,49,99,175,175,175,204,226,93,121,133,145,145],"floor_reached":50,"playtime":1528,"items_purged":["Doubt"],"score":756,"play_id":"6e6c1902-ba71-47b5-a2da-e0878877fe58","local_time":"20201217211659","daily_mods":["SealedDeck"],"is_ascension_mode":false,"campfire_choices":[{"data":"Catalyst","floor":6,"key":"SMITH"},{"data":"Dodge and Roll","floor":11,"key":"SMITH"},{"data":"Fluid Movement","floor":15,"key":"SMITH"},{"data":"Catalyst","floor":25,"key":"SMITH"},{"floor":29,"key":"REST"},{"floor":32,"key":"REST"},{"data":"Noxious Fumes","floor":40,"key":"SMITH"},{"data":"ReplayTheSpireMod:Faulty Equipment","floor":44,"key":"SMITH"},{"data":"Noxious Fumes","floor":49,"key":"SMITH"}],"circlet_count":0,"master_deck":["Slice","Poisoned Stab","Poisoned Stab","Poisoned Stab","Dodge and Roll","Cloak And Dagger","Fluid Movement+1","Poisoned Stab","Poisoned Stab","Catalyst+1","Deadly Poison+1","Dodge and Roll+1","Bouncing Flask","Venomology","Backflip","Blur+1","Noxious Fumes+1","Fluid Movement","Deadly Poison+1","Catalyst+1","Noxious Fumes+1","Corpse Explosion","Deadly Poison+1","Deadly Poison+1","Bouncing Flask+1","Languid","Overencumbered","Parasite"],"relics":["Ring of the Snake","TwistedFunnel","Anchor","Cursed Key","Pondfish Scales","MealTicket","Bag of Preparation","sneckomod:SneckoTalon","Replay:Bottled Eggs","Ring of Misfortune","Ice Cream","Replay:Accelerometer","Darkstone Periapt","MawBank","Replay:Mystery Machine"],"acts_visited":["Exordium","TheCity","TheBeyond"],"potions_floor_usage":[19,21,23,27,28,30,33,33,45,45,46,50,50],"damage_taken":[{"damage":11,"enemies":"Jaw Worm","floor":1,"turns":2},{"damage":1,"enemies":"2 Louse","floor":7,"turns":2},{"damage":0,"enemies":"Cultist","floor":8,"turns":2},{"damage":0,"enemies":"Large Slime","floor":10,"turns":2},{"damage":0,"enemies":"Gremlin Gang","floor":12,"turns":3},{"damage":0,"enemies":"Blue Slaver","floor":13,"turns":2},{"damage":0,"enemies":"Looter","floor":14,"turns":2},{"damage":8,"enemies":"The Guardian","floor":16,"turns":5},{"damage":0,"enemies":"Shell Parasite","floor":18,"turns":3},{"damage":0,"enemies":"Chosen","floor":19,"turns":3},{"damage":0,"enemies":"Snake Plant","floor":21,"turns":3},{"damage":9,"enemies":"Slavers","floor":23,"turns":5},{"damage":13,"enemies":"Centurion and Healer","floor":27,"turns":3},{"damage":16,"enemies":"Gremlin Leader","floor":28,"turns":5},{"damage":7,"enemies":"3 Cultists","floor":30,"turns":5},{"damage":0,"enemies":"Snake Plant","floor":31,"turns":3},{"damage":35,"enemies":"Automaton","floor":33,"turns":9},{"damage":1,"enemies":"Orb Walker","floor":35,"turns":2},{"damage":5,"enemies":"3 Shapes","floor":36,"turns":2},{"damage":0,"enemies":"Jaw Worm Horde","floor":38,"turns":3},{"damage":0,"enemies":"Mind Bloom Boss Battle","floor":41,"turns":3},{"damage":2,"enemies":"Nemesis","floor":45,"turns":3},{"damage":0,"enemies":"Spire Growth","floor":46,"turns":2},{"damage":0,"enemies":"Writhing Mass","floor":48,"turns":3},{"damage":75,"enemies":"Awakened One","floor":50,"turns":6}],"seed_played":"-9114274640756645855","potions_obtained":[{"floor":1,"key":"AttackPotion"},{"floor":7,"key":"Fire Potion"},{"floor":10,"key":"Elixir"},{"floor":18,"key":"Poison Potion"},{"floor":21,"key":"LiquidBronze"},{"floor":38,"key":"Swift Potion"},{"floor":46,"key":"Cursed Concoction"}],"is_trial":true,"path_per_floor":["M","?","$","?","?","R","M","M","T","M","R","M","M","M","R","B",null,"M","M","$","M","?","E","$","R","T","M","E","R","M","M","R","B",null,"M","M","$","M","?","R","?","T","T","R","E","M","?","M","R","B"],"character_chosen":"THE_SILENT","items_purchased":["TwistedFunnel","Dodge and Roll","Noxious Fumes","Catalyst","Noxious Fumes","Replay:Bottled Eggs"],"campfire_rested":2,"item_purchase_floors":[3,3,20,24,24,37],"current_hp_per_floor":[59,59,59,59,59,59,58,58,58,58,58,58,58,58,58,50,70,70,70,70,70,64,55,55,55,55,42,26,47,40,40,61,26,70,69,64,70,70,70,70,70,70,70,70,68,68,68,74,74,0,0],"gold":145,"neow_bonus":"","is_daily":false,"chose_seed":false,"campfire_upgraded":7,"win_rate":0.0,"timestamp":1608268619,"path_taken":["M","?","$","?","?","R","M","M","T","M","R","M","?","M","R","BOSS","M","M","$","M","?","E","$","R","T","M","E","R","M","M","R","BOSS","M","?","$","M","?","R","?","?","T","R","E","M","?","M","R","BOSS"],"items_purchased_type":["Relic","Card","Card","Card","Card","Relic"],"build_version":"2020-12-13","purchased_purges":1,"victory":false,"max_hp_per_floor":[70,70,70,70,70,70,70,70,70,70,70,70,70,70,70,70,70,70,70,70,70,70,70,70,70,70,70,70,70,70,70,70,70,70,70,70,70,70,70,70,70,70,70,70,70,70,70,76,76,76,76],"card_choices":[{"not_picked":["ReplayTheSpireMod:Scrap Shanks","Concentrate"],"picked":"Deadly Poison","floor":1},{"not_picked":["ReplayTheSpireMod:Scrap Shanks","Bane","ReplayTheSpireMod:Tripwire"],"picked":"SKIP","floor":7},{"not_picked":["Dash","Masterful Stab","Finisher"],"picked":"SKIP","floor":8},{"not_picked":["Footwork","PiercingWail","Blade Dance"],"picked":"SKIP","floor":10},{"not_picked":["Sneak Up","Well Laid Plans","Setup"],"picked":"SKIP","floor":12},{"not_picked":["Bane","All Out Attack"],"picked":"Bouncing Flask","floor":13},{"not_picked":["Footwork","Underhanded Strike","Finisher"],"picked":"SKIP","floor":14},{"not_picked":["Bullet Time","Die Die Die"],"picked":"Venomology","floor":16},{"not_picked":["ReplayTheSpireMod:Shiv Toss","Poisoned Stab"],"picked":"Backflip","floor":18},{"not_picked":["Dagger Throw","ReplayTheSpireMod:Tripwire"],"picked":"Blur+1","floor":19},{"not_picked":["Infinite Blades","Outmaneuver"],"picked":"Fluid Movement","floor":21},{"not_picked":["Escape Plan","Prepared+1"],"picked":"Deadly Poison","floor":23},{"not_picked":["Poisoned Stab","ReplayTheSpireMod:Exploit Weakness","Dagger Spray"],"picked":"SKIP","floor":27},{"not_picked":["Underhanded Strike","Outmaneuver+1","Malaise"],"picked":"SKIP","floor":28},{"not_picked":["Cloak And Dagger","Dagger Throw","Sucker Punch"],"picked":"SKIP","floor":30},{"not_picked":["Riddle With Holes+1","Deflect","Prepared+1"],"picked":"SKIP","floor":31},{"not_picked":["Venomology","Glass Knife"],"picked":"Corpse Explosion","floor":33},{"not_picked":["Slice","Masterful Stab+1"],"picked":"Deadly Poison","floor":35},{"not_picked":["Concentrate","Prepared","Backflip"],"picked":"SKIP","floor":36},{"not_picked":["Flying Knee","Backflip"],"picked":"Deadly Poison","floor":38},{"not_picked":["Leg Sweep+1","Flying Knee"],"picked":"Bouncing Flask+1","floor":41},{"not_picked":["After Image","Tactician","PiercingWail"],"picked":"SKIP","floor":45},{"not_picked":["Heel Hook+1","Deflect","Underhanded Strike+1"],"picked":"SKIP","floor":46},{"not_picked":["Outmaneuver+1","Flying Knee","Dagger Spray"],"picked":"SKIP","floor":48}],"player_experience":452051,"relics_obtained":[{"floor":9,"key":"Anchor"},{"floor":23,"key":"Pondfish Scales"},{"floor":26,"key":"MealTicket"},{"floor":28,"key":"Bag of Preparation"},{"floor":39,"key":"Ring of Misfortune"},{"floor":41,"key":"Ice Cream"},{"floor":42,"key":"Replay:Accelerometer"},{"floor":43,"key":"Darkstone Periapt"},{"floor":45,"key":"MawBank"}],"event_choices":[{"damage_healed":0,"gold_gain":175,"player_choice":"AGREE","damage_taken":110,"max_hp_gain":0,"max_hp_loss":0,"event_name":"betterThird:BetterSerpent","floor":2,"gold_loss":0},{"damage_healed":0,"gold_gain":0,"player_choice":"Left","damage_taken":0,"max_hp_gain":0,"max_hp_loss":0,"event_name":"betterThird:BetterGoop","floor":4,"gold_loss":4},{"damage_healed":0,"gold_gain":100,"player_choice":"Gold","damage_taken":0,"max_hp_gain":0,"max_hp_loss":0,"event_name":"Wheel of Change","floor":5,"gold_loss":0},{"damage_healed":0,"gold_gain":0,"player_choice":"","damage_taken":6,"max_hp_gain":0,"max_hp_loss":0,"event_name":"Knowing Skull","floor":22,"potions_obtained":[],"gold_loss":0,"cards_obtained":[]},{"damage_healed":0,"gold_gain":0,"player_choice":"Fight","damage_taken":0,"max_hp_gain":0,"max_hp_loss":0,"event_name":"MindBloom","floor":41,"gold_loss":0},{"damage_healed":0,"gold_gain":0,"player_choice":"Paid Gold","damage_taken":0,"relics_obtained":["Replay:Mystery Machine"],"max_hp_gain":0,"max_hp_loss":0,"event_name":"WeMeetAgain","floor":47,"gold_loss":145}],"is_beta":false,"boss_relics":[{"not_picked":["Replay:Wanted Poster","Snecko Eye"],"picked":"Cursed Key"},{"not_picked":["Abe\u0027s Treasure","Calling Bell"],"picked":"sneckomod:SneckoTalon"}],"items_purged_floors":[3],"is_endless":true,"potions_floor_spawned":[1,7,10,13,16,18,21,23,28,30,38,46],"killed_by":"Awakened One","ascension_level":0}}