{"host":"15ff3ltgpietarej","time":1608267225,"event":{"mods":["BaseMod","Downfall","Highlight Path","Minty Spire (QoL Compilation)","StSLib"],"gold_per_floor":[99,118,183,108,121,150,150,150,150],"floor_reached":8,"playtime":281,"items_purged":[],"score":59,"play_id":"fc25c848-e25a-4a58-8364-ec966f239b2a","local_time":"20201218055345","is_ascension_mode":true,"campfire_choices":[{"floor":1,"key":"RECALL"},{"floor":4,"key":"REST"}],"circlet_count":0,"master_deck":["Slimebound:Strike_Slimebound","Slimebound:Strike_Slimebound","Slimebound:Strike_Slimebound","Slimebound:Tackle","Slimebound:Defend_Slimebound","Slimebound:Defend_Slimebound","Slimebound:Defend_Slimebound","Slimebound:Defend_Slimebound","Slimebound:Split+1","Slimebound:CorrosiveSpit","Slimebound:AcidTongue","Slimebound:MegaLick","Slimebound:Dissolve","Slimebound:RainOfGoop"],"relics":["Slimebound:AbsorbEndCombat","Smiling Mask","downfall:HeartBlessingRed","Boot","Ornamental Fan"],"acts_visited":["Exordium"],"potions_floor_usage":[6],"damage_taken":[{"damage":15,"enemies":"2 Louse","floor":2,"turns":2},{"damage":59,"enemies":"Lagavulin Event","floor":3,"turns":7},{"damage":11,"enemies":"Small Slimes","floor":5,"turns":3},{"damage":25,"enemies":"Gremlin Nob","floor":6,"turns":4},{"damage":18,"enemies":"3 Sentries","floor":8,"turns":3}],"seed_played":"-8398912097032229503","potions_obtained":[{"floor":5,"key":"Block Potion"},{"floor":6,"key":"Energy Potion"}],"is_trial":false,"path_per_floor":["R","M","?","R","M","E","T","E"],"character_chosen":"SLIMEBOUND","items_purchased":[],"campfire_rested":1,"item_purchase_floors":[],"current_hp_per_floor":[60,55,14,32,33,22,22,8,8],"gold":150,"neow_bonus":"UPGRADE_CARD","is_daily":false,"chose_seed":false,"campfire_upgraded":0,"win_rate":0.0,"timestamp":1608267225,"path_taken":["R","M","?","R","M","E","T","E"],"items_purchased_type":[],"build_version":"2020-12-13","purchased_purges":0,"victory":false,"max_hp_per_floor":[60,60,60,60,60,60,60,60,60],"card_choices":[{"not_picked":["Slimebound:SplitMire","Slimebound:GrowthPunch"],"picked":"Slimebound:AcidTongue","floor":2},{"not_picked":["Slimebound:DivideAndConquer","Slimebound:Schlurp"],"picked":"Slimebound:MegaLick","floor":3},{"not_picked":["Slimebound:SplitLeeching","Slimebound:ForwardTackle"],"picked":"Slimebound:Dissolve","floor":5},{"not_picked":["Slimebound:PressTheAttack","Slimebound:FinishingTackle"],"picked":"Slimebound:RainOfGoop","floor":6}],"player_experience":394344,"relics_obtained":[{"floor":3,"key":"Smiling Mask"},{"floor":6,"key":"Boot"},{"floor":7,"key":"Ornamental Fan"}],"event_choices":[],"is_beta":false,"boss_relics":[],"items_purged_floors":[],"is_endless":false,"potions_floor_spawned":[5,6],"killed_by":"3 Sentries","ascension_level":2}}