{"host":"qw1m3zcvi888b4j7","time":1608321583,"event":{"mods":["AchievementEnabler","Act Like it!","BaseMod","Best Route Mod","Block Reminder","Colored Map","Colored Powertips","Curses Come First","DeckTracker","Hermit","Highlight Path","Hubris","Minty Spire (QoL Compilation)","Quick Restart","Rare Cards Sparkle","Relic Sorter","Relic Stats","Replay The Spire","StSLib","SuperFastMode","The Blue Laboratory","The Cursed","everything is the same but u backflip on backflip"],"gold_per_floor":[111,126,57,57,57,57,92,92,115,126,126,136,146,161,161,161,161],"floor_reached":16,"playtime":739,"items_purged":[],"score":102,"play_id":"75e8f594-1683-4235-8732-bec1500fa6c4","local_time":"20201218205943","is_ascension_mode":false,"campfire_choices":[{"floor":6.0,"key":"RECALL"},{"data":"hermit:GoldenBullet","floor":8,"key":"SMITH"},{"data":"hermit:TakeAim","floor":11,"key":"SMITH"},{"data":"hermit:LoneWolf","floor":15,"key":"SMITH"}],"circlet_count":0,"master_deck":["hermit:Strike_Hermit+1","hermit:Strike_Hermit","hermit:Strike_Hermit","hermit:Strike_Hermit","hermit:Defend_Hermit+1","hermit:Defend_Hermit","hermit:Defend_Hermit","hermit:Defend_Hermit","hermit:Snapshot","hermit:Covet","hermit:TakeAim+1","hermit:Horror","Decay","hermit:HoleUp","hermit:GoldenBullet+1","hermit:LoneWolf+1","hermit:GoldenBullet","hermit:Virtue","hermit:LuckOfTheDraw"],"relics":["hermit:Momento","ReplayTheSpireMod:CursedCoin","ReplayTheSpireMod:Lightbulb","Pen Nib"],"acts_visited":["Exordium"],"potions_floor_usage":[16,16,16],"damage_taken":[{"damage":1.0,"enemies":"Cultist","floor":1.0,"turns":3.0},{"damage":2.0,"enemies":"Small Slimes","floor":2.0,"turns":4.0},{"damage":14.0,"enemies":"Replay:BlueRogue","floor":7.0,"turns":7.0},{"damage":0,"enemies":"Jaw Worm","floor":10,"turns":3},{"damage":5,"enemies":"2 Fungi Beasts","floor":12,"turns":5},{"damage":11,"enemies":"Lots of Slimes","floor":13,"turns":3},{"damage":0,"enemies":"Gremlin Gang","floor":14,"turns":4},{"damage":34,"enemies":"The Guardian","floor":16,"turns":5}],"seed_played":"-5005036340241707080","potions_obtained":[{"floor":2.0,"key":"blueLaboratory:NullPotion"},{"floor":12,"key":"Dexterity Potion"},{"floor":13,"key":"Milkshake"}],"is_trial":false,"path_per_floor":["M","M","$","?","?","R","E","R","T","M","R","M","M","M","R","B"],"character_chosen":"HERMIT","items_purchased":["ReplayTheSpireMod:CursedCoin","ReplayTheSpireMod:Lightbulb","hermit:HoleUp"],"campfire_rested":0,"item_purchase_floors":[3,3,3],"current_hp_per_floor":[81,79,79,63,63,63,49,49,49,49,49,44,33,33,33,0,0],"gold":161,"neow_bonus":"TEN_PERCENT_HP_BONUS","is_daily":false,"chose_seed":false,"campfire_upgraded":3,"win_rate":0.0,"timestamp":1608321583,"path_taken":["M","?","$","?","?","R","E","R","T","?","R","M","M","M","R","BOSS"],"items_purchased_type":["Relic","Relic","Card"],"build_version":"2020-12-13","purchased_purges":0,"victory":false,"max_hp_per_floor":[82,82,82,82,82,82,82,82,82,82,82,82,82,82,82,82,82],"relic_stats":{"counters":[8,34],"Pen Nib":[2],"obtain_stats":[{"ReplayTheSpireMod:CursedCoin":3,"Pen Nib":7,"ReplayTheSpireMod:Lightbulb":3,"hermit:Momento":0},{"ReplayTheSpireMod:CursedCoin":2,"Pen Nib":3,"ReplayTheSpireMod:Lightbulb":2,"hermit:Momento":0},{"ReplayTheSpireMod:CursedCoin":7,"Pen Nib":14,"ReplayTheSpireMod:Lightbulb":7,"hermit:Momento":0}]},"card_choices":[{"not_picked":["hermit:Desperado","hermit:HoleUp"],"picked":"hermit:TakeAim","floor":1.0},{"not_picked":["hermit:EyeOfTheStorm","hermit:LowProfile"],"picked":"hermit:Horror","floor":2.0},{"not_picked":["hermit:Purgatory","hermit:GhostlyPresence"],"picked":"hermit:GoldenBullet","floor":7},{"not_picked":["hermit:PistolWhip","hermit:LowProfile"],"picked":"hermit:LoneWolf","floor":10},{"not_picked":["hermit:Feint","hermit:Grudge"],"picked":"hermit:GoldenBullet","floor":12},{"not_picked":["hermit:CalledShot","hermit:Deadeye"],"picked":"hermit:Virtue","floor":13},{"not_picked":["hermit:CalledShot","hermit:Showdown"],"picked":"hermit:LuckOfTheDraw","floor":14}],"player_experience":114112,"relics_obtained":[{"floor":7,"key":"Pen Nib"}],"event_choices":[{"damage_healed":0.0,"max_hp_gain":0.0,"max_hp_loss":0.0,"gold_gain":0.0,"event_name":"Shining Light","player_choice":"Entered Light","floor":4.0,"gold_loss":0.0,"damage_taken":16.0,"cards_upgraded":["hermit:Strike_Hermit","hermit:Defend_Hermit"]},{"damage_healed":0.0,"max_hp_gain":0.0,"max_hp_loss":0.0,"gold_gain":0.0,"event_name":"NoteForYourself","player_choice":"Ignored","floor":5.0,"gold_loss":0.0,"damage_taken":0.0}],"is_beta":false,"boss_relics":[],"items_purged_floors":[],"is_endless":false,"potions_floor_spawned":[2,12,13],"killed_by":"The Guardian","ascension_level":0}}