{"host":"vxxgntm1odai56nh","time":1608317537,"event":{"mods":["AchievementEnabler","BaseMod","Colored Map","Colored Powertips","Highlight Path","Minty Spire (QoL Compilation)","Permanent Neow","Rare Cards Sparkle","Relic Stats","StSLib"],"gold_per_floor":[362,374,374,47,60,88,104,104,131,131,157,157,188,375,387,499,511,537,568,580,621,633,633],"floor_reached":22,"playtime":1044,"items_purged":["Defend_B"],"score":235,"play_id":"8273a76c-bd54-44d4-9ff1-f9f66001785a","local_time":"20201218135217","is_ascension_mode":true,"campfire_choices":[{"data":"Apotheosis","floor":8,"key":"SMITH"},{"floor":10,"key":"REST"},{"floor":15,"key":"REST"}],"circlet_count":0,"master_deck":["Strike_B","Strike_B","Strike_B","Defend_B","Defend_B","Defend_B","Zap","Dualcast","Go for the Eyes","Apotheosis+1","Cold Snap","FTL","Darkness","Core Surge","Redo","Coolheaded","Amplify","White Noise","Doubt","Echo Form","Compile Driver","BootSequence","Skim+1"],"relics":["Cracked Core","PreservedInsect","Dream Catcher","Smiling Mask","MawBank","Philosopher\u0027s Stone","Toy Ornithopter","Red Mask"],"acts_visited":["Exordium","TheCity"],"potions_floor_usage":[12,19,22],"damage_taken":[{"damage":15,"enemies":"Small Slimes","floor":1,"turns":4},{"damage":1,"enemies":"Cultist","floor":2,"turns":3},{"damage":0,"enemies":"2 Louse","floor":5,"turns":2},{"damage":7,"enemies":"Lagavulin","floor":6,"turns":5},{"damage":7,"enemies":"2 Fungi Beasts","floor":7,"turns":4},{"damage":2,"enemies":"Gremlin Nob","floor":11,"turns":3},{"damage":0,"enemies":"Lots of Slimes","floor":12,"turns":1},{"damage":12,"enemies":"3 Sentries","floor":13,"turns":6},{"damage":22,"enemies":"The Guardian","floor":16,"turns":8},{"damage":3,"enemies":"Chosen","floor":18,"turns":4},{"damage":29,"enemies":"2 Thieves","floor":19,"turns":4},{"damage":28,"enemies":"Masked Bandits","floor":21,"turns":5},{"damage":29,"enemies":"Centurion and Healer","floor":22,"turns":4}],"seed_played":"8763691976986076599","potions_obtained":[{"floor":1,"key":"SmokeBomb"},{"floor":2,"key":"Ancient Potion"},{"floor":11,"key":"FocusPotion"},{"floor":18,"key":"SteroidPotion"},{"floor":19,"key":"Fire Potion"}],"is_trial":false,"path_per_floor":["M","M","?","$","M","E","M","R","T","R","E","M","E","?","R","B",null,"M","M","?","?","M"],"character_chosen":"DEFECT","items_purchased":["Apotheosis","Cold Snap","FTL"],"campfire_rested":2,"item_purchase_floors":[4,4,4],"current_hp_per_floor":[39,38,38,38,38,31,24,24,24,46,44,44,32,32,54,32,75,72,43,43,15,0,0],"gold":633,"neow_bonus":"TWO_FIFTY_GOLD","is_daily":false,"chose_seed":false,"campfire_upgraded":1,"win_rate":0.0,"timestamp":1608317537,"path_taken":["M","M","?","$","M","E","M","R","T","R","E","?","E","?","R","BOSS","M","M","?","?","M"],"items_purchased_type":["Card","Card","Card"],"build_version":"2020-12-13","purchased_purges":1,"victory":false,"max_hp_per_floor":[75,75,75,75,75,75,75,75,75,75,75,75,75,75,75,75,75,75,75,75,75,75,75],"relic_stats":{"Dream Catcher":2,"counters":[13,53],"PreservedInsect":52,"Smiling Mask":0,"MawBank":108,"obtain_stats":[{"Dream Catcher":9,"Philosopher\u0027s Stone":17,"PreservedInsect":6,"Red Mask":21,"Cracked Core":0,"Smiling Mask":11,"MawBank":13,"Toy Ornithopter":20},{"Dream Catcher":5,"Philosopher\u0027s Stone":9,"PreservedInsect":4,"Red Mask":12,"Cracked Core":0,"Smiling Mask":6,"MawBank":8,"Toy Ornithopter":11},{"Dream Catcher":18,"Philosopher\u0027s Stone":36,"PreservedInsect":14,"Red Mask":49,"Cracked Core":0,"Smiling Mask":21,"MawBank":28,"Toy Ornithopter":44}],"Toy Ornithopter":5},"card_choices":[{"not_picked":["Aggregate","Chaos"],"picked":"Go for the Eyes","floor":1},{"not_picked":["Go for the Eyes","Turbo","Static Discharge"],"picked":"SKIP","floor":2},{"not_picked":["Stack","Sunder"],"picked":"Darkness","floor":5},{"not_picked":["Cold Snap","Steam Power"],"picked":"Core Surge","floor":6},{"not_picked":["Turbo","Go for the Eyes"],"picked":"Redo","floor":7},{"not_picked":["Go for the Eyes","FTL"],"picked":"Coolheaded","floor":10},{"not_picked":["Redo","Rebound"],"picked":"Amplify","floor":11},{"not_picked":["Storm","Reprogram"],"picked":"White Noise","floor":13},{"not_picked":["Reboot","Thunder Strike"],"picked":"Echo Form","floor":16},{"not_picked":["Melter","Rebound"],"picked":"Compile Driver","floor":18},{"not_picked":["Chill","Turbo"],"picked":"BootSequence","floor":19},{"not_picked":["Gash","Coolheaded"],"picked":"Skim+1","floor":21}],"player_experience":123714,"relics_obtained":[{"floor":6,"key":"PreservedInsect"},{"floor":9,"key":"Dream Catcher"},{"floor":11,"key":"Smiling Mask"},{"floor":13,"key":"MawBank"},{"floor":21,"key":"Red Mask"}],"event_choices":[{"cards_removed":["Strike_B"],"damage_healed":0,"gold_gain":0,"player_choice":"Purged","damage_taken":0,"max_hp_gain":0,"max_hp_loss":0,"event_name":"Purifier","floor":3,"gold_loss":0},{"damage_healed":0,"gold_gain":175,"player_choice":"AGREE","damage_taken":0,"max_hp_gain":0,"max_hp_loss":0,"event_name":"Liars Game","floor":14,"gold_loss":0,"cards_obtained":["Doubt"]},{"damage_healed":0,"gold_gain":0,"player_choice":"Opened","damage_taken":0,"relics_obtained":["Toy Ornithopter"],"max_hp_gain":0,"max_hp_loss":0,"event_name":"The Mausoleum","floor":20,"gold_loss":0},{"damage_healed":0,"gold_gain":0,"player_choice":"Fought Bandits","damage_taken":0,"max_hp_gain":0,"max_hp_loss":0,"event_name":"Masked Bandits","floor":21,"gold_loss":0}],"is_beta":false,"boss_relics":[{"not_picked":["Sozu","FrozenCore"],"picked":"Philosopher\u0027s Stone"}],"items_purged_floors":[4],"is_endless":false,"potions_floor_spawned":[1,2,11,12,18,19],"killed_by":"Centurion and Healer","ascension_level":3}}