{"host":"byu8oejwd0fdcxn8","time":1608278882,"event":{"mods":["Act Like it!","Arknights The Spire","BaseMod","Custom Start","Friendly Minions","Hermit","Minty Spire (QoL Compilation)","StSLib"],"gold_per_floor":[116,126,137,153,167,167,167,132,214,214,25,25,25,42,42,42,42],"floor_reached":16,"playtime":621,"items_purged":[],"score":92,"play_id":"88a2821e-041a-4808-a177-557b2e90ad01","local_time":"20201218170802","is_ascension_mode":false,"campfire_choices":[{"data":"ats:Just Like an Apocalypse","floor":15,"key":"SMITH"}],"circlet_count":0,"master_deck":["ats:Powerful Strike","ats:Powerful Strike+1","ats:Powerful Strike","ats:Armor Crushing Shot","ats:Defend Up","ats:Defend Up","ats:Defend Up","ats:Defend Up","ats:Emotion Absorption","ats:Emotion Absorption","ats:Just Like an Apocalypse+1","ats:Thorns","ats:Rapid Magazine+1","ats:Rat Pack","ats:Revitalization","ats:Composite Medical Shells","ats:Thorns"],"relics":["ats:Sanity","WingedGreaves","ats:Originium","ats:Originium","Bottled Lightning","ats:Originium","Happy Flower"],"acts_visited":["Exordium"],"potions_floor_usage":[5,16,16],"damage_taken":[{"damage":2,"enemies":"Small Slimes","floor":1,"turns":3},{"damage":5,"enemies":"2 Louse","floor":2,"turns":4},{"damage":4,"enemies":"Cultist","floor":3,"turns":4},{"damage":31,"enemies":"Large Slime","floor":4,"turns":10},{"damage":23,"enemies":"Lots of Slimes","floor":5,"turns":6},{"damage":13,"enemies":"2 Fungi Beasts","floor":14,"turns":6},{"damage":60,"enemies":"Hexaghost","floor":16,"turns":15}],"seed_played":"-3047988225254032163","potions_obtained":[{"floor":2,"key":"FearPotion"},{"floor":3,"key":"SpeedPotion"},{"floor":4,"key":"Block Potion"},{"floor":14,"key":"FairyPotion"}],"is_trial":false,"path_per_floor":["M","M","M","M","M","R","R","?","T","R","$","?","?","M","R","B"],"character_chosen":"DOCTOR_CLASS","items_purchased":["Happy Flower","ats:Composite Medical Shells"],"campfire_rested":0,"item_purchase_floors":[11,11],"current_hp_per_floor":[70,67,65,40,21,21,21,39,39,39,39,25,25,19,19,0,0],"gold":42,"neow_bonus":"ONE_RARE_RELIC","is_daily":false,"chose_seed":false,"campfire_upgraded":1,"win_rate":0.0,"timestamp":1608278882,"path_taken":["M","M","M","M","M","R","R","?","T","R","$","?","?","?","R","BOSS"],"items_purchased_type":["Relic","Card"],"build_version":"2020-12-13","purchased_purges":0,"victory":false,"max_hp_per_floor":[72,72,72,72,72,72,72,72,72,72,72,72,72,72,72,72,72],"card_choices":[{"not_picked":["ats:Consecutive Shot: Auto","ats:Curse Doll"],"picked":"ats:Just Like an Apocalypse","floor":1},{"not_picked":["ats:Sunburst","ats:Explosion Area Strengthen"],"picked":"ats:Thorns","floor":2},{"not_picked":["ats:Cat Scratch","ats:Attack Strengthen"],"picked":"ats:Rapid Magazine","floor":3},{"not_picked":["ats:Curse Doll","ats:Cat Scratch"],"picked":"ats:Rat Pack","floor":4},{"not_picked":["ats:Magnetic Hammer","ats:Attack Strengthen"],"picked":"ats:Revitalization","floor":5},{"not_picked":["ats:Consecutive Shot: Auto","ats:Thermite Blade"],"picked":"ats:Thorns","floor":14}],"player_experience":1058478,"relics_obtained":[{"floor":6,"key":"ats:Originium"},{"floor":7,"key":"ats:Originium"},{"floor":9,"key":"Bottled Lightning"},{"floor":10,"key":"ats:Originium"}],"event_choices":[{"damage_healed":18,"gold_gain":0,"player_choice":"Healed","damage_taken":0,"max_hp_gain":0,"max_hp_loss":0,"event_name":"The Cleric","floor":8,"gold_loss":35},{"damage_healed":0,"gold_gain":0,"player_choice":"Entered Light","damage_taken":14,"max_hp_gain":0,"max_hp_loss":0,"event_name":"Shining Light","floor":12,"gold_loss":0,"cards_upgraded":["ats:Powerful Strike","ats:Rapid Magazine"]},{"cards_removed":["Injury"],"damage_healed":0,"gold_gain":0,"player_choice":"Purged","damage_taken":0,"max_hp_gain":0,"max_hp_loss":0,"event_name":"Purifier","floor":13,"gold_loss":0}],"is_beta":false,"boss_relics":[],"items_purged_floors":[],"is_endless":false,"potions_floor_spawned":[2,3,4,14],"killed_by":"Hexaghost","ascension_level":0}}