{"host":"njruw0b0uprlitpx","time":1608262888,"event":{"mods":["2.2 Compatiblity","BaseMod","Better Altar","Better Note","Better Sensory Stone","Better Skull","Better Third Choice","BetterRewards","Block Reminder","Colored Map","Colored Powertips","Jedi Mod","Keyboard Shortcuts","Minty Spire (QoL Compilation)","Quick Restart","Relic Stats","Replay The Spire","SacredBarkPlus","Spicy Shops","StSLib","SuperFastMode","The Dragonkin","Wandering Minibosses"],"gold_per_floor":[137,164,17,17,17,57,79,79,115,150,176,176,176,176,208,246,246,364,364,401,437,472,498,70,70,107,151,177,177,5,47,47,84,84,223,223,274,4,54,5,5,5,5,5,32,77,77,77,77,120,120,150],"floor_reached":53,"playtime":2287,"items_purged":["Strike_G","Defend_G","Strike_G"],"score":948,"play_id":"e3c429e6-28c5-4584-951a-690862c01462","local_time":"20201217214128","is_ascension_mode":false,"campfire_choices":[{"data":"jedi:collectorvenom","floor":8.0,"key":"SMITH"},{"data":"Neutralize","floor":12.0,"key":"SMITH"},{"data":"Footwork","floor":14.0,"key":"SMITH"},{"floor":17.0,"key":"REST"},{"floor":25,"key":"REST"},{"data":"Wraith Form v2","floor":29,"key":"SMITH"},{"floor":32,"key":"REST"},{"data":"Burst","floor":34,"key":"SMITH"},{"data":"ReplayTheSpireMod:Brewmster","floor":42,"key":"SMITH"},{"data":"Discovery","floor":44,"key":"SMITH"},{"floor":48,"key":"REST"},{"floor":51,"key":"REST"}],"circlet_count":0,"master_deck":["Strike_G","Strike_G","Strike_G","Defend_G","Defend_G","Defend_G","Defend_G","Survivor","Neutralize+1","Noxious Fumes","Replay:Poison Smokescreen","jedi:collectorvenom+1","Footwork+1","Backstab","Poisoned Stab","Backflip","Wraith Form v2+1","Burst+1","Bouncing Flask+1","Flying Knee","Terror","Well Laid Plans","Bane","Draining Mist","Dash","Bouncing Flask","Phantasmal Killer+1","Discovery+1","ReplayTheSpireMod:Brewmster+1","Toxin Wave+1","Noxious Fumes+1"],"relics":["Ring of the Snake","Counterbalance","Replay:Wax Seal","Replay:Bandana","Vajra","FaceOfCleric","Ring of Chaos","White Beast Statue","Omamori","Pet Ghost","Velvet Choker","BargainBundle","DollysMirror","Orichalcum"],"acts_visited":["Exordium","TheCity","TheBeyond"],"potions_floor_usage":[18,18,31,31,35,35,46,52,52,52,52,52,52],"damage_taken":[{"damage":4.0,"enemies":"Cultist","floor":1.0,"turns":5.0},{"damage":6.0,"enemies":"2 Louse","floor":2.0,"turns":3.0},{"damage":0.0,"enemies":"Small Slimes","floor":6.0,"turns":3.0},{"damage":3.0,"enemies":"Exordium Thugs","floor":7.0,"turns":4.0},{"damage":5.0,"enemies":"Large Slime","floor":9.0,"turns":5.0},{"damage":0.0,"enemies":"3 Louse","floor":10.0,"turns":3.0},{"damage":4.0,"enemies":"Red Slaver","floor":15.0,"turns":2.0},{"damage":7.0,"enemies":"Large Slime","floor":16.0,"turns":7.0},{"damage":17,"enemies":"Hexaghost","floor":18,"turns":7},{"damage":11,"enemies":"3 Byrds","floor":20,"turns":6},{"damage":5,"enemies":"Shell Parasite","floor":21,"turns":6},{"damage":3,"enemies":"Snecko","floor":22,"turns":4},{"damage":5,"enemies":"Cultist and Chosen","floor":23,"turns":7},{"damage":7,"enemies":"Chosen and Byrds","floor":26,"turns":6},{"damage":6,"enemies":"Centurion and Healer","floor":27,"turns":7},{"damage":29,"enemies":"Slavers","floor":31,"turns":6},{"damage":0,"enemies":"Snecko","floor":33,"turns":4},{"damage":20,"enemies":"Automaton","floor":35,"turns":10},{"damage":0,"enemies":"3 Shapes","floor":37,"turns":2},{"damage":3,"enemies":"3 Darklings","floor":39,"turns":5},{"damage":22,"enemies":"Jaw Worm Horde","floor":46,"turns":6},{"damage":22,"enemies":"Sphere and 2 Shapes","floor":50,"turns":5},{"damage":62,"enemies":"Donu and Deca","floor":52,"turns":8}],"seed_played":"-7173600778232006742","potions_obtained":[{"floor":6.0,"key":"Regen Potion"},{"floor":7.0,"key":"Dexterity Potion"},{"floor":10.0,"key":"DuplicationPotion"},{"floor":23,"key":"CunningPotion"},{"floor":26,"key":"DuplicationPotion"},{"floor":31,"key":"SkillPotion"},{"floor":33,"key":"LifebloodPotion"},{"floor":35,"key":"EssenceOfSteel"},{"floor":37,"key":"Poison Potion"},{"floor":39,"key":"Ancient Potion"}],"is_trial":false,"path_per_floor":["M","M","$","PTL","PTL","M","M","R","M","M","T","R","?","R","M","M","R","B",null,"M","M","M","M","$","R","M","M","T","R","$","E","R","M","R","B",null,"M","$","M","$","?","R","?","R","T","M","?","R","?","M","R","B",null],"character_chosen":"THE_SILENT","items_purchased":["PowerPotion","Noxious Fumes","Replay:Wax Seal","Replay:Bandana","Footwork","Backstab","PowerPotion","Flying Knee","White Beast Statue","Well Laid Plans","BargainBundle","Dash","Bouncing Flask","DollysMirror","PowerPotion","Phantasmal Killer"],"campfire_rested":5,"item_purchase_floors":[0,0,0,0,3,3,24,24,24,30,38,38,38,38,38,40],"current_hp_per_floor":[66,60,60,60,60,60,69,69,64,64,64,64,64,64,61,55,72,56,73,63,59,57,53,53,76,70,65,65,65,65,37,61,62,62,43,82,83,83,81,81,81,81,81,81,81,60,60,85,85,64,86,25],"gold":150,"neow_bonus":"","is_daily":false,"chose_seed":false,"campfire_upgraded":7,"win_rate":0.0,"timestamp":1608262888,"path_taken":["M","M","$","PTL","PTL","M","?","R","M","M","T","R","?","R","?","M","R","BOSS","M","M","?","M","$","R","M","M","T","R","$","E","R","M","R","BOSS","M","$","M","$","?","R","?","R","T","?","?","R","?","M","R","BOSS"],"items_purchased_type":["Potion","Card","Relic","Relic","Card","Card","Potion","Card","Relic","Card","Relic","Card","Card","Relic","Potion","Card"],"build_version":"2020-12-13","purchased_purges":3,"victory":true,"max_hp_per_floor":[70,70,70,70,70,70,70,70,70,70,70,70,70,70,71,72,72,73,73,74,75,76,77,77,77,78,79,79,79,79,80,80,81,81,82,82,83,83,84,84,84,84,84,84,84,85,85,85,85,86,86,87],"relic_stats":{"FaceOfCleric":17,"counters":[66,314],"Orichalcum":[42],"obtain_stats":[{"Ice Cream":38,"Divine Protection":45,"jedi:zontanonomicon":29,"Vajra":11,"Sling":0,"Boot":26,"Replay:Ringing Soul":16,"FaceOfCleric":13,"DollysMirror":23,"jedi:firstaidkit":27,"Sundial":14,"Philosopher\u0027s Stone":19,"Vampire_Amulet":0,"Fusion Hammer":36,"Toxic Egg 2":10,"Replay:Wax Seal":0,"Replay:Bottled Steam":19,"Happy Flower":39,"ReplayTheSpireMod:CursedCoin":19,"Counterbalance":2,"Replay:Grab Bag":19,"Velvet Choker":17,"Eternal Feather":26,"Ring of Chaos":19,"War Paint":33,"Akabeko":28,"jedi:heavyjacket":45,"ReplayTheSpireMod:TigerMarble":9,"StrikeDummy":50,"Meat on the Bone":12,"Bag of Preparation":39,"Cursed Key":36,"Pet Ghost":31,"Replay:Bandana":24,"Pantograph":12,"Gambling Chip":41,"jedi:matchstick":42,"Red Mask":33,"Replay:Bottled Eggs":8,"InkBottle":47,"Runic Pyramid":19,"Ring of the Snake":0,"Gremlin Food":0,"BargainBundle":39,"PreservedInsect":19,"Omamori":28,"jedi:crownofsimplicity":50,"Orichalcum":45,"Replay:Arrowhead":39,"White Beast Statue":24,"Calling Bell":19,"ChewingGum":19,"FossilizedHelix":19,"wanderingMiniBosses:Inkheart":30},{"Ice Cream":15,"Divine Protection":16,"jedi:zontanonomicon":11,"Vajra":49,"Sling":20,"Boot":32,"Replay:Ringing Soul":4,"FaceOfCleric":49,"DollysMirror":8,"jedi:firstaidkit":11,"Sundial":27,"Philosopher\u0027s Stone":5,"Vampire_Amulet":0,"Fusion Hammer":13,"Toxic Egg 2":25,"Replay:Wax Seal":43,"Replay:Bottled Steam":5,"Happy Flower":15,"ReplayTheSpireMod:CursedCoin":29,"Counterbalance":1,"Replay:Grab Bag":5,"Velvet Choker":28,"Eternal Feather":10,"Ring of Chaos":52,"War Paint":34,"Akabeko":11,"jedi:heavyjacket":40,"ReplayTheSpireMod:TigerMarble":3,"StrikeDummy":19,"Meat on the Bone":26,"Bag of Preparation":15,"Cursed Key":35,"Pet Ghost":59,"Replay:Bandana":32,"Pantograph":4,"Gambling Chip":38,"jedi:matchstick":39,"Red Mask":12,"Replay:Bottled Eggs":3,"InkBottle":18,"Runic Pyramid":5,"Ring of the Snake":0,"Gremlin Food":20,"BargainBundle":15,"PreservedInsect":5,"Omamori":58,"jedi:crownofsimplicity":42,"Orichalcum":63,"Replay:Arrowhead":37,"White Beast Statue":56,"Calling Bell":5,"ChewingGum":5,"FossilizedHelix":5,"wanderingMiniBosses:Inkheart":34},{"Ice Cream":61,"Divine Protection":65,"jedi:zontanonomicon":45,"Vajra":216,"Sling":82,"Boot":140,"Replay:Ringing Soul":13,"FaceOfCleric":216,"DollysMirror":32,"jedi:firstaidkit":45,"Sundial":110,"Philosopher\u0027s Stone":19,"Vampire_Amulet":0,"Fusion Hammer":54,"Toxic Egg 2":101,"Replay:Wax Seal":193,"Replay:Bottled Steam":19,"Happy Flower":61,"ReplayTheSpireMod:CursedCoin":124,"Counterbalance":3,"Replay:Grab Bag":19,"Velvet Choker":118,"Eternal Feather":41,"Ring of Chaos":232,"War Paint":153,"Akabeko":45,"jedi:heavyjacket":180,"ReplayTheSpireMod:TigerMarble":11,"StrikeDummy":76,"Meat on the Bone":107,"Bag of Preparation":61,"Cursed Key":160,"Pet Ghost":274,"Replay:Bandana":140,"Pantograph":13,"Gambling Chip":171,"jedi:matchstick":176,"Red Mask":48,"Replay:Bottled Eggs":11,"InkBottle":72,"Runic Pyramid":19,"Ring of the Snake":0,"Gremlin Food":82,"BargainBundle":61,"PreservedInsect":19,"Omamori":268,"jedi:crownofsimplicity":186,"Orichalcum":295,"Replay:Arrowhead":168,"White Beast Statue":255,"Calling Bell":19,"ChewingGum":19,"FossilizedHelix":19,"wanderingMiniBosses:Inkheart":153}],"Ring of the Snake":[46]},"card_choices":[{"not_picked":["Blade Dance","Caltrops"],"picked":"Replay:Poison Smokescreen","floor":1.0},{"not_picked":["Heel Hook","Outmaneuver"],"picked":"jedi:collectorvenom","floor":2.0},{"not_picked":["jedi:collectorvenom","PiercingWail"],"picked":"Poisoned Stab","floor":6.0},{"not_picked":["Dagger Throw","Deadly Poison"],"picked":"jedi:collectorvenom","floor":7.0},{"not_picked":["Calculated Gamble","jedi:collectorvenom+1"],"picked":"Backflip","floor":9.0},{"not_picked":["Dodge and Roll","Quick Slash"],"picked":"jedi:collectorvenom+1","floor":10.0},{"not_picked":["jedi:collectorvenom+1","Predator"],"picked":"Wraith Form v2","floor":15.0},{"not_picked":["Slice","ReplayTheSpireMod:Exploit Weakness"],"picked":"jedi:collectorvenom+1","floor":16.0},{"not_picked":["jedi:collectorvenom+1","Replay:Bag of Tricks"],"picked":"Burst","floor":18},{"not_picked":["PiercingWail","jedi:collectorvenom+1","Deadly Poison"],"picked":"SKIP","floor":20},{"not_picked":["PiercingWail","Deadly Poison"],"picked":"jedi:collectorvenom+1","floor":20},{"not_picked":["Deflect","Dagger Spray"],"picked":"jedi:collectorvenom+1","floor":21},{"not_picked":["jedi:collectorvenom","Sucker Punch"],"picked":"jedi:collectorvenom+1","floor":22},{"not_picked":["jedi:collectorvenom+1","Quick Slash"],"picked":"Bouncing Flask+1","floor":23},{"not_picked":["Riddle With Holes+1","Slice"],"picked":"jedi:collectorvenom+1","floor":26},{"not_picked":["jedi:collectorvenom+1","Footwork+1"],"picked":"Terror","floor":27},{"not_picked":["Underhanded Strike","Cloak And Dagger"],"picked":"jedi:collectorvenom+1","floor":31},{"not_picked":["jedi:collectorvenom+1","Acrobatics"],"picked":"Bane","floor":33},{"not_picked":["jedi:collectorvenom+1","Wraith Form v2"],"picked":"Bullet Time","floor":35},{"not_picked":["jedi:collectorvenom+1","Deflect"],"picked":"Draining Mist","floor":37},{"not_picked":["Flying Knee","PiercingWail"],"picked":"jedi:collectorvenom+1","floor":39},{"not_picked":["Replay:Sssssssssshield","Flash of Steel"],"picked":"Discovery","floor":41},{"not_picked":["Violence","PanicButton"],"picked":"ReplayTheSpireMod:Brewmster","floor":41},{"not_picked":["jedi:collectorvenom+1","PiercingWail+1"],"picked":"Toxin Wave+1","floor":46},{"not_picked":["jedi:collectorvenom+1","Fluid Movement+1"],"picked":"Noxious Fumes+1","floor":50}],"player_experience":1012506,"relics_obtained":[{"floor":11.0,"key":"Vajra"},{"floor":28,"key":"Omamori"},{"floor":31,"key":"Pet Ghost"},{"floor":45,"key":"Orichalcum"}],"event_choices":[{"damage_healed":0.0,"max_hp_gain":0.0,"max_hp_loss":0.0,"gold_gain":0.0,"event_name":"FaceTrader","player_choice":"Trade","floor":13.0,"gold_loss":0.0,"damage_taken":0.0,"relics_obtained":["FaceOfCleric"]},{"damage_healed":0,"gold_gain":3,"player_choice":"1","damage_taken":0,"max_hp_gain":0,"max_hp_loss":0,"event_name":"betterStone:BetterStone","floor":41,"gold_loss":0},{"damage_healed":0,"gold_gain":0,"player_choice":"Forge","damage_taken":0,"max_hp_gain":0,"max_hp_loss":0,"event_name":"Accursed Blacksmith","floor":43,"gold_loss":0,"cards_upgraded":["Phantasmal Killer"]},{"cards_removed":["Bullet Time"],"damage_healed":0,"gold_gain":0,"player_choice":"Removed Skill","damage_taken":0,"max_hp_gain":0,"max_hp_loss":0,"event_name":"Falling","floor":47,"gold_loss":0},{"damage_healed":0,"gold_gain":0,"player_choice":"Ignored","damage_taken":0,"max_hp_gain":0,"max_hp_loss":0,"event_name":"Mysterious Sphere","floor":49,"gold_loss":0}],"is_beta":false,"boss_relics":[{"not_picked":["SacredBark","Replay:Bronze Core"],"picked":"Ring of Chaos"},{"not_picked":["Snecko Heart","Empty Cage"],"picked":"Velvet Choker"}],"items_purged_floors":[24,30,38],"is_endless":false,"potions_floor_spawned":[6,7,10,15,23,26,27,31,33,35,37,39,46,50],"ascension_level":0}}