{"host":"7cp3z5w0tcrrm8ys","time":1608293023,"event":{"mods":["AchievementEnabler","BaseMod","Colored Map","Colored Powertips","DeckTracker","Minty Spire (QoL Compilation)","StSLib","SuperFastMode"],"gold_per_floor":[109,109,109,130,130,130,153,153,153,153,153,153,153,153,153,242,242,266,289,302,323,2,2,2,2],"floor_reached":24,"playtime":765,"items_purged":["Accuracy"],"score":368,"play_id":"0e9452df-2474-43ea-bfa6-1a424d4203dc","local_time":"20201218210343","is_ascension_mode":true,"campfire_choices":[{"floor":6,"key":"REST"},{"data":"Metamorphosis","floor":8,"key":"SMITH"},{"data":"Neutralize","floor":10,"key":"SMITH"},{"data":"Finisher","floor":15,"key":"SMITH"},{"floor":23,"key":"REST"}],"circlet_count":0,"master_deck":["AscendersBane","Survivor","Neutralize+1","Metamorphosis+1","Finisher+1","Deflect","Backflip+1","Corpse Explosion","Skewer","Slice","Riddle With Holes","Endless Agony","Reflex","Bane","Choke","Reflex+1","PiercingWail"],"relics":["Ring of the Snake","Vajra","Golden Idol","Paper Crane","Omamori","Pandora\u0027s Box","Toolbox"],"acts_visited":["Exordium","TheCity"],"potions_floor_usage":[16,24],"damage_taken":[{"damage":13,"enemies":"Small Slimes","floor":1,"turns":3},{"damage":0,"enemies":"Jaw Worm","floor":4,"turns":3},{"damage":6,"enemies":"Cultist","floor":7,"turns":4},{"damage":22,"enemies":"Hexaghost","floor":16,"turns":11},{"damage":0,"enemies":"Spheric Guardian","floor":18,"turns":1},{"damage":14,"enemies":"Chosen","floor":19,"turns":4},{"damage":0,"enemies":"3 Cultists","floor":20,"turns":2},{"damage":9,"enemies":"Centurion and Healer","floor":21,"turns":3},{"damage":66,"enemies":"Gremlin Leader","floor":24,"turns":6}],"seed_played":"698801805951393067","potions_obtained":[{"floor":1,"key":"SkillPotion"}],"is_trial":false,"path_per_floor":["M","?","?","M","?","R","M","R","T","R","T","?","?","?","R","B",null,"M","M","M","M","$","R","E"],"character_chosen":"THE_SILENT","items_purchased":["Regen Potion","Toolbox"],"campfire_rested":2,"item_purchase_floors":[22,22],"current_hp_per_floor":[46,41,20,20,20,38,32,32,32,32,32,25,25,25,25,3,46,46,32,32,23,23,41,0,0],"gold":2,"neow_bonus":"RANDOM_COLORLESS_2","is_daily":false,"chose_seed":false,"campfire_upgraded":3,"win_rate":0.0,"timestamp":1608293023,"path_taken":["M","?","?","M","?","R","?","R","T","R","?","?","?","?","R","BOSS","M","M","M","M","$","R","E"],"items_purchased_type":["Potion","Relic"],"build_version":"2020-12-13","purchased_purges":1,"victory":false,"max_hp_per_floor":[60,60,60,60,60,60,60,60,60,60,60,60,60,60,60,60,60,60,60,60,60,60,60,60,60],"card_choices":[{"not_picked":["Secret Technique","Panache"],"picked":"Metamorphosis","floor":0},{"not_picked":["Slice","Dagger Spray"],"picked":"Finisher","floor":1},{"not_picked":["Quick Slash","Well Laid Plans"],"picked":"Deflect","floor":4},{"not_picked":["Tactician","Skewer"],"picked":"Backflip","floor":7},{"not_picked":["Grand Finale","Envenom"],"picked":"Corpse Explosion","floor":16},{"not_picked":["Eviscerate","Choke","Well Laid Plans"],"picked":"SKIP","floor":18},{"not_picked":["Poisoned Stab","Blade Dance"],"picked":"Reflex+1","floor":19},{"not_picked":["Slice","Prepared","Quick Slash"],"picked":"SKIP","floor":20},{"not_picked":["Underhanded Strike","Deadly Poison"],"picked":"PiercingWail","floor":21}],"player_experience":785067,"relics_obtained":[{"floor":9,"key":"Paper Crane"},{"floor":11,"key":"Omamori"}],"event_choices":[{"damage_healed":0,"gold_gain":0,"player_choice":"Success","damage_taken":5,"relics_obtained":["Vajra"],"max_hp_gain":0,"max_hp_loss":0,"event_name":"Scrap Ooze","floor":2,"gold_loss":0},{"damage_healed":0,"gold_gain":0,"player_choice":"Take Damage","damage_taken":21,"relics_obtained":["Golden Idol"],"max_hp_gain":0,"max_hp_loss":0,"event_name":"Golden Idol","floor":3,"gold_loss":0},{"cards_removed":["Strike_G"],"damage_healed":0,"gold_gain":0,"player_choice":"Purged","damage_taken":0,"max_hp_gain":0,"max_hp_loss":0,"event_name":"Purifier","floor":5,"gold_loss":0},{"cards_removed":["Strike_G"],"damage_healed":0,"gold_gain":0,"player_choice":"Card Removal","damage_taken":7,"max_hp_gain":0,"max_hp_loss":0,"event_name":"Golden Wing","floor":12,"gold_loss":0},{"damage_healed":0,"gold_gain":0,"player_choice":"Ignored","damage_taken":0,"max_hp_gain":0,"max_hp_loss":0,"event_name":"Shining Light","floor":13,"gold_loss":0},{"damage_healed":0,"gold_gain":0,"player_choice":"Grow","damage_taken":0,"max_hp_gain":0,"max_hp_loss":0,"event_name":"Living Wall","floor":14,"gold_loss":0,"cards_upgraded":["Backflip"]}],"is_beta":false,"boss_relics":[{"not_picked":["Black Star","SlaversCollar"],"picked":"Pandora\u0027s Box"}],"items_purged_floors":[22],"is_endless":false,"potions_floor_spawned":[1],"killed_by":"Gremlin Leader","ascension_level":20}}