{"host":"njruw0b0uprlitpx","time":1608297365,"event":{"mods":["2.2 Compatiblity","BaseMod","Better Altar","Better Note","Better Sensory Stone","Better Skull","Better Third Choice","BetterRewards","Block Reminder","Colored Map","Colored Powertips","Jedi Mod","Keyboard Shortcuts","Minty Spire (QoL Compilation)","Quick Restart","Relic Stats","Replay The Spire","SacredBarkPlus","Spicy Shops","StSLib","SuperFastMode","The Hierophant","The Mystic","The Problem Sleuth","The Runesmith","The Spell Scribe","Wandering Minibosses"],"gold_per_floor":[125,134,143,167,176,176,203,203,229,229,272,272,295,295,295,295,295,295],"floor_reached":16,"playtime":784,"items_purged":[],"score":163,"play_id":"6ccbb0f6-81b3-4f4f-ba7e-9cc834ec15ff","local_time":"20201218071605","is_ascension_mode":true,"campfire_choices":[{"data":"theSleuth:Ogle","floor":6.0,"key":"SMITH"},{"data":"theSleuth:WizardSudoku","floor":8.0,"key":"SMITH"},{"data":"theSleuth:TakeInventory","floor":10.0,"key":"SMITH"},{"floor":15,"key":"REST"}],"circlet_count":0,"master_deck":["theSleuth:Strike","theSleuth:Strike","theSleuth:Strike","theSleuth:Strike","theSleuth:Defend","theSleuth:Defend","theSleuth:Defend","theSleuth:KeyHandgun","theSleuth:TakeInventory+1","theSleuth:Diplomacy+1","theSleuth:ClubClubClub","theSleuth:Ogle+1","theSleuth:DiamondArmor","Sever Soul","theSleuth:FoolPlate","theSleuth:WizardSudoku+1","theSleuth:HeroBust","theSleuth:Tootshotgun"],"relics":["theSleuth:Typewriter","Gambling Chip","ReplayTheSpireMod:Ninjato","CeramicFish","ReplayTheSpireMod:Ring of Challenge","Nunchaku","Vajra","theSleuth:BowenStilsonDogg"],"acts_visited":["Exordium"],"potions_floor_usage":[],"damage_taken":[{"damage":0.0,"enemies":"2 Louse","floor":1.0,"turns":2.0},{"damage":0.0,"enemies":"Small Slimes","floor":4.0,"turns":3.0},{"damage":0.0,"enemies":"Jaw Worm","floor":7.0,"turns":3.0},{"damage":18,"enemies":"Lagavulin","floor":11,"turns":8},{"damage":0,"enemies":"Lots of Slimes","floor":13,"turns":1},{"damage":78,"enemies":"Hexaghost","floor":16,"turns":15}],"seed_played":"9204147658842836416","potions_obtained":[{"floor":1.0,"key":"SpeedPotion"}],"is_trial":false,"path_per_floor":["M","?","?","M","?","R","M","R","T","R","E","?","M","?","R","B"],"character_chosen":"THE_sleuth","items_purchased":["ReplayTheSpireMod:Ninjato","theSleuth:ClubClubClub","theSleuth:Ogle"],"campfire_rested":1,"item_purchase_floors":[0,0,0],"current_hp_per_floor":[73,73,8,8,73,73,73,73,73,73,55,55,55,55,73,0,0,0],"gold":295,"neow_bonus":"","is_daily":false,"chose_seed":false,"campfire_upgraded":3,"win_rate":0.0,"timestamp":1608297365,"path_taken":["M","?","?","M","?","R","M","R","T","R","E","?","M","?","R","BOSS"],"items_purchased_type":["Relic","Card","Card"],"build_version":"2020-12-13","purchased_purges":0,"victory":false,"max_hp_per_floor":[73,73,73,73,73,73,73,73,73,73,73,73,73,73,73,73,73,73],"relic_stats":{"Nunchaku":[7],"counters":[25,151],"Gambling Chip":[11],"CeramicFish":72,"obtain_stats":[{"Lantern":14,"aspiration:Lifesprig":26,"Snecko Heart":17,"Torii":33,"Angel_Ring":45,"CeramicFish":0,"Vajra":9,"theSleuth:JesterOfEncumbrance":31,"Dream Catcher":29,"Nunchaku":3,"Gambling Chip":0,"Red Mask":27,"HollowMod:PaleOreRelic":28,"Gremlin Food":24,"energizedSpire:RedRose":36,"ReplayTheSpireMod:Ninjato":0,"Golden Idol":5,"theSleuth:BowenStilsonDogg":9,"theSleuth:Typewriter":0,"Odd Mushroom":7,"Orichalcum":43,"Replay:Arrowhead":26,"potionbrewer:Torch":11,"potionbrewer:BoosterPack":10,"ReplayTheSpireMod:Ring of Challenge":2},{"Lantern":6,"aspiration:Lifesprig":9,"Snecko Heart":7,"Torii":14,"Angel_Ring":17,"CeramicFish":19,"Vajra":22,"theSleuth:JesterOfEncumbrance":12,"Dream Catcher":11,"Nunchaku":20,"Gambling Chip":19,"Red Mask":10,"HollowMod:PaleOreRelic":10,"Gremlin Food":9,"energizedSpire:RedRose":15,"ReplayTheSpireMod:Ninjato":19,"Golden Idol":1,"theSleuth:BowenStilsonDogg":3,"theSleuth:Typewriter":0,"Odd Mushroom":2,"Orichalcum":17,"Replay:Arrowhead":9,"potionbrewer:Torch":4,"potionbrewer:BoosterPack":3,"ReplayTheSpireMod:Ring of Challenge":20},{"Lantern":34,"aspiration:Lifesprig":58,"Snecko Heart":44,"Torii":80,"Angel_Ring":99,"CeramicFish":119,"Vajra":127,"theSleuth:JesterOfEncumbrance":73,"Dream Catcher":69,"Nunchaku":121,"Gambling Chip":119,"Red Mask":63,"HollowMod:PaleOreRelic":63,"Gremlin Food":58,"energizedSpire:RedRose":91,"ReplayTheSpireMod:Ninjato":119,"Golden Idol":2,"theSleuth:BowenStilsonDogg":14,"theSleuth:Typewriter":0,"Odd Mushroom":9,"Orichalcum":99,"Replay:Arrowhead":58,"potionbrewer:Torch":21,"potionbrewer:BoosterPack":14,"ReplayTheSpireMod:Ring of Challenge":121}]},"card_choices":[{"not_picked":["theSleuth:VictoryPose","theSleuth:ThrowHat"],"picked":"theSleuth:DiamondArmor","floor":1.0},{"not_picked":["theSleuth:Fortify","theSleuth:Treaty"],"picked":"theSleuth:FoolPlate","floor":4.0},{"not_picked":["theSleuth:WilsonBust","theSleuth:VictoryPose"],"picked":"theSleuth:WizardSudoku","floor":7.0},{"not_picked":["theSleuth:Ignore","theSleuth:KingpinBust"],"picked":"theSleuth:HeroBust","floor":11},{"not_picked":["theSleuth:TorsoFlail","theSleuth:SpadeDig"],"picked":"theSleuth:Tootshotgun","floor":13}],"player_experience":1323653,"relics_obtained":[{"floor":2.0,"key":"ReplayTheSpireMod:Ring of Challenge"},{"floor":9.0,"key":"Vajra"},{"floor":11,"key":"theSleuth:BowenStilsonDogg"}],"event_choices":[{"damage_healed":0.0,"max_hp_gain":0.0,"max_hp_loss":0.0,"gold_gain":1.0,"event_name":"betterThird:BetterScrap","player_choice":"Card Relic ","floor":3.0,"gold_loss":0.0,"damage_taken":65.0,"cards_obtained":["Sever Soul","Brilliance"]},{"cards_removed":["Amnesia"],"damage_healed":0,"gold_gain":0,"player_choice":"Forget","damage_taken":0,"max_hp_gain":0,"max_hp_loss":0,"event_name":"Living Wall","floor":12,"gold_loss":0}],"is_beta":false,"boss_relics":[],"items_purged_floors":[],"is_endless":false,"potions_floor_spawned":[1],"killed_by":"Hexaghost","ascension_level":2}}