{"host":"e4wnmsyty9uvvtwf","time":1608275839,"event":{"mods":["Aspiration","BaseMod","Colored Map","Colored Powertips","Marisa£®ÏF”Í°°ƒß¿Ì…≥£©","Minty Spire (QoL Compilation)","Rare Cards Sparkle","Replay The Spire","StSLib"],"gold_per_floor":[111,186,151,168,15,15,44,63,63,63,83,99,99,119,119,119,119],"floor_reached":16,"playtime":382,"items_purged":[],"score":163,"play_id":"3b2c8f08-5620-4c11-b49b-2523075d1727","local_time":"20201218151719","is_ascension_mode":true,"campfire_choices":[{"data":"Defragment","floor":6,"key":"SMITH"}],"circlet_count":0,"master_deck":["AscendersBane","Strike_B","Strike_B","Strike_B","Strike_B","Defend_B","Defend_B","Defend_B","Defend_B","Zap","Dualcast","Defragment+1","FTL","Darkness","Go for the Eyes+1","Recycle","Time Bomb"],"relics":["Cracked Core","ClockworkSouvenir","aspiration:SeaSaltIceCream","aspiration:Nostalgia","Iron Core","Carrot"],"acts_visited":["Exordium"],"potions_floor_usage":[16,16,16],"damage_taken":[{"damage":0,"enemies":"Small Slimes","floor":1,"turns":3},{"damage":11,"enemies":"Jaw Worm","floor":4,"turns":4},{"damage":36,"enemies":"Gremlin Nob","floor":7,"turns":5},{"damage":0,"enemies":"Cultist","floor":8,"turns":3},{"damage":5,"enemies":"Red Slaver","floor":11,"turns":2},{"damage":0,"enemies":"Exordium Thugs","floor":12,"turns":4},{"damage":0,"enemies":"Exordium Wildlife","floor":14,"turns":2},{"damage":61,"enemies":"Slime Boss","floor":16,"turns":8}],"seed_played":"2222134070679853731","potions_obtained":[{"floor":7,"key":"Adrenaline Potion"},{"floor":8,"key":"SteroidPotion"},{"floor":12,"key":"EntropicBrew"}],"is_trial":false,"path_per_floor":["M","?","?","M","$","R","E","M","T","$","M","M","?","M","R_BF","B"],"character_chosen":"DEFECT","items_purchased":["ClockworkSouvenir"],"campfire_rested":0,"item_purchase_floors":[5],"current_hp_per_floor":[75,64,82,71,71,71,35,35,35,35,30,30,30,30,54,0,0],"gold":119,"neow_bonus":"TEN_PERCENT_HP_BONUS","is_daily":false,"chose_seed":false,"campfire_upgraded":1,"win_rate":0.0,"timestamp":1608275839,"path_taken":["M","?","?","M","?","R","E","?","T","?","?","M","?","M","R_BF","BOSS"],"items_purchased_type":["Relic"],"build_version":"2020-12-13","purchased_purges":0,"victory":false,"max_hp_per_floor":[82,82,82,82,82,82,82,82,82,82,82,82,82,82,82,82,82],"card_choices":[{"not_picked":["Barrage","BasicCrystalCard"],"picked":"Defragment","floor":1},{"not_picked":["Beam Cell","Blizzard"],"picked":"FTL","floor":4},{"not_picked":["Skim","Capacitor"],"picked":"Darkness","floor":7},{"not_picked":["Steam","ReplayTheSpireMod:Muscle Training"],"picked":"Go for the Eyes","floor":8},{"not_picked":["Barrage","Heavy Blade"],"picked":"Recycle","floor":11},{"not_picked":["WeaponsOverheat","Barrage","Heavy Blade"],"picked":"SKIP","floor":12},{"not_picked":["Lockon","Blizzard"],"picked":"Time Bomb","floor":14}],"player_experience":624921,"relics_obtained":[{"floor":7,"key":"aspiration:SeaSaltIceCream"},{"floor":9,"key":"Carrot"}],"event_choices":[{"damage_healed":0,"gold_gain":75,"player_choice":"Gather Gold","damage_taken":11,"max_hp_gain":0,"max_hp_loss":0,"event_name":"World of Goop","floor":2,"gold_loss":0},{"damage_healed":20,"gold_gain":0,"player_choice":"Healed","damage_taken":0,"max_hp_gain":0,"max_hp_loss":0,"event_name":"The Cleric","floor":3,"gold_loss":35},{"damage_healed":0,"gold_gain":0,"player_choice":"Ignored","damage_taken":0,"max_hp_gain":0,"max_hp_loss":0,"event_name":"Golden Wing","floor":13,"gold_loss":0}],"is_beta":false,"boss_relics":[],"items_purged_floors":[],"is_endless":false,"potions_floor_spawned":[7,8,12,14],"killed_by":"Slime Boss","ascension_level":12}}