{"host":"uj8tnth4ulftv61g","time":1608308859,"event":{"mods":["BaseMod","Better Third Choice","Downfall","Minty Spire (QoL Compilation)","StSLib"],"gold_per_floor":[99,99,125,575,575,575,601,666,666,693,709,722,733,733,746,746,746],"floor_reached":16,"playtime":942,"items_purged":[],"score":166,"play_id":"0e8d216d-2a4e-4607-bb0f-3cc869cb8d4c","local_time":"20201218112739","is_ascension_mode":true,"campfire_choices":[{"floor":1,"key":"RECALL"}],"circlet_count":0,"master_deck":["champ:Strike","champ:Strike","champ:Strike","champ:Defend","champ:Defend+1","champ:Defend","champ:Defend+1","champ:Execute","champ:Taunt+1","champ:FocusedDefense+1","champ:Balance","Slimebound:Icky","Slimebound:Icky","Slimebound:Icky","Regret","champ:ShieldSigil","champ:Circumvent","champ:Circumvent","champ:ShieldSigil","champ:DefensiveShout","champ:TornadoPunch"],"relics":["champ:ChampionCrown","downfall:HeartsMalice","Singing Bowl","Tiny Chest","Toy Ornithopter"],"acts_visited":["Exordium"],"potions_floor_usage":[10,16,16],"damage_taken":[{"damage":0,"enemies":"Small Slimes","floor":2,"turns":1},{"damage":0,"enemies":"3 Sentries","floor":3,"turns":1},{"damage":0,"enemies":"Jaw Worm","floor":6,"turns":1},{"damage":42,"enemies":"3 Sentries","floor":8,"turns":10},{"damage":46,"enemies":"Gremlin Nob","floor":10,"turns":5},{"damage":5,"enemies":"2 Louse","floor":11,"turns":2},{"damage":18,"enemies":"Exordium Thugs","floor":12,"turns":4},{"damage":0,"enemies":"3 Louse","floor":13,"turns":3},{"damage":3,"enemies":"Red Slaver","floor":15,"turns":2},{"damage":17,"enemies":"downfall:Watcher","floor":16,"turns":6}],"seed_played":"8349424815500512211","potions_obtained":[{"floor":3,"key":"ColorlessPotion"},{"floor":10,"key":"Strength Potion"},{"floor":12,"key":"Dexterity Potion"},{"floor":13,"key":"Block Potion"}],"is_trial":false,"path_per_floor":["R","M","E","?","?","M","T","?","?","E","M","M","M","?","M","B"],"character_chosen":"THE_CHAMP","items_purchased":[],"campfire_rested":0,"item_purchase_floors":[],"current_hp_per_floor":[90,90,90,90,90,90,90,58,58,22,22,4,4,4,6,0,0],"gold":746,"neow_bonus":"THREE_ENEMY_KILL","is_daily":false,"chose_seed":false,"campfire_upgraded":0,"win_rate":0.0,"timestamp":1608308859,"path_taken":["R","M","E","?","?","M","T","?","?","E","M","?","M","?","M","BOSS"],"items_purchased_type":[],"build_version":"2020-12-13","purchased_purges":0,"victory":false,"max_hp_per_floor":[90,90,90,90,90,90,90,90,90,90,90,90,90,90,92,92,92],"card_choices":[{"not_picked":["champ:AdrenalArmor","champ:Control"],"picked":"champ:FocusedDefense","floor":2},{"not_picked":["champ:BladeFlurry","champ:BerserkerStyle"],"picked":"champ:Balance","floor":3},{"not_picked":["champ:ShieldWall","champ:FanOfKnives"],"picked":"champ:ShieldSigil","floor":6},{"not_picked":["champ:StanceDance","champ:BerserkersShout"],"picked":"champ:Circumvent","floor":8},{"not_picked":["champ:PreciseThrust","champ:Aggression"],"picked":"champ:Circumvent","floor":10},{"not_picked":["champ:LastStand","champ:SwordSigil"],"picked":"champ:ShieldSigil","floor":11},{"not_picked":["champ:Circumvent","champ:RecklessLeap"],"picked":"champ:DefensiveShout","floor":12},{"not_picked":["champ:Backstep","champ:ArenaPreparation"],"picked":"champ:TornadoPunch","floor":13},{"not_picked":["champ:TornadoPunch","champ:AdrenalArmor","champ:FaceSlap"],"picked":"Singing Bowl","floor":15}],"player_experience":563348,"relics_obtained":[{"floor":3,"key":"Singing Bowl"},{"floor":10,"key":"Toy Ornithopter"}],"event_choices":[{"damage_healed":0,"gold_gain":0,"player_choice":"Upgraded","damage_taken":0,"max_hp_gain":0,"max_hp_loss":0,"event_name":"Upgrade Shrine","floor":14,"gold_loss":0,"cards_upgraded":["champ:Taunt"]}],"is_beta":false,"boss_relics":[],"items_purged_floors":[],"is_endless":false,"potions_floor_spawned":[3,10,12,13],"killed_by":"downfall:Watcher","ascension_level":1}}