{"host":"12piqfhmdln9x2la","time":1608317050,"event":{"mods":["2.2 Compatiblity","AchievementEnabler","BaseMod","BetterRewards","Colored Powertips","Minty Spire (QoL Compilation)","Quick Restart","SuperFastMode"],"gold_per_floor":[139,176,176,214,249,284,284],"floor_reached":6,"playtime":159,"items_purged":[],"score":48,"play_id":"14801830-1597-41b0-b1a5-a6938fd0e5cc","local_time":"20201219034410","is_ascension_mode":false,"campfire_choices":[],"circlet_count":0,"master_deck":["Strike_G","Strike_G","Strike_G","Strike_G","Strike_G","Defend_G","Defend_G","Defend_G","Defend_G","Defend_G","Survivor","Neutralize","HandOfGreed+1","Prepared","Flying Knee","PiercingWail"],"relics":["Ring of the Snake","Pear"],"acts_visited":["Exordium"],"potions_floor_usage":[6,6,6],"damage_taken":[{"damage":0,"enemies":"2 Louse","floor":1,"turns":2},{"damage":1,"enemies":"Cultist","floor":2,"turns":3},{"damage":0,"enemies":"Jaw Worm","floor":4,"turns":3},{"damage":12,"enemies":"Large Slime","floor":5,"turns":6},{"damage":45,"enemies":"Gremlin Nob","floor":6,"turns":4}],"seed_played":"-1073326660983821335","potions_obtained":[{"floor":1,"key":"PowerPotion"},{"floor":2,"key":"ColorlessPotion"},{"floor":5,"key":"SkillPotion"}],"is_trial":false,"path_per_floor":["M","M","?","M","M","E"],"character_chosen":"THE_SILENT","items_purchased":[],"campfire_rested":0,"item_purchase_floors":[],"current_hp_per_floor":[63,62,62,62,50,15,15],"gold":284,"neow_bonus":"RANDOM_COLORLESS_2","is_daily":false,"chose_seed":false,"campfire_upgraded":0,"win_rate":0.0,"timestamp":1608317050,"path_taken":["M","M","?","?","M","E"],"items_purchased_type":[],"build_version":"2020-12-13","purchased_purges":0,"victory":false,"max_hp_per_floor":[63,63,63,63,63,73,73],"card_choices":[{"not_picked":["Secret Weapon","Mayhem"],"picked":"HandOfGreed","floor":0},{"not_picked":["Predator","Blur"],"picked":"Prepared","floor":1},{"not_picked":["Finisher","Sucker Punch","All Out Attack"],"picked":"SKIP","floor":2},{"not_picked":["Endless Agony","Cloak And Dagger"],"picked":"Flying Knee","floor":4},{"not_picked":["Riddle With Holes","Dagger Spray","Predator"],"picked":"SKIP","floor":5},{"not_picked":["Well Laid Plans","Setup"],"picked":"PiercingWail","floor":6}],"player_experience":97606,"relics_obtained":[{"floor":6,"key":"Pear"}],"event_choices":[{"damage_healed":0,"gold_gain":0,"player_choice":"Upgraded","damage_taken":0,"max_hp_gain":0,"max_hp_loss":0,"event_name":"Upgrade Shrine","floor":3,"gold_loss":0,"cards_upgraded":["HandOfGreed"]}],"is_beta":false,"boss_relics":[],"items_purged_floors":[],"is_endless":false,"potions_floor_spawned":[1,2,5],"killed_by":"Gremlin Nob","ascension_level":0}}