{"host":"o1wkfo8ppvrprpet","time":1608309237,"event":{"mods":["Aspiration","Astrologer","BaseMod","CapriCore","Colored Powertips","Koishi","Minty Spire (QoL Compilation)","Replay The Spire","RumiaBox-露米娅的神秘盒子","Spicy Shops","StSLib","The Administrix","The Gatherer","The Immortal","Waifu the Spire","【东方二次创作】八云紫mod"],"gold_per_floor":[110,110,120,120,45,45,58,70,70,101,121,21,21,56,56,159,159,172,172,172,188,188,188,204,218,243,270,270,284,2,2,2],"floor_reached":31,"playtime":1543,"items_purged":["astrologer:Strike","astrologer:Strike","astrologer:Strike"],"score":292,"play_id":"be259e87-302d-4eb3-ae9e-af6c2260e6d3","local_time":"20201219003357","is_ascension_mode":true,"campfire_choices":[{"data":"astrologer:NorthStar","floor":6,"key":"SMITH"},{"data":"astrologer:Sunrise","floor":13,"key":"SMITH"},{"data":"astrologer:TheHierophant","floor":15,"key":"SMITH"},{"data":"astrologer:Cataclysm","floor":23,"key":"SMITH"},{"data":"astrologer:Alignment","floor":28,"key":"SMITH"}],"circlet_count":0,"master_deck":["astrologer:Strike","astrologer:Defend","astrologer:Defend","astrologer:Defend","astrologer:Defend","astrologer:NorthStar+1","astrologer:TheFool","astrologer:SpaceDust+1","astrologer:TheHierophant+1","astrologer:Conjunction","astrologer:ShiningStar+1","astrologer:Sunrise+1","astrologer:Alignment+1","astrologer:Opposition","astrologer:Cataclysm+1","astrologer:SolarFlare","astrologer:LonelyStar+1","astrologer:TheHangedMan"],"relics":["astrologer:SkyMirror","aspiration:Nostalgia","Koishi:ImaginaryFriend","Iron Hammer","GodSword7","Blood Vial","Omamori","SlaversCollar","Lantern","ReplayTheSpireMod:Lightbulb","Peace Pipe","Guide Book"],"acts_visited":["Exordium","TheCity"],"potions_floor_usage":[10,10,27],"damage_taken":[{"damage":0,"enemies":"2 Louse","floor":1,"turns":2},{"damage":0,"enemies":"Cultist","floor":3,"turns":3},{"damage":0,"enemies":"Small Slimes","floor":7,"turns":3},{"damage":7,"enemies":"Exordium Wildlife","floor":8,"turns":8},{"damage":85,"enemies":"Gremlin Nob","floor":10,"turns":9},{"damage":0,"enemies":"Blue Slaver","floor":11,"turns":5},{"damage":8,"enemies":"Lagavulin","floor":14,"turns":7},{"damage":38,"enemies":"Slime Boss","floor":16,"turns":17},{"damage":4,"enemies":"Chosen","floor":18,"turns":9},{"damage":6,"enemies":"3 Byrds","floor":21,"turns":7},{"damage":0,"enemies":"Snake Plant","floor":24,"turns":6},{"damage":24,"enemies":"3 Cultists","floor":25,"turns":6},{"damage":12,"enemies":"Book of Stabbing","floor":27,"turns":5},{"damage":22,"enemies":"Sentry and Sphere","floor":29,"turns":5},{"damage":26,"enemies":"Shelled Parasite and Fungi","floor":31,"turns":2}],"seed_played":"8856367494590181139","potions_obtained":[{"floor":7,"key":"DuplicationPotion"},{"floor":8,"key":"Fruit Juice"},{"floor":14,"key":"Strength Potion"},{"floor":16,"key":"Elixir"},{"floor":21,"key":"SkillPotion"}],"is_trial":false,"path_per_floor":["M","?","M","T","$","R","M","M","T","E","M","$","R","E","R","B",null,"M","?","?","M","?","R","M","M","T","E","R","M","$","M"],"character_chosen":"ASTROLOGER","items_purchased":["Guide Book"],"campfire_rested":0,"item_purchase_floors":[30],"current_hp_per_floor":[70,70,70,70,70,70,70,63,63,63,65,65,65,59,59,23,75,71,71,71,67,67,67,69,47,47,37,37,17,17,0,0],"gold":2,"neow_bonus":"NOSTALGIA","is_daily":false,"chose_seed":false,"campfire_upgraded":5,"win_rate":0.0,"timestamp":1608309237,"path_taken":["M","?","?","?","?","R","M","?","T","E","M","$","R","E","R","BOSS","M","?","?","M","?","R","M","M","T","E","R","M","?","M"],"items_purchased_type":["Relic"],"build_version":"2020-12-13","purchased_purges":3,"victory":false,"max_hp_per_floor":[70,70,70,70,70,70,70,70,70,75,75,75,75,75,75,75,75,75,75,75,75,75,75,75,75,75,75,75,75,75,75,75],"card_choices":[{"not_picked":["astrologer:ReadTheStars","astrologer:Prestidigitation"],"picked":"astrologer:SpaceDust","floor":1},{"not_picked":["astrologer:StarOfCourage","astrologer:Temperance","astrologer:ReadTheStars"],"picked":"SKIP","floor":3},{"not_picked":["astrologer:ReadTheStars","astrologer:Shine"],"picked":"astrologer:TheHierophant","floor":7},{"not_picked":["astrologer:Eclipse","astrologer:ReadTheStars"],"picked":"astrologer:Conjunction","floor":8},{"not_picked":["astrologer:Divination","astrologer:CometStrike"],"picked":"astrologer:ShiningStar","floor":10},{"not_picked":["astrologer:ShiningStar","astrologer:TheHierophant"],"picked":"astrologer:Sunrise","floor":11},{"not_picked":["astrologer:Eclipse","astrologer:TheMoon","astrologer:Stardust"],"picked":"SKIP","floor":14},{"not_picked":["astrologer:Death","astrologer:Starfield"],"picked":"astrologer:Alignment","floor":16},{"not_picked":["astrologer:ReadTheStars","astrologer:Still"],"picked":"astrologer:Opposition","floor":18},{"not_picked":["astrologer:Eclipse+1","astrologer:ReadTheStars+1"],"picked":"astrologer:Cataclysm","floor":21},{"not_picked":["astrologer:MeteorShower","astrologer:Prestidigitation+1"],"picked":"astrologer:SolarFlare","floor":24},{"not_picked":["astrologer:Stardust","astrologer:Fireball"],"picked":"astrologer:LonelyStar","floor":25},{"not_picked":["astrologer:TheMoon","astrologer:LonelyStar+1","astrologer:Stardust"],"picked":"SKIP","floor":27},{"not_picked":["astrologer:FrozenStar","astrologer:TheLovers"],"picked":"astrologer:TheHangedMan","floor":29}],"player_experience":606900,"relics_obtained":[{"floor":4,"key":"Iron Hammer"},{"floor":9,"key":"GodSword7"},{"floor":10,"key":"Blood Vial"},{"floor":14,"key":"Omamori"},{"floor":26,"key":"ReplayTheSpireMod:Lightbulb"},{"floor":27,"key":"Peace Pipe"}],"event_choices":[{"damage_healed":0,"gold_gain":0,"player_choice":"Forge","damage_taken":0,"max_hp_gain":0,"max_hp_loss":0,"event_name":"Accursed Blacksmith","floor":2,"gold_loss":0,"cards_upgraded":["astrologer:SpaceDust"]},{"damage_healed":0,"gold_gain":0,"player_choice":"Ignored","damage_taken":0,"max_hp_gain":0,"max_hp_loss":0,"event_name":"Vampires","floor":19,"gold_loss":0},{"damage_healed":0,"gold_gain":0,"player_choice":"Ignored","damage_taken":0,"max_hp_gain":0,"max_hp_loss":0,"event_name":"Ghosts","floor":22,"gold_loss":0}],"is_beta":false,"boss_relics":[{"not_picked":["aspiration:SilentSkillbook","Replay:Wanted Poster"],"picked":"SlaversCollar"}],"items_purged_floors":[5,12,30],"is_endless":false,"potions_floor_spawned":[7,8,14,16,21,25],"killed_by":"Shelled Parasite and Fungi","ascension_level":2}}