{"host":"1ivxh6f0wtekmpqo","time":1608307235,"event":{"mods":["AchievementEnabler","BaseMod","Colored Map","Minty Spire (QoL Compilation)","Rare Cards Sparkle","StSLib","SuperFastMode","everything is the same but u backflip on backflip"],"gold_per_floor":[116,116,116,130,142,142,45,45,68,68,88,102,428,445,445,543,543,524,799,332,332,332,332,332,431,431,431,431,441,356,356,356,356,356],"floor_reached":33,"playtime":1381,"items_purged":["Regret","Regret"],"score":241,"play_id":"31000adb-b005-431d-b65b-c2cf89e0db76","local_time":"20201219000035","is_ascension_mode":false,"campfire_choices":[{"data":"Noxious Fumes","floor":6,"key":"SMITH"},{"data":"Backflip","floor":8,"key":"SMITH"},{"data":"Backflip","floor":10,"key":"SMITH"},{"floor":15,"key":"REST"},{"floor":23,"key":"REST"},{"data":"Envenom","floor":28,"key":"SMITH"},{"floor":32,"key":"REST"}],"circlet_count":0,"master_deck":["Strike_G","Strike_G","Strike_G","Strike_G","Strike_G","Defend_G","Defend_G","Defend_G","Defend_G","Defend_G","Survivor","Neutralize","Noxious Fumes+1","Underhanded Strike+1","Backflip+1","Backflip+1","Envenom+1","Caltrops","PiercingWail","PiercingWail","Grand Finale+1","Outmaneuver+1","Well Laid Plans","Decay","Necronomicurse","Poisoned Stab+1"],"relics":["Ring of the Serpent","Molten Egg 2","FossilizedHelix","Lantern","Old Coin","TwistedFunnel","Juzu Bracelet","Necronomicon","Potion Belt","HornCleat","InkBottle"],"acts_visited":["Exordium","TheCity"],"potions_floor_usage":[16,33,33,33,33,33,33,33],"damage_taken":[{"damage":2,"enemies":"Small Slimes","floor":1,"turns":4},{"damage":2,"enemies":"Jaw Worm","floor":4,"turns":5},{"damage":0,"enemies":"Cultist","floor":5,"turns":4},{"damage":1,"enemies":"2 Fungi Beasts","floor":11,"turns":4},{"damage":1,"enemies":"Red Slaver","floor":12,"turns":4},{"damage":22,"enemies":"Lagavulin","floor":13,"turns":7},{"damage":4,"enemies":"Gremlin Gang","floor":14,"turns":5},{"damage":2,"enemies":"Hexaghost","floor":16,"turns":10},{"damage":7,"enemies":"2 Thieves","floor":18,"turns":4},{"damage":11,"enemies":"Spheric Guardian","floor":29,"turns":6},{"damage":2,"enemies":"Colosseum Slavers","floor":31,"turns":5},{"damage":91,"enemies":"Collector","floor":33,"turns":6}],"seed_played":"-1090633257640639533","potions_obtained":[{"floor":0,"key":"BlessingOfTheForge"},{"floor":0,"key":"Dexterity Potion"},{"floor":0,"key":"DuplicationPotion"},{"floor":12,"key":"Swift Potion"},{"floor":18,"key":"FearPotion"},{"floor":24,"key":"EntropicBrew"}],"is_trial":false,"path_per_floor":["M","?","?","M","M","R","$","R","T","R","M","M","E","M","R","B",null,"M","?","$","?","?","R","?","?","T","T","R","M","?","?","R","B"],"character_chosen":"THE_SILENT","items_purchased":["Backflip","TwistedFunnel","Juzu Bracelet","Well Laid Plans"],"campfire_rested":3,"item_purchase_floors":[7,20,20,20],"current_hp_per_floor":[68,68,68,66,66,66,66,66,66,66,65,64,42,38,59,57,70,63,63,63,63,47,68,68,68,68,68,68,57,57,55,70,0,0],"gold":356,"neow_bonus":"THREE_SMALL_POTIONS","is_daily":false,"chose_seed":false,"campfire_upgraded":4,"win_rate":0.0,"timestamp":1608307235,"path_taken":["M","?","?","?","M","R","$","R","T","R","M","M","E","M","R","BOSS","M","?","$","?","?","R","?","?","T","?","R","M","?","?","R","BOSS"],"items_purchased_type":["Card","Relic","Relic","Card"],"build_version":"2020-12-13","purchased_purges":2,"victory":false,"max_hp_per_floor":[70,70,70,70,70,70,70,70,70,70,70,70,70,70,70,70,70,70,70,70,70,70,70,70,70,70,70,70,70,70,70,70,70,70],"card_choices":[{"not_picked":["Dagger Spray","All Out Attack"],"picked":"Noxious Fumes","floor":1},{"not_picked":["Outmaneuver","Dagger Spray+1"],"picked":"Underhanded Strike+1","floor":4},{"not_picked":["Acrobatics","Backstab+1"],"picked":"Backflip","floor":5},{"not_picked":["Poisoned Stab+1","Finisher+1"],"picked":"Envenom","floor":11},{"not_picked":["Flying Knee+1","Underhanded Strike+1"],"picked":"Caltrops","floor":12},{"not_picked":["Quick Slash+1","Expertise"],"picked":"PiercingWail","floor":13},{"not_picked":["Dagger Spray+1","Choke+1"],"picked":"PiercingWail","floor":14},{"not_picked":["Tools of the Trade","A Thousand Cuts"],"picked":"Grand Finale+1","floor":16},{"not_picked":["Sucker Punch+1","Underhanded Strike+1"],"picked":"Outmaneuver+1","floor":18},{"not_picked":["Bane+1","Flying Knee+1"],"picked":"Poisoned Stab+1","floor":29}],"player_experience":208617,"relics_obtained":[{"floor":9,"key":"Lantern"},{"floor":13,"key":"Old Coin"},{"floor":22,"key":"Necronomicon"},{"floor":26,"key":"Potion Belt"},{"floor":27,"key":"HornCleat"}],"event_choices":[{"damage_healed":0,"gold_gain":0,"player_choice":"Box","damage_taken":0,"relics_obtained":["Molten Egg 2"],"max_hp_gain":0,"max_hp_loss":0,"event_name":"Big Fish","floor":2,"gold_loss":0,"cards_obtained":["Regret"]},{"damage_healed":0,"gold_gain":0,"player_choice":"Gave Potion","damage_taken":0,"relics_obtained":["FossilizedHelix"],"max_hp_gain":0,"max_hp_loss":0,"event_name":"WeMeetAgain","floor":3,"gold_loss":0},{"damage_healed":0,"gold_gain":275,"player_choice":"Desecrate","damage_taken":0,"max_hp_gain":0,"max_hp_loss":0,"event_name":"Golden Shrine","floor":19,"gold_loss":0,"cards_obtained":["Regret"]},{"damage_healed":0,"gold_gain":0,"player_choice":"Cursed","damage_taken":0,"max_hp_gain":0,"max_hp_loss":0,"event_name":"Wheel of Change","floor":21,"gold_loss":0,"cards_obtained":["Decay"]},{"damage_healed":0,"gold_gain":0,"player_choice":"Obtained Book","damage_taken":16,"max_hp_gain":0,"max_hp_loss":0,"event_name":"Cursed Tome","floor":22,"gold_loss":0},{"damage_healed":0,"gold_gain":0,"player_choice":"Got Potions","damage_taken":0,"max_hp_gain":0,"max_hp_loss":0,"event_name":"Lab","floor":24,"gold_loss":0},{"damage_healed":0,"gold_gain":99,"player_choice":"Stole From Cult","damage_taken":0,"max_hp_gain":0,"max_hp_loss":0,"event_name":"Nest","floor":25,"gold_loss":0},{"damage_healed":0,"gold_gain":0,"player_choice":"Obtained Relic","damage_taken":0,"relics_obtained":["InkBottle"],"max_hp_gain":0,"max_hp_loss":0,"event_name":"Addict","floor":30,"gold_loss":85},{"damage_healed":0,"gold_gain":0,"player_choice":"Fight","damage_taken":0,"max_hp_gain":0,"max_hp_loss":0,"event_name":"Colosseum","floor":31,"gold_loss":0},{"damage_healed":0,"gold_gain":0,"player_choice":"Fled From Nobs","damage_taken":0,"max_hp_gain":0,"max_hp_loss":0,"event_name":"Colosseum","floor":31,"gold_loss":0}],"is_beta":false,"boss_relics":[{"not_picked":["Astrolabe","HoveringKite"],"picked":"Ring of the Serpent"}],"items_purged_floors":[7,20],"is_endless":false,"potions_floor_spawned":[1,12,14,18,31],"killed_by":"Collector","ascension_level":0}}