{"host":"x7u3amoxy3d4heu5","time":1608321876,"event":{"mods":["BaseMod","Colored Map","DeckTracker","Hermit","Hubris","Infinite Spire","Marisa????????","Minty Spire (QoL Compilation)","Quick Restart","Replay The Spire","StSLib","The Cursed","The IronCluck","The Jungle","The Servant 0.9.4","The Wild Card","Unceasing Turn Reminder","slay the spire mod where everything is the same but ironclad has a cowboy hat"],"gold_per_floor":[112,287,287,61,72,72,101,113,113,124,181,181,181],"floor_reached":12,"playtime":1376,"items_purged":["Doubt"],"score":78,"play_id":"c273960e-320c-46f2-868f-5dac35dd4234","local_time":"20201218130436","is_ascension_mode":false,"campfire_choices":[{"data":"hermit:TakeAim","floor":6,"key":"SMITH"}],"circlet_count":0,"master_deck":["hermit:Strike_Hermit","hermit:Strike_Hermit","hermit:Strike_Hermit","hermit:Strike_Hermit","hermit:Defend_Hermit","hermit:Defend_Hermit","hermit:Defend_Hermit","hermit:Defend_Hermit","hermit:Snapshot","hermit:Covet","Thinking Ahead+1","hermit:Headshot","hermit:TakeAim+1","hermit:TrackingShot","hermit:Vantage","hermit:Dive","hermit:Dissolve","hermit:Snipe","hermit:Coalescence","hermit:HoleUp"],"relics":["hermit:Momento","hermit:RyeStalk","hubris:SlimyHat"],"acts_visited":["Exordium"],"potions_floor_usage":[11],"damage_taken":[{"damage":0,"enemies":"2 Louse","floor":1,"turns":2},{"damage":12,"enemies":"Small Slimes","floor":5,"turns":4},{"damage":10,"enemies":"3 Sentries","floor":7,"turns":8},{"damage":0,"enemies":"Jaw Worm","floor":8,"turns":3},{"damage":4,"enemies":"3 Louse","floor":10,"turns":4},{"damage":23,"enemies":"Lagavulin Event","floor":11,"turns":9},{"damage":29,"enemies":"Gremlin Nob","floor":12,"turns":4}],"seed_played":"-2908874595778790062","potions_obtained":[{"floor":1,"key":"Strength Potion"},{"floor":7,"key":"Explosive Potion"},{"floor":8,"key":"SpeedPotion"}],"is_trial":false,"path_per_floor":["M","?","?","$","M","R","E","M","T","M","?","E"],"character_chosen":"HERMIT","items_purchased":["hermit:TakeAim","hermit:TrackingShot","hermit:Vantage"],"campfire_rested":0,"item_purchase_floors":[4,4,4],"current_hp_per_floor":[68,68,68,68,56,56,46,46,46,42,19,0,0],"gold":181,"neow_bonus":"RANDOM_COLORLESS_2","is_daily":false,"chose_seed":false,"campfire_upgraded":1,"win_rate":0.0,"timestamp":1608321876,"path_taken":["M","?","?","$","M","R","E","M","T","M","?","E"],"items_purchased_type":["Card","Card","Card"],"build_version":"2020-12-13","purchased_purges":1,"victory":false,"max_hp_per_floor":[68,68,68,68,68,68,68,68,68,68,68,68,68],"card_choices":[{"not_picked":["Transmutation","The Bomb"],"picked":"Thinking Ahead","floor":0},{"not_picked":["hermit:Combo","hermit:WideOpen"],"picked":"hermit:Headshot","floor":1},{"not_picked":["hermit:SprayPray","hermit:LowProfile"],"picked":"hermit:Dive","floor":5},{"not_picked":["hermit:Snipe","hermit:Desperado"],"picked":"hermit:Dissolve","floor":7},{"not_picked":["hermit:LoneWolf","hermit:ItchyTrigger"],"picked":"hermit:Snipe","floor":8},{"not_picked":["hermit:NoHoldsBarred","hermit:Desperado"],"picked":"hermit:Coalescence","floor":10},{"not_picked":["hermit:HighCaliber","hermit:LowProfile"],"picked":"hermit:HoleUp","floor":11}],"player_experience":539124,"relics_obtained":[{"floor":7,"key":"hermit:RyeStalk"},{"floor":11,"key":"hubris:SlimyHat"}],"event_choices":[{"damage_healed":0,"gold_gain":175,"player_choice":"AGREE","damage_taken":0,"max_hp_gain":0,"max_hp_loss":0,"event_name":"Liars Game","floor":2,"gold_loss":0,"cards_obtained":["Doubt"]},{"damage_healed":0,"gold_gain":0,"player_choice":"Searched \u00271\u0027 times","damage_taken":0,"max_hp_gain":0,"max_hp_loss":0,"event_name":"Dead Adventurer","floor":11,"gold_loss":0}],"is_beta":false,"boss_relics":[],"items_purged_floors":[4],"is_endless":false,"potions_floor_spawned":[1,7,8],"killed_by":"Gremlin Nob","ascension_level":0}}