{"host":"baymyijz6sxaqj5s","time":1608296512,"event":{"mods":["AchievementEnabler","BaseMod","KOR Keyword Fix","Keyboard Shortcuts","Minty Spire (QoL Compilation)","StSLib"],"gold_per_floor":[111,128,128,142,157,157,176,33,33,44,44,44,44,119,119,218,218,229,229,245,26,39,39,39,39,39],"floor_reached":25,"playtime":1060,"items_purged":["Strike_R"],"score":193,"play_id":"37441580-106f-4bee-8c0c-d058688e6668","local_time":"20201218220152","is_ascension_mode":false,"campfire_choices":[{"data":"Entrench","floor":6,"key":"SMITH"},{"data":"Seeing Red","floor":11,"key":"SMITH"},{"floor":15,"key":"REST"},{"floor":23,"key":"REST"}],"circlet_count":0,"master_deck":["Defend_R","Defend_R","Defend_R","Defend_R","Bash","Offering","Entrench+1","Thunderclap","Seeing Red+1","Inflame","Barricade","Bloodletting+1","Body Slam+1","Wild Strike+1","Twin Strike","Headbutt+1","Sword Boomerang"],"relics":["Burning Blood","Orichalcum","Kunai","Meat on the Bone","Astrolabe","Bag of Marbles","MealTicket"],"acts_visited":["Exordium","TheCity"],"potions_floor_usage":[10,16,22],"damage_taken":[{"damage":11,"enemies":"Jaw Worm","floor":1,"turns":4},{"damage":3,"enemies":"Cultist","floor":2,"turns":5},{"damage":2,"enemies":"2 Louse","floor":4,"turns":3},{"damage":8,"enemies":"Blue Slaver","floor":5,"turns":5},{"damage":14,"enemies":"2 Fungi Beasts","floor":7,"turns":4},{"damage":10,"enemies":"Exordium Thugs","floor":10,"turns":7},{"damage":9,"enemies":"Slime Boss","floor":16,"turns":26},{"damage":58,"enemies":"Chosen","floor":18,"turns":12},{"damage":28,"enemies":"3 Byrds","floor":20,"turns":7},{"damage":15,"enemies":"Snake Plant","floor":22,"turns":6},{"damage":64,"enemies":"Cultist and Chosen","floor":25,"turns":8}],"seed_played":"742664728853163951","potions_obtained":[{"floor":4,"key":"PowerPotion"},{"floor":7,"key":"Block Potion"},{"floor":20,"key":"Dexterity Potion"}],"is_trial":false,"path_per_floor":["M","M","?","M","M","R","M","$","T","M","R","$","?","?","R","B",null,"M","?","M","$","M","R","T","M"],"character_chosen":"IRONCLAD","items_purchased":["Orichalcum","Bag of Marbles"],"campfire_rested":2,"item_purchase_floors":[8,21],"current_hp_per_floor":[75,78,78,80,78,78,70,70,70,66,66,66,54,43,67,64,80,40,40,30,30,33,57,57,0,0],"gold":39,"neow_bonus":"ONE_RANDOM_RARE_CARD","is_daily":false,"chose_seed":false,"campfire_upgraded":2,"win_rate":0.0,"timestamp":1608296512,"path_taken":["M","M","?","?","M","R","M","$","T","M","R","$","?","?","R","BOSS","M","?","M","$","M","R","?","M"],"items_purchased_type":["Relic","Relic"],"build_version":"2020-12-13","purchased_purges":1,"victory":false,"max_hp_per_floor":[80,80,80,80,80,80,80,80,80,80,80,80,80,80,80,80,80,80,80,80,80,80,80,80,80,80],"card_choices":[{"not_picked":["Pommel Strike","Reckless Charge"],"picked":"Entrench","floor":1},{"not_picked":["Burning Pact","True Grit","Havoc"],"picked":"SKIP","floor":2},{"not_picked":["Clothesline","Warcry"],"picked":"Seeing Red","floor":4},{"not_picked":["Combust","Metallicize"],"picked":"Inflame","floor":5},{"not_picked":["Uppercut","Rampage","Thunderclap"],"picked":"SKIP","floor":7},{"not_picked":["Flex","Perfected Strike","Shockwave"],"picked":"SKIP","floor":10},{"not_picked":["Impervious","Offering"],"picked":"Barricade","floor":16},{"not_picked":["Wild Strike+1","Thunderclap"],"picked":"Twin Strike","floor":18},{"not_picked":["Infernal Blade","Body Slam"],"picked":"Headbutt+1","floor":20},{"not_picked":["True Grit","Corruption"],"picked":"Sword Boomerang","floor":22}],"player_experience":137244,"relics_obtained":[{"floor":9,"key":"Kunai"},{"floor":24,"key":"MealTicket"}],"event_choices":[{"damage_healed":0,"gold_gain":0,"cards_transformed":["Strike_R"],"player_choice":"Transformed","damage_taken":0,"max_hp_gain":0,"max_hp_loss":0,"event_name":"Transmorgrifier","floor":3,"gold_loss":0,"cards_obtained":["Thunderclap"]},{"damage_healed":0,"gold_gain":0,"player_choice":"Success","damage_taken":12,"relics_obtained":["Meat on the Bone"],"max_hp_gain":0,"max_hp_loss":0,"event_name":"Scrap Ooze","floor":13,"gold_loss":0},{"damage_healed":0,"gold_gain":75,"player_choice":"Gather Gold","damage_taken":11,"max_hp_gain":0,"max_hp_loss":0,"event_name":"World of Goop","floor":14,"gold_loss":0},{"damage_healed":0,"gold_gain":0,"player_choice":"Ignored","damage_taken":0,"max_hp_gain":0,"max_hp_loss":0,"event_name":"Vampires","floor":19,"gold_loss":0}],"is_beta":false,"boss_relics":[{"not_picked":["Fusion Hammer","Black Star"],"picked":"Astrolabe"}],"items_purged_floors":[21],"is_endless":false,"potions_floor_spawned":[4,7,20],"killed_by":"Cultist and Chosen","ascension_level":0}}