{"host":"63yhhrjweyj22b0v","time":1608281149,"event":{"mods":["BaseMod","Minty Spire (QoL Compilation)","Quick Restart"],"gold_per_floor":[111,129,129,84,100,100,130,130,175,48,61,61,61,90,90,191,191,211,4,24,24,124,124,124,124],"floor_reached":24,"playtime":561,"items_purged":["Defend_R","Power Through"],"score":378,"play_id":"041e358e-ca7a-426c-a54f-fab7293532b4","local_time":"20201218024549","is_ascension_mode":true,"campfire_choices":[{"data":"Demon Form","floor":6,"key":"SMITH"},{"floor":8,"key":"REST"},{"floor":12,"key":"REST"},{"floor":15,"key":"REST"},{"data":"Heavy Blade","floor":23,"key":"SMITH"}],"circlet_count":0,"master_deck":["AscendersBane","Strike_R","Strike_R","Strike_R","Defend_R","Defend_R","Defend_R","Bash","Flex","Flex","Flex","Demon Form+1","Thunderclap","Thunderclap","Armaments","Reaper","Rage+1","Heavy Blade+1"],"relics":["Black Blood","NeowsBlessing","Happy Flower","Juzu Bracelet","Charon\u0027s Ashes","Membership Card","MutagenicStrength"],"acts_visited":["Exordium","TheCity"],"potions_floor_usage":[14,14,20,24],"damage_taken":[{"damage":0,"enemies":"Small Slimes","floor":1,"turns":1},{"damage":0,"enemies":"Cultist","floor":2,"turns":1},{"damage":0,"enemies":"Jaw Worm","floor":5,"turns":1},{"damage":50,"enemies":"3 Sentries","floor":7,"turns":9},{"damage":18,"enemies":"Gremlin Gang","floor":11,"turns":4},{"damage":63,"enemies":"Gremlin Nob","floor":14,"turns":5},{"damage":0,"enemies":"Slime Boss","floor":16,"turns":6},{"damage":37,"enemies":"Chosen","floor":18,"turns":5},{"damage":29,"enemies":"2 Thieves","floor":20,"turns":3},{"damage":102,"enemies":"Gremlin Leader","floor":24,"turns":5}],"seed_played":"-3837694609581097273","potions_obtained":[{"floor":5,"key":"Energy Potion"},{"floor":11,"key":"FearPotion"},{"floor":18,"key":"DistilledChaos"},{"floor":20,"key":"Regen Potion"}],"is_trial":false,"path_per_floor":["M","M","?","$","M","R","E","R","T","$","M","R","?","E","R","B",null,"M","$","M","?","?","R","E"],"character_chosen":"IRONCLAD","items_purchased":["Flex","Thunderclap","Membership Card"],"campfire_rested":3,"item_purchase_floors":[4,10,19],"current_hp_per_floor":[78,80,80,80,80,80,36,60,60,60,48,72,72,15,39,78,80,67,67,76,76,76,76,0,0],"gold":124,"neow_bonus":"THREE_ENEMY_KILL","is_daily":false,"chose_seed":false,"campfire_upgraded":2,"win_rate":0.0,"timestamp":1608281149,"path_taken":["M","M","?","?","?","R","E","R","T","$","M","R","?","E","R","BOSS","M","$","M","?","?","R","E"],"items_purchased_type":["Card","Card","Relic"],"build_version":"2020-12-13","purchased_purges":2,"victory":false,"max_hp_per_floor":[80,80,80,80,80,80,80,80,80,80,80,80,80,80,80,80,80,80,80,80,80,80,80,80,80],"card_choices":[{"not_picked":["Dual Wield","Shrug It Off"],"picked":"Flex","floor":1},{"not_picked":["Sentinel","Thunderclap"],"picked":"Flex","floor":2},{"not_picked":["Pommel Strike","True Grit"],"picked":"Demon Form","floor":5},{"not_picked":["Clothesline","Heavy Blade"],"picked":"Thunderclap","floor":7},{"not_picked":["Combust","Iron Wave"],"picked":"Armaments","floor":11},{"not_picked":["Disarm","Feel No Pain"],"picked":"Reaper","floor":14},{"not_picked":["Twin Strike","Sword Boomerang"],"picked":"Rage+1","floor":18},{"not_picked":["Thunderclap","Flame Barrier"],"picked":"Heavy Blade","floor":20}],"player_experience":622197,"relics_obtained":[{"floor":7,"key":"Happy Flower"},{"floor":9,"key":"Juzu Bracelet"},{"floor":14,"key":"Charon\u0027s Ashes"}],"event_choices":[{"cards_removed":["Strike_R"],"damage_healed":0,"gold_gain":0,"player_choice":"Purged","damage_taken":0,"max_hp_gain":0,"max_hp_loss":0,"event_name":"Purifier","floor":3,"gold_loss":0},{"damage_healed":0,"gold_gain":0,"cards_transformed":["Strike_R"],"player_choice":"Transformed","damage_taken":0,"max_hp_gain":0,"max_hp_loss":0,"event_name":"Transmorgrifier","floor":13,"gold_loss":0,"cards_obtained":["Power Through"]},{"damage_healed":0,"gold_gain":0,"player_choice":"Inject Mutagens","damage_taken":0,"relics_obtained":["MutagenicStrength"],"max_hp_gain":0,"max_hp_loss":0,"event_name":"Drug Dealer","floor":21,"gold_loss":0},{"damage_healed":0,"gold_gain":100,"player_choice":"Pray","damage_taken":0,"max_hp_gain":0,"max_hp_loss":0,"event_name":"Golden Shrine","floor":22,"gold_loss":0}],"is_beta":false,"boss_relics":[{"not_picked":["Pandora\u0027s Box","Fusion Hammer"],"picked":"Black Blood"}],"items_purged_floors":[10,19],"is_endless":false,"potions_floor_spawned":[5,11,18,20],"killed_by":"Gremlin Leader","ascension_level":10}}