{"host":"0azimyi6n3ugndj4","time":1608299052,"event":{"mods":["BaseMod","Bestiary","Conspire","Curses Come First","Defuse TimeMaze Blight","Hyrulean Relics","Infinite Spire","Minty Spire (QoL Compilation)","Relic Sorter","Relic Stats","Replay The Spire","StSLib","SuperFastMode","Uncapped","¡¼?Úª?ø«¡½REMEMod"],"gold_per_floor":[99,144,201,201,201,201,201],"floor_reached":6,"playtime":88,"items_purged":[],"score":193,"play_id":"11be16a7-a983-4cd7-b3e8-a0ba253afe35","local_time":"20201218224412","daily_mods":["Draft","Hoarder","Chimera","Shiny","Specialized","Vintage","ControlledChaos","Allstar","Diverse","Colorless Cards","Heirloom","Time Dilation","Flight","Binary","Elite Swarm","Lethality","Midas","Binary"],"is_ascension_mode":true,"campfire_choices":[],"circlet_count":0,"master_deck":["Demon Form","Wraith Form v2","Echo Form","DevaForm","AscendersBane","Bash","Survivor","Zap","Eruption","Strike_R","Strike_G","Strike_B","Defend_R","Defend_G","Defend_P","Brilliance","Devotion","Replay:AllIn","LessonLearned","Vault","Alpha","Establishment","REME_WorshipGod","Replay:LoomingThreat","DeusExMachina","Judgement","ConjureBlade","REME_EmptyShield","MasterReality","Blasphemy","Ragnarok","REME_CRH","Scrawl","Wish","Omniscience","SpiritShield","DevaForm","Hyperbeam","REME_ForAll","Machine Learning","Buffer","Mirror Shield","Seek","Echo Form","All For One","Reboot","Fission","Core Surge","Multi-Cast","Thunder Strike","Biased Cognition","REME_Shoggoth","Electrodynamics","ReplayRNGCard","ReplayTheSpireMod:Omega Cannon","Rainbow","Meteor Strike","ReplayTheSpireMod:Fabricate Wheel","Amplify","Creative AI","REME_ShadowForm","ReplayTheSpireMod:Necrosis","Corpse Explosion","Die Die Die","Atom Bomb","ReplayTheSpireMod:From All Sides","Adrenaline","Envenom","Doppelganger","Burst","Wraith Form v2","REME_SpectralBlade","Tools of the Trade","REME_CopyPotion","After Image","Poison Darts","A Thousand Cuts","Venomology","Replay:Bag of Tricks","Malaise","Phantasmal Killer","Night Terror","infinitespire:Neurotoxin","Unload","REME_GrazeFinale","Bullet Time","Storm of Steel","Glass Knife","Grand Finale","Double Tap","Demon Form","REME_ACTH","Fiend Fire","Eclipse","conspire:Purge","Berserk","Impervious","Juggernaut","Brutality","Demonic Infusion","conspire:HitWhereItHurts","Exhume","Offering","REME_Fury","Bludgeon","Feed","Replay:Many Hands","Limit Break","Corruption","Barricade","Hemogenesis","REME_TheLastStrike","Reaper","Immolate","Thinking Ahead","Metamorphosis","Master of Strategy","Magnetism","Chrysalis","Mayhem","REME_PuzzleBox","Secret Weapon","Midas Touch","ReplayTheSpireMod:Brewmster","REME_AllRoundStrike","Poisoned Strike","Sadistic Nature","Replay:Dark Deal","REME_Flogging","ReplayUltimateDefense","Transmutation","REME_BattleFury","HandOfGreed","ReplayTheSpireMod:Necrogeddon","Apotheosis","Panache","Violence","Secret Technique","The Bomb","Crow Ritual","REME_BuildACard","REME_ProfessionalPlagiarism","Deadly Poison","Deadly Poison","Deadly Poison","Deadly Poison","Deadly Poison","Deadly Poison","Deadly Poison","Deadly Poison","Deadly Poison","Deadly Poison","Deadly Poison","Deadly Poison","Deadly Poison","Deadly Poison","Deadly Poison","Sweeping Beam","Sweeping Beam","Sweeping Beam","PiercingWail","PiercingWail","PiercingWail","Headbutt","Headbutt","Headbutt","Infernal Blade","Infernal Blade","Infernal Blade","True Grit","True Grit","True Grit","Fasting2","Fasting2","Fasting2","Masterful Stab","Masterful Stab","Masterful Stab","Wireheading","Wireheading","Wireheading","Sneak Up","Sneak Up","Sneak Up","Deflect","Deflect","Deflect","WaveOfTheHand","WaveOfTheHand","WaveOfTheHand","Uppercut","Uppercut","Uppercut","Warcry","Warcry","Warcry","Poisoned Stab","Poisoned Stab","Poisoned Stab","Acrobatics","Acrobatics","Acrobatics","Apotheosis","Apotheosis","Apotheosis","Cloak And Dagger","Cloak And Dagger","Cloak And Dagger","Cloak And Dagger","Cloak And Dagger","Cloak And Dagger","Cloak And Dagger","Cloak And Dagger","Cloak And Dagger","Cloak And Dagger","Cloak And Dagger","Cloak And Dagger","Cloak And Dagger","Cloak And Dagger","Cloak And Dagger"],"relics":["Frozen Eye","Busted Crown","REME_ComplimentaryCards","Pondfish Scales","conspire:GiftBox","The Courier","Snack Pack","Sizzling Blood"],"acts_visited":["Exordium"],"potions_floor_usage":[6],"damage_taken":[{"damage":10,"enemies":"2 Louse","floor":2,"turns":2},{"damage":0,"enemies":"Small Slimes","floor":3,"turns":1},{"damage":69,"enemies":"Gremlin Nob","floor":6,"turns":3}],"seed_played":"-7134437410251019633","potions_obtained":[],"is_trial":true,"path_per_floor":["WH","M","M","?","WH","E"],"character_chosen":"THE_SILENT","items_purchased":[],"campfire_rested":0,"item_purchase_floors":[],"current_hp_per_floor":[59,49,49,53,60,0,0],"gold":201,"neow_bonus":"TEN_PERCENT_HP_BONUS","is_daily":false,"chose_seed":false,"campfire_upgraded":0,"win_rate":0.0,"timestamp":1608299052,"path_taken":["WH","M","M","?","WH","E"],"items_purchased_type":[],"build_version":"2020-12-13","purchased_purges":0,"victory":false,"max_hp_per_floor":[66,66,66,70,77,77,77],"relic_stats":{"Busted Crown":0,"counters":[3,6],"obtain_stats":[{"Frozen Eye":0,"Pondfish Scales":0,"conspire:GiftBox":1,"Busted Crown":0,"The Courier":2,"Snack Pack":3,"Sizzling Blood":4,"Ring of the Snake":0,"REME_ComplimentaryCards":0},{"Frozen Eye":0,"Pondfish Scales":0,"conspire:GiftBox":0,"Busted Crown":0,"The Courier":1,"Snack Pack":2,"Sizzling Blood":2,"Ring of the Snake":0,"REME_ComplimentaryCards":0},{"Frozen Eye":0,"Pondfish Scales":0,"conspire:GiftBox":0,"Busted Crown":0,"The Courier":2,"Snack Pack":3,"Sizzling Blood":3,"Ring of the Snake":0,"REME_ComplimentaryCards":0}]},"card_choices":[{"not_picked":["ReplaySort","BootSequence"],"picked":"Sweeping Beam","floor":0},{"not_picked":["Go for the Eyes","Headbutt"],"picked":"PiercingWail","floor":0},{"not_picked":["Replay:Sssssssssstrike","REME_SelfUpgrade"],"picked":"Headbutt","floor":0},{"not_picked":["Gash","Havoc"],"picked":"Infernal Blade","floor":0},{"not_picked":["Fusion","ReplayTheSpireMod:Corrosion Curse"],"picked":"True Grit","floor":0},{"not_picked":["Warcry","Flex"],"picked":"Fasting2","floor":0},{"not_picked":["Go for the Eyes","FlurryOfBlows"],"picked":"Masterful Stab","floor":0},{"not_picked":["ThirdEye","Thunderclap"],"picked":"Wireheading","floor":0},{"not_picked":["Deadly Poison","Panic Button"],"picked":"Sneak Up","floor":0},{"not_picked":["Body Slam","Bane"],"picked":"Deflect","floor":0},{"not_picked":["Evaluate","Replay:Anticipation"],"picked":"WaveOfTheHand","floor":0},{"not_picked":["Survey Options","Beam Cell"],"picked":"Uppercut","floor":0},{"not_picked":["EmptyFist","Darkness"],"picked":"Warcry","floor":0},{"not_picked":["Bane","Clash"],"picked":"Poisoned Stab","floor":0},{"not_picked":["Blind","Outmaneuver"],"picked":"Acrobatics","floor":0}],"player_experience":1462409,"relics_obtained":[{"floor":2,"key":"The Courier"},{"floor":3,"key":"Snack Pack"}],"event_choices":[],"is_beta":false,"boss_relics":[],"items_purged_floors":[],"is_endless":false,"potions_floor_spawned":[],"killed_by":"Gremlin Nob","ascension_level":20}}