{"host":"dth8fvkfiulu86fi","time":1608279341,"event":{"mods":["2.2 Compatiblity","AchievementEnabler","BaseMod","Better Third Choice","Colored Map","Colored Powertips","Minty Spire (QoL Compilation)","Rare Cards Sparkle","StSLib","SuperFastMode","Synergy Search"],"gold_per_floor":[144,189,234,279,141,231,276,276,301,691,736,781,549,639,639,939,1089,1134,753,753,753,798,843,843,897,897,449,503,503,503,528,528,528,528],"floor_reached":33,"playtime":1383,"items_purged":[],"score":319,"play_id":"520222be-bae9-40f6-9435-f69d0754a12f","local_time":"20201218091541","daily_mods":["Draft","Colorless Cards","Midas"],"is_ascension_mode":false,"campfire_choices":[{"floor":15.0,"key":"REST"},{"floor":24.0,"key":"DIG"},{"data":"1","floor":29.0,"key":"LIFT"},{"data":"2","floor":32,"key":"LIFT"}],"circlet_count":0,"master_deck":["Conclude","FlurryOfBlows","SashWhip","PathToVictory","EmptyMind","JustLucky","ReachHeaven","EmptyFist","FlurryOfBlows","JustLucky","JustLucky","EmptyFist","FlurryOfBlows","FlurryOfBlows","Blind","Protect","Finesse","Panacea","Mind Blast","Consecrate","Good Instincts+1","Consecrate","FlurryOfBlows","Consecrate","Blind","Protect","Dramatic Entrance","ReachHeaven","Prostrate+1","Prostrate","Protect","Violence","EmptyBody+1"],"relics":["PureWater","Oddly Smooth Stone","Lantern","Old Coin","Shovel","Tiny House","Membership Card","Mummified Hand","CeramicFish","Sundial","Turnip","StrikeDummy","Girya","Meat on the Bone","Art of War"],"acts_visited":["Exordium","TheCity"],"potions_floor_usage":[],"damage_taken":[{"damage":0.0,"enemies":"Small Slimes","floor":1.0,"turns":2.0},{"damage":4.0,"enemies":"Cultist","floor":2.0,"turns":3.0},{"damage":0.0,"enemies":"2 Louse","floor":3.0,"turns":2.0},{"damage":5.0,"enemies":"Blue Slaver","floor":4.0,"turns":3.0},{"damage":14.0,"enemies":"Gremlin Nob","floor":6.0,"turns":4.0},{"damage":7.0,"enemies":"Exordium Thugs","floor":7.0,"turns":2.0},{"damage":9.0,"enemies":"3 Sentries","floor":10.0,"turns":5.0},{"damage":3.0,"enemies":"Large Slime","floor":11.0,"turns":3.0},{"damage":0.0,"enemies":"Blue Slaver","floor":12.0,"turns":2.0},{"damage":9.0,"enemies":"Gremlin Nob","floor":14.0,"turns":4.0},{"damage":39.0,"enemies":"The Guardian","floor":16.0,"turns":11.0},{"damage":0.0,"enemies":"2 Thieves","floor":18.0,"turns":3.0},{"damage":8.0,"enemies":"3 Byrds","floor":22.0,"turns":4.0},{"damage":19.0,"enemies":"Snake Plant","floor":23.0,"turns":3.0},{"damage":27.0,"enemies":"Centurion and Healer","floor":25.0,"turns":5.0},{"damage":0.0,"enemies":"3 Cultists","floor":28.0,"turns":5.0},{"damage":71,"enemies":"Collector","floor":33,"turns":7}],"seed_played":"4511563792049188764","potions_obtained":[{"floor":1.0,"key":"SpeedPotion"},{"floor":2.0,"key":"Dexterity Potion"},{"floor":7.0,"key":"Strength Potion"},{"floor":11.0,"key":"GamblersBrew"},{"floor":14.0,"key":"Fruit Juice"},{"floor":17.0,"key":"SneckoOil"},{"floor":22.0,"key":"Explosive Potion"},{"floor":25.0,"key":"Fire Potion"}],"is_trial":false,"path_per_floor":["M","M","M","M","$","E","M","?","T","E","M","M","$","E","R","B",null,"M","$","?","?","M","M","R","M","T","$","M","R","?","T","R","B"],"character_chosen":"WATCHER","items_purchased":["Mind Blast","Consecrate","FlurryOfBlows","Consecrate","Blind","Protect","Membership Card","Mummified Hand","CeramicFish","ReachHeaven","Girya","Meat on the Bone","Prostrate","Protect","Violence","Regen Potion","Block Potion"],"campfire_rested":1,"item_purchase_floors":[5,5,13,13,13,13,19,19,19,19,27,27,27,27,27,27,27],"current_hp_per_floor":[72,68,68,63,63,49,42,42,42,33,30,30,30,21,42,8,82,82,82,82,82,74,55,55,28,28,28,52,52,52,52,52,0,0],"gold":528,"neow_bonus":"","is_daily":true,"chose_seed":false,"campfire_upgraded":0,"win_rate":0.0,"timestamp":1608279341,"path_taken":["M","M","M","M","$","E","M","?","T","E","M","?","$","E","R","BOSS","M","$","?","?","M","M","R","M","T","$","?","R","?","?","R","BOSS"],"items_purchased_type":["Card","Card","Card","Card","Card","Card","Relic","Relic","Relic","Card","Relic","Relic","Card","Card","Card","Potion","Potion"],"build_version":"2020-12-13","purchased_purges":0,"victory":false,"max_hp_per_floor":[72,72,72,72,72,72,72,72,72,72,72,72,72,72,72,77,82,82,82,82,82,82,82,82,82,82,82,82,82,82,82,82,82,82],"card_choices":[{"not_picked":["Vengeance","Adaptation"],"picked":"Conclude","floor":0.0},{"not_picked":["CrushJoints","Weave"],"picked":"FlurryOfBlows","floor":0.0},{"not_picked":["Crescendo","PathToVictory"],"picked":"SashWhip","floor":0.0},{"not_picked":["ThirdEye","Indignation"],"picked":"PathToVictory","floor":0.0},{"not_picked":["WheelKick","Nirvana"],"picked":"EmptyMind","floor":0.0},{"not_picked":["Fasting2","ThirdEye"],"picked":"JustLucky","floor":0.0},{"not_picked":["ClearTheMind","Evaluate"],"picked":"ReachHeaven","floor":0.0},{"not_picked":["PathToVictory","SignatureMove"],"picked":"EmptyFist","floor":0.0},{"not_picked":["Discovery","SashWhip"],"picked":"FlurryOfBlows","floor":0.0},{"not_picked":["Evaluate","EmptyMind"],"picked":"JustLucky","floor":0.0},{"not_picked":["ThirdEye","FollowUp"],"picked":"JustLucky","floor":0.0},{"not_picked":["BowlingBash","MentalFortress"],"picked":"EmptyFist","floor":0.0},{"not_picked":["PathToVictory","EmptyBody"],"picked":"FlurryOfBlows","floor":0.0},{"not_picked":["ThirdEye","Consecrate"],"picked":"FlurryOfBlows","floor":0.0},{"not_picked":["WindmillStrike","Protect"],"picked":"Blind","floor":0.0},{"not_picked":["SashWhip","BowlingBash","FearNoEvil"],"picked":"SKIP","floor":1.0},{"not_picked":["ThirdEye","BowlingBash"],"picked":"Protect","floor":2.0},{"not_picked":["Study","CrushJoints"],"picked":"Finesse","floor":3.0},{"not_picked":["FearNoEvil","Crescendo"],"picked":"Panacea","floor":4.0},{"not_picked":["SashWhip","PathToVictory","Trip"],"picked":"SKIP","floor":6.0},{"not_picked":["FollowUp","InnerPeace"],"picked":"Good Instincts","floor":7.0},{"not_picked":["Sanctity","Tantrum","Halt"],"picked":"SKIP","floor":10.0},{"not_picked":["Weave","Blind","SashWhip"],"picked":"SKIP","floor":11.0},{"not_picked":["BowlingBash","FlyingSleeves"],"picked":"Consecrate","floor":12.0},{"not_picked":["Alpha","CrushJoints","FollowUp"],"picked":"SKIP","floor":14.0},{"not_picked":["Bandage Up","CutThroughFate"],"picked":"Dramatic Entrance","floor":17.0},{"not_picked":["CutThroughFate","PathToVictory","Swivel"],"picked":"SKIP","floor":18.0},{"not_picked":["WindmillStrike","CrushJoints+1","ClearTheMind"],"picked":"SKIP","floor":22.0},{"not_picked":["Forethought","Study","InnerPeace"],"picked":"SKIP","floor":23.0},{"not_picked":["CrushJoints+1","Crescendo"],"picked":"Prostrate+1","floor":25.0},{"not_picked":["PathToVictory","Brilliance"],"picked":"EmptyBody+1","floor":28.0}],"player_experience":1109284,"relics_obtained":[{"floor":6.0,"key":"Oddly Smooth Stone"},{"floor":9.0,"key":"Lantern"},{"floor":10.0,"key":"Old Coin"},{"floor":14.0,"key":"Shovel"},{"floor":24.0,"key":"Turnip"},{"floor":26.0,"key":"StrikeDummy"},{"floor":31,"key":"Art of War"}],"event_choices":[{"damage_healed":0.0,"max_hp_gain":0.0,"max_hp_loss":0.0,"gold_gain":0.0,"event_name":"Wheel of Change","player_choice":"Cursed","floor":8.0,"gold_loss":0.0,"damage_taken":0.0,"cards_obtained":["Decay"]},{"damage_healed":0.0,"max_hp_gain":0.0,"max_hp_loss":0.0,"gold_gain":0.0,"event_name":"The Mausoleum","player_choice":"Opened","floor":20.0,"gold_loss":0.0,"damage_taken":0.0,"relics_obtained":["Sundial"]},{"cards_removed":["Decay"],"damage_healed":0.0,"max_hp_gain":0.0,"max_hp_loss":0.0,"gold_gain":0.0,"event_name":"Purifier","player_choice":"Purged","floor":21.0,"gold_loss":0.0,"damage_taken":0.0},{"damage_healed":0,"gold_gain":0,"player_choice":"Materialism","damage_taken":0,"max_hp_gain":0,"max_hp_loss":0,"event_name":"betterThird:BetterWriting","floor":30,"gold_loss":0}],"is_beta":false,"boss_relics":[{"not_picked":["SacredBark","Ectoplasm"],"picked":"Tiny House"}],"items_purged_floors":[],"is_endless":false,"potions_floor_spawned":[1,2,7,11,14,22,25],"killed_by":"Collector","ascension_level":0}}