{"host":"wgmqvkrq9e6a43rs","time":1608301442,"event":{"mods":["BaseMod","BetterRewards","Colored Map","DeckTracker","HololiveMod","Minty Spire (QoL Compilation)","StSLib","SuperFastMode"],"gold_per_floor":[180,180,8,83,83,83,113,13,13,38,38,52,68,102,102,205,205,217,169,169,193,193,239,239,262,314,314,102,146,146,157,157,264,264,276,326,326,326,10,43,60,103,103,7,7,45,61,93,93,100,100,100,3,35,45,45],"floor_reached":55,"playtime":5558,"items_purged":["Hololive_Strike","Hololive_Strike"],"score":1551,"play_id":"5bd931ff-de53-49fb-96ca-971877413ed5","local_time":"20201218232402","is_ascension_mode":true,"campfire_choices":[{"floor":6.0,"key":"REST"},{"data":"Hololive_CocoNews","floor":11.0,"key":"SMITH"},{"data":"Hololive_Yoholoon","floor":15.0,"key":"SMITH"},{"data":"Hololive_CallSpadeEcho","floor":24.0,"key":"SMITH"},{"data":"Hololive_OpenUp","floor":27.0,"key":"SMITH"},{"data":"Hololive_Yoholoon","floor":30.0,"key":"SMITH"},{"data":"Hololive_Nanodesu","floor":32.0,"key":"SMITH"},{"floor":45,"key":"RECALL"},{"data":"Hololive_ManjiGathering","floor":49,"key":"SMITH"},{"data":"Hololive_Thief","floor":52,"key":"SMITH"}],"circlet_count":0,"master_deck":["AscendersBane","Hololive_Defend+1","Hololive_Defend","Hololive_RevenueBasedLive+1","Hololive_CallAyundaRisu","Hololive_CallAZKi","Hololive_CallHoushouMarine","Hololive_CallAyundaRisu","Hololive_CallHimemoriLuna","Hololive_Psychosis","Hololive_Yoholoon+1","Hololive_Nanodesu+1","Hololive_CocoNews+1","Hololive_Rebound","Hololive_OpenUp+1","Hololive_CocoNews","Hololive_CallSpadeEcho+1","Ghostly","Ghostly","Ghostly","Ghostly","Ghostly","Hololive_CocoNews","Hololive_Yoholoon+1","Hololive_CallTokoyamiTowa","Hololive_CocoNews","Hololive_Rebound+1","Hololive_Yoholoon+1","Hololive_Thief+1","Hololive_Psychosis+1","Hololive_CallNakiriAyame","Hololive_Psychosis","Hololive_SoulCatcher+1","Hololive_DevilCharm","Good Instincts","Hololive_ManjiGathering+1","Hololive_Rebound","Hololive_CocoNews+1"],"relics":["Hololive_TheStar","Toy Ornithopter","Pen Nib","War Paint","Kunai","SacredBark","White Beast Statue","Du-Vu Doll","Smiling Mask","Philosopher\u0027s Stone","Bird Faced Urn","Nunchaku","Strawberry","InkBottle","HornCleat"],"acts_visited":["Exordium","TheCity","TheBeyond","TheEnding"],"potions_floor_usage":[40,42,50,54,55,55],"damage_taken":[{"damage":0.0,"enemies":"Cultist","floor":1.0,"turns":3.0},{"damage":4.0,"enemies":"Lagavulin","floor":7.0,"turns":6.0},{"damage":0.0,"enemies":"Gremlin Nob","floor":10.0,"turns":3.0},{"damage":1.0,"enemies":"Jaw Worm","floor":12.0,"turns":3.0},{"damage":0.0,"enemies":"2 Louse","floor":13.0,"turns":3.0},{"damage":0.0,"enemies":"Lagavulin","floor":14.0,"turns":4.0},{"damage":0.0,"enemies":"Hexaghost","floor":16.0,"turns":4.0},{"damage":0.0,"enemies":"Shell Parasite","floor":18.0,"turns":4.0},{"damage":8.0,"enemies":"3 Byrds","floor":21.0,"turns":4.0},{"damage":0.0,"enemies":"Book of Stabbing","floor":23.0,"turns":5.0},{"damage":0.0,"enemies":"Snecko","floor":25.0,"turns":4.0},{"damage":0.0,"enemies":"3 Cultists","floor":29.0,"turns":4.0},{"damage":2.0,"enemies":"Chosen and Byrds","floor":31.0,"turns":4.0},{"damage":0.0,"enemies":"Collector","floor":33.0,"turns":8.0},{"damage":0.0,"enemies":"Orb Walker","floor":35.0,"turns":3.0},{"damage":0.0,"enemies":"Mind Bloom Boss Battle","floor":36.0,"turns":5.0},{"damage":0,"enemies":"3 Darklings","floor":40,"turns":4},{"damage":0,"enemies":"Transient","floor":41,"turns":5},{"damage":0,"enemies":"Nemesis","floor":42,"turns":3},{"damage":0,"enemies":"Reptomancer","floor":46,"turns":4},{"damage":0,"enemies":"Spire Growth","floor":47,"turns":4},{"damage":0,"enemies":"Writhing Mass","floor":48,"turns":5},{"damage":9,"enemies":"Time Eater","floor":50,"turns":10},{"damage":2,"enemies":"Shield and Spear","floor":54,"turns":5},{"damage":39,"enemies":"The Heart","floor":55,"turns":8}],"seed_played":"-2633962146913729277","potions_obtained":[{"floor":13.0,"key":"LiquidBronze"},{"floor":14.0,"key":"Weak Potion"},{"floor":16.0,"key":"Weak Potion"},{"floor":21.0,"key":"Swift Potion"},{"floor":23.0,"key":"Dexterity Potion"},{"floor":25.0,"key":"DistilledChaos"},{"floor":29.0,"key":"Weak Potion"},{"floor":31.0,"key":"Block Potion"},{"floor":33.0,"key":"Dexterity Potion"},{"floor":36.0,"key":"Block Potion"},{"floor":40,"key":"Swift Potion"},{"floor":41,"key":"PowerPotion"},{"floor":42,"key":"Regen Potion"},{"floor":46,"key":"GamblersBrew"},{"floor":54,"key":"DuplicationPotion"}],"is_trial":false,"path_per_floor":["M","?","$","?","?","R","E","$","T","E","R","M","M","E","R","B",null,"M","$","?","M","?","E","R","M","T","R","$","M","R","M","R","B",null,"M","?","?","?","$","M","M","E","T","$","R","E","M","M","R","B",null,"R","$","E","B"],"character_chosen":"Hololive_HololiveCharacter","items_purchased":["Hololive_Yoholoon","PowerPotion","Weak Potion","Hololive_CocoNews","Dexterity Potion","AttackPotion","Hololive_Yoholoon","Hololive_CallTokoyamiTowa","Hololive_CocoNews","Hololive_CallNakiriAyame","Nunchaku","Hololive_Psychosis","Good Instincts","PowerPotion","Hololive_Rebound"],"campfire_rested":1,"item_purchase_floors":[3,3,3,8,8,19,28,28,28,39,39,39,44,53,53],"current_hp_per_floor":[32,25,25,14,19,31,27,27,27,27,27,31,31,31,31,36,39,40,40,40,32,20,20,20,20,20,20,20,20,20,18,18,18,20,20,20,20,19,19,19,19,26,26,26,26,26,26,26,26,26,26,26,26,26,0,0],"gold":45,"neow_bonus":"HUNDRED_GOLD","is_daily":false,"chose_seed":false,"campfire_upgraded":8,"win_rate":0.0,"timestamp":1608301442,"path_taken":["M","?","$","?","?","R","E","$","T","E","R","M","M","E","R","BOSS","M","$","?","M","?","E","R","M","T","R","$","M","R","M","R","BOSS","M","?","?","?","$","M","?","E","T","?","R","E","M","M","R","BOSS","R","$","E","BOSS"],"items_purchased_type":["Card","Potion","Potion","Card","Potion","Potion","Card","Card","Card","Card","Relic","Card","Card","Potion","Card"],"build_version":"2020-12-13","purchased_purges":2,"victory":false,"max_hp_per_floor":[35,35,35,35,40,40,40,40,40,40,40,40,40,40,40,40,40,40,40,40,40,20,20,20,20,20,20,20,20,20,20,20,20,20,20,20,20,19,19,19,19,26,26,26,26,26,26,26,26,26,26,26,26,26,26,26],"card_choices":[{"not_picked":["Hololive_CallShirakamiFubuki","Hololive_HuntDinosaur","Hololive_LuckPotion"],"picked":"Hololive_Psychosis","floor":1.0},{"not_picked":["Hololive_Psychosis","Hololive_FlyingPonyTail","Hololive_CallNekomataOkayu"],"picked":"Hololive_Nanodesu","floor":7.0},{"not_picked":["Hololive_OvertimeWork","Hololive_CallYukihanaLamy","Hololive_Trident"],"picked":"Hololive_Rebound","floor":10.0},{"not_picked":["Hololive_StrengthChampion","Hololive_Drill","Hololive_CallTokinoSora","Hololive_CallRosalyn"],"picked":"SKIP","floor":12.0},{"not_picked":["Hololive_HuntDinosaur","Hololive_CallShiroganeNoel","Hololive_CallKiryuuCoco","Hololive_CallManoAloe"],"picked":"SKIP","floor":13.0},{"not_picked":["Hololive_StrengthChampion","Hololive_FlyingPonyTail","Hololive_CallAmaneKanata","Hololive_CallYozoraMel"],"picked":"SKIP","floor":14.0},{"not_picked":["Hololive_ScarfAndHalo","Hololive_IdolExercise","Hololive_DurableLive"],"picked":"Hololive_OpenUp","floor":16.0},{"not_picked":["Hololive_Breathe","Hololive_BringToTrial","Hololive_FlyingPonyTail"],"picked":"Hololive_CocoNews","floor":18.0},{"not_picked":["Hololive_StrengthChampion","Hololive_Rebound","Hololive_CallAkiRosenthal+1"],"picked":"Hololive_CallSpadeEcho","floor":21.0},{"not_picked":["Hololive_CallManoAloe+1","Hololive_FlareMind","Hololive_CallRosalyn","Hololive_LuckPotion"],"picked":"SKIP","floor":23.0},{"not_picked":["Hololive_FlyingPonyTail","Hololive_LuckPotion","Hololive_Trident"],"picked":"Hololive_CocoNews","floor":25.0},{"not_picked":["Hololive_Drill+1","Hololive_HuntDinosaur","Hololive_DiamondStrike"],"picked":"Hololive_Rebound+1","floor":29.0},{"not_picked":["Hololive_CallYozoraMel+1","Hololive_FlyingPonyTail","Hololive_Sequa+1"],"picked":"Hololive_Yoholoon+1","floor":31.0},{"not_picked":["Hololive_DurableLive","Hololive_ScarfAndHalo","Hololive_DDD"],"picked":"Hololive_Thief","floor":33.0},{"not_picked":["Hololive_Breathe","Hololive_CallKiryuuCoco+1","Hololive_RevenueBasedLive"],"picked":"Hololive_Psychosis+1","floor":35.0},{"not_picked":["Hololive_StrengthChampion+1","Hololive_HuntDinosaur+1","Hololive_CocoNews"],"picked":"Hololive_SoulCatcher+1","floor":40},{"not_picked":["Hololive_CallInugamiKorone","Hololive_RevenueBasedLive","Hololive_Rebirth","Hololive_CallTokinoSora+1"],"picked":"SKIP","floor":41},{"not_picked":["Hololive_OvertimeWork","Hololive_FlyingPonyTail","Hololive_CallMomosuzuNene+1"],"picked":"Hololive_DevilCharm","floor":42},{"not_picked":["Hololive_HuntDinosaur","Hololive_LuckPotion","Hololive_CallAmaneKanata","Hololive_CocoNews"],"picked":"SKIP","floor":46},{"not_picked":["Hololive_RevenueBasedLive","Hololive_Trident+1","Hololive_CallShishiroBotan+1","Hololive_CallDoris"],"picked":"SKIP","floor":47},{"not_picked":["Hololive_RevenueBasedLive","Hololive_Trident+1","Hololive_CallShishiroBotan+1","Hololive_CallDoris"],"picked":"SKIP","floor":47},{"not_picked":["Hololive_Teleport+1","Hololive_Drill+1","Hololive_CallYozoraMel+1"],"picked":"Hololive_ManjiGathering","floor":48},{"not_picked":["Hololive_CallTokinoSora+1","Hololive_CallShiranuiFlare+1","Hololive_Trident+1"],"picked":"Hololive_CocoNews+1","floor":54}],"player_experience":1090225,"relics_obtained":[{"floor":7.0,"key":"Toy Ornithopter"},{"floor":9.0,"key":"Pen Nib"},{"floor":10.0,"key":"War Paint"},{"floor":14.0,"key":"Kunai"},{"floor":23.0,"key":"Du-Vu Doll"},{"floor":26.0,"key":"Smiling Mask"},{"floor":36.0,"key":"Bird Faced Urn"},{"floor":42,"key":"Strawberry"},{"floor":46,"key":"InkBottle"},{"floor":54,"key":"HornCleat"}],"event_choices":[{"damage_healed":0.0,"max_hp_gain":0.0,"max_hp_loss":0.0,"gold_gain":0.0,"event_name":"Scrap Ooze","player_choice":"Fled","floor":2.0,"gold_loss":0.0,"damage_taken":7.0},{"damage_healed":0.0,"max_hp_gain":0.0,"max_hp_loss":0.0,"gold_gain":75.0,"event_name":"World of Goop","player_choice":"Gather Gold","floor":4.0,"gold_loss":0.0,"damage_taken":11.0},{"damage_healed":0.0,"max_hp_gain":5.0,"max_hp_loss":0.0,"gold_gain":0.0,"event_name":"Big Fish","player_choice":"Donut","floor":5.0,"gold_loss":0.0,"damage_taken":0.0},{"damage_healed":0.0,"max_hp_gain":0.0,"max_hp_loss":0.0,"gold_gain":0.0,"event_name":"The Mausoleum","player_choice":"Opened","floor":20.0,"gold_loss":0.0,"damage_taken":0.0,"relics_obtained":["White Beast Statue"]},{"damage_healed":0.0,"max_hp_gain":0.0,"max_hp_loss":20.0,"gold_gain":0.0,"event_name":"Ghosts","player_choice":"Became a Ghost","floor":22.0,"gold_loss":0.0,"damage_taken":0.0,"cards_obtained":["Ghostly","Ghostly","Ghostly","Ghostly","Ghostly"]},{"damage_healed":0.0,"max_hp_gain":0.0,"max_hp_loss":0.0,"gold_gain":0.0,"event_name":"MindBloom","player_choice":"Fight","floor":36.0,"gold_loss":0.0,"damage_taken":0.0},{"damage_healed":0.0,"max_hp_gain":0.0,"max_hp_loss":0.0,"gold_gain":0.0,"event_name":"Tomb of Lord Red Mask","player_choice":"Ignored","floor":37.0,"gold_loss":0.0,"damage_taken":0.0},{"damage_healed":0.0,"max_hp_gain":0.0,"max_hp_loss":1.0,"gold_gain":0.0,"event_name":"Winding Halls","player_choice":"Max HP","floor":38.0,"gold_loss":0.0,"damage_taken":0.0}],"is_beta":false,"boss_relics":[{"not_picked":["Pandora\u0027s Box","Snecko Eye"],"picked":"SacredBark"},{"not_picked":["Astrolabe","Tiny House"],"picked":"Philosopher\u0027s Stone"}],"items_purged_floors":[28,39],"is_endless":false,"potions_floor_spawned":[13,14,16,21,23,25,29,31,33,35,36,40,41,42,46,47,48,54],"killed_by":"The Heart","ascension_level":11}}