{"host":"4pmzrw6j7p9u06vv","time":1608255386,"event":{"mods":["Act Like it!","BaseMod","BetterRewards","Downfall","Gensokyo","Hermit","MarisaÅiñ∂âJÅ@ñÇóùçπÅj","Minty Spire (QoL Compilation)","Replay The Spire","StSLib","The Jungle"],"gold_per_floor":[110,180,12,287,298,333,344,344,417,430,430,430,450,465,465,492,492,596,596,616,631,203,203,223,223,235,235,261,261,281,294,219,219,219,219,219],"floor_reached":35,"playtime":8352,"items_purged":["ReplayTheSpireMod:Splinters","hermit:Defend_Hermit"],"score":294,"play_id":"2e8d0d67-3fab-4561-b226-4e5a9639dfa3","local_time":"20201217223626","is_ascension_mode":false,"campfire_choices":[{"data":"hermit:Snapshot","floor":8,"key":"SMITH"},{"floor":15,"key":"RECALL"},{"floor":17,"key":"REST"},{"floor":25,"key":"REST"},{"data":"expansioncontent:DashGenerateEvil","floor":27,"key":"SMITH"},{"floor":34,"key":"REST"}],"circlet_count":0,"master_deck":["hermit:Strike_Hermit","hermit:Strike_Hermit","hermit:Defend_Hermit","hermit:Defend_Hermit","hermit:Defend_Hermit","hermit:Snapshot+1","hermit:Covet","Regret","hermit:EyeOfTheStorm","hermit:Misfire","hermit:FromBeyond","hermit:Reprieve","Pot Of Greed","expansioncontent:DashGenerateEvil+1","ReplayTheSpireMod:Private Reserves"],"relics":["hermit:Momento","MealTicket","Lantern","Mango","SacredBark","Grinning Jar","Toy Ornithopter"],"acts_visited":["Exordium","TheCity"],"potions_floor_usage":[2,2,16,16,18,18,26,35,35,35],"damage_taken":[{"damage":0,"enemies":"2 Louse","floor":1,"turns":2},{"damage":0,"enemies":"Cultist","floor":5,"turns":4},{"damage":46,"enemies":"3 Sentries","floor":6,"turns":14},{"damage":1,"enemies":"Jaw Worm","floor":7,"turns":3},{"damage":8,"enemies":"Red Slaver","floor":10,"turns":3},{"damage":1,"enemies":"Exordium Wildlife","floor":13,"turns":3},{"damage":0,"enemies":"3 Louse","floor":14,"turns":3},{"damage":15,"enemies":"Lagavulin","floor":16,"turns":5},{"damage":52,"enemies":"The Guardian","floor":18,"turns":11},{"damage":35,"enemies":"Shell Parasite","floor":20,"turns":7},{"damage":14,"enemies":"Spheric Guardian","floor":21,"turns":4},{"damage":43,"enemies":"Snake Plant","floor":24,"turns":5},{"damage":5,"enemies":"Chosen and Byrds","floor":26,"turns":4},{"damage":34,"enemies":"Centurion and Healer","floor":30,"turns":9},{"damage":33,"enemies":"Snake Plant","floor":31,"turns":4},{"damage":83,"enemies":"Collector","floor":35,"turns":6}],"seed_played":"7855818980694353641","potions_obtained":[{"floor":2,"key":"PowerPotion"},{"floor":2,"key":"Fruit Juice"},{"floor":2,"key":"Fruit Juice"},{"floor":5,"key":"LiquidMemories"},{"floor":16,"key":"hermit:BlackBile"},{"floor":18,"key":"hermit:BlackBile"},{"floor":20,"key":"Milkshake"},{"floor":24,"key":"AttackPotion"},{"floor":31,"key":"champ:CounterPotion"}],"is_trial":false,"path_per_floor":["M","?","$","?","M","E","M","R","T","M","PTL","PTL","M","M","R","E","R","B",null,"M","M","$","?","M","R","M","R","T","?","M","M","?","?","R","B"],"character_chosen":"HERMIT","items_purchased":["Death Potion","Grinning Jar","expansioncontent:DashGenerateEvil"],"campfire_rested":3,"item_purchase_floors":[3,22,22],"current_hp_per_floor":[75,85,85,85,85,39,38,38,38,30,30,30,29,29,29,28,57,5,99,71,65,80,80,41,70,73,73,73,73,43,30,30,30,59,0,0],"gold":219,"neow_bonus":"RANDOM_COMMON_RELIC","is_daily":false,"chose_seed":false,"campfire_upgraded":2,"win_rate":0.0,"timestamp":1608255386,"path_taken":["M","?","$","?","M","E","M","R","T","M","PTL","PTL","M","?","R","E","R","BOSS","M","M","$","?","M","R","?","R","T","?","M","M","?","?","R","BOSS"],"items_purchased_type":["Potion","Relic","Card"],"build_version":"2020-12-13","purchased_purges":2,"victory":false,"max_hp_per_floor":[75,85,85,85,85,85,85,85,85,85,85,85,85,85,85,99,99,99,99,99,99,99,99,99,99,99,99,99,99,99,99,99,99,99,99,99],"card_choices":[{"not_picked":["hermit:LowProfile","hermit:Coalescence","hermit:Spite"],"picked":"SKIP","floor":1},{"not_picked":["hermit:Roulette","hermit:Desperado"],"picked":"hermit:EyeOfTheStorm","floor":5},{"not_picked":["hermit:HoleUp","hermit:LowProfile"],"picked":"hermit:Misfire","floor":6},{"not_picked":["hermit:CalledShot","hermit:HighCaliber","hermit:Headshot"],"picked":"SKIP","floor":7},{"not_picked":["hermit:ItchyTrigger","hermit:GhostlyPresence"],"picked":"hermit:FromBeyond","floor":10},{"not_picked":["hermit:Manifest","hermit:LowProfile","hermit:Vantage"],"picked":"SKIP","floor":13},{"not_picked":["hermit:Headshot","hermit:Roulette","hermit:CalledShot"],"picked":"SKIP","floor":14},{"not_picked":["hermit:Manifest","hermit:Headshot","hermit:LowProfile"],"picked":"SKIP","floor":16},{"not_picked":["hermit:Magnum","hermit:Dissolve"],"picked":"hermit:Reprieve","floor":18},{"not_picked":["hermit:TakeCover","hermit:EyeOfTheStorm","hermit:HoleUp+1"],"picked":"SKIP","floor":20},{"not_picked":["hermit:TakeCover","hermit:BodyArmor","hermit:LowProfile"],"picked":"SKIP","floor":21},{"not_picked":["hermit:ItchyTrigger","hermit:FullyLoaded","hermit:Coalescence"],"picked":"SKIP","floor":24},{"not_picked":["hermit:OverwhelmingPower","hermit:Roulette","hermit:Gestalt"],"picked":"SKIP","floor":26},{"not_picked":["hermit:ShadowCloak+1","hermit:Deadeye","hermit:Glare"],"picked":"SKIP","floor":30},{"not_picked":["hermit:EyeOfTheStorm+1","hermit:HighCaliber+1","hermit:Spite+1"],"picked":"SKIP","floor":31}],"player_experience":46603,"relics_obtained":[{"floor":6,"key":"Lantern"},{"floor":16,"key":"Mango"},{"floor":28,"key":"Toy Ornithopter"}],"event_choices":[{"damage_healed":0,"gold_gain":275,"player_choice":"Desecrate","damage_taken":0,"max_hp_gain":0,"max_hp_loss":0,"event_name":"Golden Shrine","floor":4,"gold_loss":0,"cards_obtained":["Regret"]},{"cards_removed":["hermit:Strike_Hermit"],"damage_healed":0,"gold_gain":0,"player_choice":"Purged","damage_taken":0,"max_hp_gain":0,"max_hp_loss":0,"event_name":"Purifier","floor":23,"gold_loss":0},{"cards_removed":["hermit:Strike_Hermit"],"damage_healed":0,"gold_gain":0,"player_choice":"Gave Gold","damage_taken":0,"max_hp_gain":0,"max_hp_loss":0,"event_name":"Beggar","floor":32,"gold_loss":75},{"damage_healed":0,"gold_gain":0,"cards_transformed":["Pot Of Greed"],"player_choice":"Transformed","damage_taken":0,"max_hp_gain":0,"max_hp_loss":0,"event_name":"Transmorgrifier","floor":33,"gold_loss":0,"cards_obtained":["ReplayTheSpireMod:Private Reserves"]}],"is_beta":false,"boss_relics":[{"not_picked":["Velvet Choker","Replay:Bronze Core"],"picked":"SacredBark"}],"items_purged_floors":[3,22],"is_endless":false,"potions_floor_spawned":[5,7,13,16,18,20,24,31],"killed_by":"Collector","ascension_level":0}}