{"host":"ye7dkdlypz0ka1od","time":1608291404,"event":{"mods":["Act Like it!","Aspiration","BaseMod","Better Third Choice","Gensokyo","Hallownest","Infinite Spire","Marisa????????","Minty Spire (QoL Compilation)","StSLib","The Exalted","The Runesmith"],"gold_per_floor":[17,17,29,29,29,29,45,45,70,132,147,174,188,216,216,313,313,327,327,400,414,434,434,449,449,449,449,466,466,490,415,415,511,511,525,540,540,554,554,554],"floor_reached":39,"playtime":1215,"items_purged":["Bromod:BulletJump"],"score":506,"play_id":"4f2a783b-f17d-49fc-9206-c78253268bb0","local_time":"20201218063644","is_ascension_mode":false,"campfire_choices":[{"data":"Bromod:Thunderbolt","floor":6,"key":"SMITH"},{"data":"Bromod:Vitality","floor":8,"key":"SMITH"},{"data":"Bromod:Thunderbolt","floor":15,"key":"SMITH"},{"floor":23,"key":"REST"},{"data":"Bromod:FastHands","floor":25,"key":"SMITH"},{"data":"Bromod:FastHands","floor":29,"key":"SMITH"},{"floor":32,"key":"REST"}],"circlet_count":0,"master_deck":["Bromod:Defend_Bro","Bromod:Defend_Bro","Bromod:Defend_Bro","Bromod:SlashDash+1","Bromod:SlashDash","Bromod:SlashDash","Bromod:Thunderbolt+1","Bromod:Vitality+1","Bromod:ShatteringImpact","Bromod:QuickDraw","Bromod:QuickDraw","Bromod:Thunderbolt+1","Bromod:Frostbite","Bromod:FastHands+1","Bromod:FastHands+1","Bromod:ThermiteRounds","Bromod:Stretch+1"],"relics":["Bromod:Ordis","Bromod:AscarisDevice","Smiling Mask","Tiny Chest","aspiration:Lifesprig","Potion Belt","Black Star","Bromod:ArcaneAwakening","infinitespire:Joker Card","Bromod:ArcaneVictory","Art of War","SlaversCollar","Girya"],"acts_visited":["Exordium","TheCity","TheBeyond"],"potions_floor_usage":[14,35,36,38,38],"damage_taken":[{"damage":1,"enemies":"Cultist","floor":1,"turns":3},{"damage":3,"enemies":"Jaw Worm","floor":3,"turns":5},{"damage":0,"enemies":"Small Slimes","floor":7,"turns":3},{"damage":8,"enemies":"3 Sentries","floor":10,"turns":4},{"damage":0,"enemies":"2 Fungi Beasts","floor":11,"turns":2},{"damage":0,"enemies":"Large Slime","floor":13,"turns":2},{"damage":0,"enemies":"Lagavulin","floor":14,"turns":3},{"damage":0,"enemies":"The Guardian","floor":16,"turns":6},{"damage":20,"enemies":"2 Thieves","floor":18,"turns":3},{"damage":10,"enemies":"Shell Parasite","floor":21,"turns":2},{"damage":18,"enemies":"Shelled Parasite and Fungi","floor":22,"turns":3},{"damage":0,"enemies":"Snecko","floor":24,"turns":4},{"damage":0,"enemies":"Snake Plant","floor":28,"turns":2},{"damage":0,"enemies":"Collector","floor":33,"turns":3},{"damage":0,"enemies":"Orb Walker","floor":35,"turns":1},{"damage":0,"enemies":"3 Darklings","floor":36,"turns":2},{"damage":4,"enemies":"Writhing Mass","floor":38,"turns":3},{"damage":29,"enemies":"infinitespire:Three Voidlings","floor":39,"turns":3},{"damage":50,"enemies":"Nightmare_Alpha","floor":39,"turns":6}],"seed_played":"903685794275349563","potions_obtained":[{"floor":1,"key":"BlessingOfTheForge"},{"floor":7,"key":"SmokeBomb"},{"floor":13,"key":"SpeedPotion"},{"floor":18,"key":"BlessingOfTheForge"},{"floor":21,"key":"BlessingOfTheForge"},{"floor":28,"key":"Energy Potion"},{"floor":33,"key":"SkillPotion"},{"floor":35,"key":"AttackPotion"}],"is_trial":false,"path_per_floor":["M","?","M","?","?","R","M","R","T","?","M","T","M","E","R","B",null,"M","?","T","M","M","R","M","R","T","?","M","R","T","?","R","B",null,"M","M","AVR","M","?"],"character_chosen":"THE_EXALTED","items_purchased":[],"campfire_rested":2,"item_purchase_floors":[],"current_hp_per_floor":[74,67,64,64,64,64,64,64,64,56,56,56,56,56,56,56,75,55,55,55,45,27,49,49,49,49,49,50,50,50,50,72,75,75,75,75,75,72,0,0],"gold":554,"neow_bonus":"THREE_RARE_CARDS","is_daily":false,"chose_seed":false,"campfire_upgraded":5,"win_rate":0.0,"timestamp":1608291404,"path_taken":["M","?","M","?","?","R","M","R","T","?","M","?","?","E","R","BOSS","M","?","?","?","M","R","M","R","T","?","?","R","?","?","R","BOSS","M","M","AVR","M","?"],"items_purchased_type":[],"build_version":"2020-12-13","purchased_purges":1,"victory":false,"max_hp_per_floor":[75,75,75,75,75,75,75,75,75,75,75,75,75,75,75,75,75,75,75,75,75,75,75,75,75,75,75,75,75,75,75,75,75,75,75,75,75,75,75,75],"card_choices":[{"not_picked":["Bromod:ConditionOverload","Bromod:Rage"],"picked":"Bromod:Thunderbolt","floor":0},{"not_picked":["Bromod:Serration","Bromod:PointBlank"],"picked":"Bromod:Vitality","floor":1},{"not_picked":["Bromod:TacticalPump","Bromod:PressurePoint"],"picked":"Bromod:ShatteringImpact","floor":3},{"not_picked":["Bromod:SplitChamber","Bromod:SteelFiber"],"picked":"Bromod:QuickDraw","floor":7},{"not_picked":["Bromod:BulletJump","Bromod:SeismicWave"],"picked":"Bromod:QuickDraw","floor":11},{"not_picked":["Bromod:SteelFiber","Bromod:Rejuvenation","Bromod:BodyCount"],"picked":"SKIP","floor":13},{"not_picked":["Bromod:ShatteringImpact","Bromod:OrganShatter"],"picked":"Bromod:Thunderbolt","floor":14},{"not_picked":["Bromod:Intensify","Bromod:Adaptation"],"picked":"Bromod:Frostbite","floor":16},{"not_picked":["Bromod:BodyCount+1","Bromod:Reflection"],"picked":"Bromod:BulletJump","floor":18},{"not_picked":["Bromod:SlipMagazine","Bromod:Reflection+1"],"picked":"Bromod:FastHands","floor":21},{"not_picked":["Bromod:SteelFiber","Bromod:QuickDraw"],"picked":"Bromod:FastHands","floor":22},{"not_picked":["Bromod:OrganShatter","Bromod:Foundry+1","Bromod:Redirection"],"picked":"SKIP","floor":24},{"not_picked":["Bromod:EnergySiphon","Bromod:SlipMagazine","Bromod:FastHands"],"picked":"SKIP","floor":28},{"not_picked":["Bromod:Continuity","Bromod:ConditionOverload"],"picked":"Bromod:ThermiteRounds","floor":33},{"not_picked":["Bromod:Foundry+1","Bromod:ReflexCoil+1"],"picked":"Bromod:Stretch+1","floor":35},{"not_picked":["Bromod:ReflexCoil","Bromod:SteelFiber","Bromod:Reflection+1"],"picked":"SKIP","floor":36},{"not_picked":["Bromod:ShatteringImpact+1","Bromod:PointStrike","Bromod:NoReturn"],"picked":"SKIP","floor":38}],"player_experience":1439098,"relics_obtained":[{"floor":9,"key":"Smiling Mask"},{"floor":10,"key":"Tiny Chest"},{"floor":12,"key":"aspiration:Lifesprig"},{"floor":14,"key":"Potion Belt"},{"floor":20,"key":"Bromod:ArcaneAwakening"},{"floor":26,"key":"infinitespire:Joker Card"},{"floor":30,"key":"Art of War"}],"event_choices":[{"cards_removed":["Bromod:Strike_Bro"],"damage_healed":0,"gold_gain":0,"player_choice":"Card Removal","damage_taken":7,"max_hp_gain":0,"max_hp_loss":0,"event_name":"Golden Wing","floor":2,"gold_loss":0},{"cards_removed":["Bromod:Strike_Bro"],"damage_healed":0,"gold_gain":0,"player_choice":"Forget","damage_taken":0,"max_hp_gain":0,"max_hp_loss":0,"event_name":"Living Wall","floor":5,"gold_loss":0},{"damage_healed":0,"gold_gain":0,"player_choice":"Searched \u00271\u0027 times","damage_taken":0,"max_hp_gain":0,"max_hp_loss":0,"event_name":"Dead Adventurer","floor":10,"gold_loss":0},{"damage_healed":0,"gold_gain":0,"player_choice":"Gave Potion","damage_taken":0,"relics_obtained":["Bromod:ArcaneVictory"],"max_hp_gain":0,"max_hp_loss":0,"event_name":"WeMeetAgain","floor":27,"gold_loss":0},{"cards_removed":["Bromod:Strike_Bro"],"damage_healed":0,"gold_gain":0,"player_choice":"Gave Gold","damage_taken":0,"max_hp_gain":0,"max_hp_loss":0,"event_name":"Beggar","floor":31,"gold_loss":75}],"is_beta":false,"boss_relics":[{"not_picked":["Coffee Dripper","Philosopher\u0027s Stone"],"picked":"Black Star"},{"not_picked":["aspiration:SecretTechniqueScroll","aspiration:SilentSkillbook"],"picked":"SlaversCollar"}],"items_purged_floors":[37],"is_endless":false,"potions_floor_spawned":[1,7,13,18,21,28,33,35],"killed_by":"Nightmare_Alpha","ascension_level":0}}