{"host":"9v3x998ddbx8o276","time":1608269472,"event":{"mods":["AchievementEnabler","BaseMod","Colored Map","Highlight Path","Minty Spire (QoL Compilation)","Quick Restart","Rare Cards Sparkle"],"gold_per_floor":[118,7,7,22,37,37,51,91,117,117,117],"floor_reached":10,"playtime":295,"items_purged":[],"score":136,"play_id":"288236be-3bb2-4e7a-9594-19c04b510fbe","local_time":"20201218160112","is_ascension_mode":true,"campfire_choices":[{"floor":6,"key":"REST"}],"circlet_count":0,"master_deck":["AscendersBane","Strike_B","Strike_B","Strike_B","Strike_B","Defend_B","Defend_B","Defend_B","Defend_B","Zap","Dualcast","White Noise","Compile Driver","Reinforced Body","Glacier","Doom and Gloom","Ball Lightning","Reboot"],"relics":["Cracked Core","Art of War","CeramicFish","Ancient Tea Set"],"acts_visited":["Exordium"],"potions_floor_usage":[10,10],"damage_taken":[{"damage":6,"enemies":"Cultist","floor":1,"turns":4},{"damage":7,"enemies":"Jaw Worm","floor":4,"turns":3},{"damage":0,"enemies":"2 Louse","floor":5,"turns":4},{"damage":0,"enemies":"Large Slime","floor":7,"turns":5},{"damage":50,"enemies":"Gremlin Nob","floor":8,"turns":6},{"damage":15,"enemies":"3 Sentries","floor":10,"turns":2}],"seed_played":"7636002721025482969","potions_obtained":[{"floor":0,"key":"Energy Potion"},{"floor":0,"key":"SmokeBomb"},{"floor":1,"key":"ColorlessPotion"},{"floor":4,"key":"Regen Potion"}],"is_trial":false,"path_per_floor":["M","$","?","M","M","R","M","E","T","E"],"character_chosen":"DEFECT","items_purchased":["Compile Driver","Reinforced Body"],"campfire_rested":1,"item_purchase_floors":[2,2],"current_hp_per_floor":[58,58,40,33,33,54,54,4,4,0,0],"gold":117,"neow_bonus":"THREE_SMALL_POTIONS","is_daily":false,"chose_seed":false,"campfire_upgraded":0,"win_rate":0.0,"timestamp":1608269472,"path_taken":["M","$","?","M","M","R","M","E","T","E"],"items_purchased_type":["Card","Card"],"build_version":"2020-12-13","purchased_purges":0,"victory":false,"max_hp_per_floor":[71,71,71,71,71,71,71,71,71,71,71],"card_choices":[{"not_picked":["Gash","Reinforced Body"],"picked":"White Noise","floor":1},{"not_picked":["White Noise","Compile Driver"],"picked":"Glacier","floor":4},{"not_picked":["Beam Cell","Barrage"],"picked":"Doom and Gloom","floor":5},{"not_picked":["Recycle","Rebound"],"picked":"Ball Lightning","floor":7},{"not_picked":["Rebound","All For One"],"picked":"Reboot","floor":8}],"player_experience":2033543,"relics_obtained":[{"floor":8,"key":"CeramicFish"},{"floor":9,"key":"Ancient Tea Set"}],"event_choices":[{"damage_healed":0,"gold_gain":0,"player_choice":"Success","damage_taken":18,"relics_obtained":["Art of War"],"max_hp_gain":0,"max_hp_loss":0,"event_name":"Scrap Ooze","floor":3,"gold_loss":0}],"is_beta":false,"boss_relics":[],"items_purged_floors":[],"is_endless":false,"potions_floor_spawned":[1,4],"killed_by":"3 Sentries","ascension_level":20}}