{"host":"99ad87xtd5ypi7ii","time":1608283903,"event":{"mods":["BaseMod","Hermit","Highlight Path","Marisa????????","Minty Spire (QoL Compilation)","Robot Space Explorer","StSLib","The Bladedancer","The Construct","The Cursed","The Disciple","The Gatherer","The Hierophant","The Runesmith","The Servant 0.9.4","TheVacant"],"gold_per_floor":[119,69,72,88,88,88,105,105,105,119,119,139,139,139,139,244,244,234,157,157,157,34,70,45,45,68,68,43,168,187,7,7,142,142,160,121,138,471,471,471,496,516,516,516,516,537,537,25,25,25,25,25,25,54,34,34],"floor_reached":55,"playtime":4805,"items_purged":["hierophant:Strike_Hierophant","hierophant:Strike_Hierophant","hierophant:Defend_Hierophant+1"],"score":798,"play_id":"734ad8f6-dbb8-408a-9bd5-3792ff97e115","local_time":"20201218103143","is_ascension_mode":false,"campfire_choices":[{"data":"hierophant:ChurchCoffers","floor":6,"key":"SMITH"},{"data":"hierophant:Alms","floor":8,"key":"SMITH"},{"data":"hierophant:Upheaval","floor":11,"key":"SMITH"},{"data":"hierophant:PristineSoul","floor":15,"key":"SMITH"},{"data":"hierophant:Smite","floor":25,"key":"SMITH"},{"data":"hierophant:MirrorShield","floor":27,"key":"SMITH"},{"data":"hierophant:Invocation","floor":32,"key":"SMITH"},{"floor":40,"key":"RECALL"},{"data":"1","floor":45,"key":"LIFT"},{"data":"2","floor":49,"key":"LIFT"},{"data":"3","floor":52,"key":"LIFT"}],"circlet_count":0,"master_deck":["hierophant:Punish+1","hierophant:Defend_Hierophant+1","hierophant:Defend_Hierophant+1","hierophant:Defend_Hierophant+1","hierophant:ChurchCoffers+1","hierophant:PristineSoul+1","hierophant:MirrorShield+1","hierophant:Upheaval+1","hierophant:Alms+1","hierophant:Smite+1","hierophant:PristineSoul+1","hierophant:Invocation+1","hierophant:DivineIntervention+1","hierophant:Doomsaying+1","hierophant:OrnateBuckler+1","hierophant:PristineSoul+1","hierophant:Kindle+1","hierophant:Zeal+1","hierophant:Repentance+1","hierophant:Smite+1","hierophant:DivineIntervention+1","hierophant:Cornucopia+1","Magnetism","hierophant:Smite+1"],"relics":["hierophant:PropheticMaskRelic","Sundial","Runic Pyramid","construct:RocketBooster","Toxic Egg 2","Toy Ornithopter","Du-Vu Doll","Mummified Hand","Eternal Feather","construct:WeddingRing","Girya","Kunai","Happy Flower"],"acts_visited":["Exordium","TheCity","TheBeyond","TheEnding"],"potions_floor_usage":[7,7,12,16,23,29,29,29,30,48,50,50,55,55],"damage_taken":[{"damage":1,"enemies":"Jaw Worm","floor":1,"turns":3},{"damage":0,"enemies":"Small Slimes","floor":3,"turns":2},{"damage":0,"enemies":"Cultist","floor":4,"turns":2},{"damage":3,"enemies":"Exordium Thugs","floor":7,"turns":4},{"damage":5,"enemies":"3 Louse","floor":10,"turns":2},{"damage":6,"enemies":"Gremlin Gang","floor":12,"turns":2},{"damage":20,"enemies":"The Guardian","floor":16,"turns":13},{"damage":11,"enemies":"Chosen","floor":18,"turns":8},{"damage":1,"enemies":"2 Thieves","floor":19,"turns":4},{"damage":0,"enemies":"Slavers","floor":23,"turns":4},{"damage":0,"enemies":"Snecko","floor":24,"turns":3},{"damage":0,"enemies":"Cultist and Chosen","floor":28,"turns":3},{"damage":17,"enemies":"Colosseum Slavers","floor":29,"turns":2},{"damage":0,"enemies":"Colosseum Nobs","floor":29,"turns":3},{"damage":0,"enemies":"Book of Stabbing","floor":30,"turns":7},{"damage":66,"enemies":"Automaton","floor":33,"turns":22},{"damage":0,"enemies":"3 Darklings","floor":35,"turns":2},{"damage":0,"enemies":"Orb Walker","floor":37,"turns":3},{"damage":2,"enemies":"Nemesis","floor":41,"turns":5},{"damage":0,"enemies":"Spire Growth","floor":42,"turns":2},{"damage":0,"enemies":"4 Shapes","floor":46,"turns":2},{"damage":73,"enemies":"Time Eater","floor":50,"turns":15},{"damage":0,"enemies":"Shield and Spear","floor":54,"turns":2},{"damage":87,"enemies":"The Heart","floor":55,"turns":12}],"seed_played":"-5137087763031803413","potions_obtained":[{"floor":3,"key":"Energy Potion"},{"floor":4,"key":"EntropicBrew"},{"floor":7,"key":"Strength Potion"},{"floor":12,"key":"Ancient Potion"},{"floor":18,"key":"DistilledChaos"},{"floor":24,"key":"SteroidPotion"},{"floor":29,"key":"Swift Potion"},{"floor":37,"key":"GamblersBrew"},{"floor":41,"key":"Swift Potion"},{"floor":42,"key":"SkillPotion"},{"floor":54,"key":"LiquidMemories"}],"is_trial":false,"path_per_floor":["M","?","M","M","?","R","M","R","T","M","R","M","?","?","R","B",null,"M","M","?","?","$","E","M","R","T","R","M","?","E","$","R","B",null,"M","$","M","?","?","R","E","M","T","T","R","M","?","$","R","B",null,"R","$","E","B"],"character_chosen":"HIEROPHANT","items_purchased":["PowerPotion","hierophant:PristineSoul+1","hierophant:Repentance+1","Fruit Juice","Magnetism","hierophant:Smite","Energy Potion"],"campfire_rested":0,"item_purchase_floors":[22,31,36,48,48,48,48],"current_hp_per_floor":[74,74,74,74,59,59,56,56,56,51,51,45,38,20,20,22,75,64,63,63,63,63,63,63,63,63,63,63,61,66,66,75,9,75,75,75,75,75,75,75,73,73,73,73,75,75,75,80,80,12,80,80,80,80,0,0],"gold":34,"neow_bonus":"UPGRADE_CARD","is_daily":false,"chose_seed":false,"campfire_upgraded":7,"win_rate":0.0,"timestamp":1608283903,"path_taken":["M","?","M","M","?","R","M","R","T","M","R","M","?","?","R","BOSS","M","M","?","?","$","E","M","R","T","R","M","?","E","?","R","BOSS","M","$","M","?","?","R","E","?","T","?","R","M","?","$","R","BOSS","R","$","E","BOSS"],"items_purchased_type":["Potion","Card","Card","Potion","Card","Card","Potion"],"build_version":"2020-12-13","purchased_purges":3,"victory":false,"max_hp_per_floor":[75,75,75,75,75,75,75,75,75,75,75,75,75,75,75,75,75,75,75,75,75,75,75,75,75,75,75,75,75,75,75,75,75,75,75,75,75,75,75,75,75,75,75,75,75,75,75,80,80,80,80,80,80,80,80,80],"card_choices":[{"not_picked":["hierophant:Remorse","hierophant:RepressedViolence"],"picked":"hierophant:PristineSoul","floor":1},{"not_picked":["hierophant:RepressedViolence","hierophant:Community"],"picked":"hierophant:MirrorShield","floor":3},{"not_picked":["hierophant:FieryStrike","hierophant:ThreeLashes"],"picked":"hierophant:Upheaval","floor":4},{"not_picked":["hierophant:OrnateJavelin","hierophant:Mercenaries"],"picked":"hierophant:Alms","floor":7},{"not_picked":["hierophant:CoinFling","hierophant:Sermon"],"picked":"hierophant:Smite","floor":10},{"not_picked":["hierophant:ThreeLashes","hierophant:SecretStash"],"picked":"hierophant:PristineSoul","floor":12},{"not_picked":["hierophant:DeathKnell","hierophant:Levitation"],"picked":"hierophant:Invocation","floor":16},{"not_picked":["hierophant:AuricBeam","hierophant:SealAway","hierophant:Racketeering"],"picked":"SKIP","floor":18},{"not_picked":["hierophant:SecretStash","hierophant:Shelter","hierophant:Charity"],"picked":"SKIP","floor":19},{"not_picked":["hierophant:Dazzle+1","hierophant:Purify"],"picked":"hierophant:DivineIntervention+1","floor":23},{"not_picked":["hierophant:OrnateJavelin+1","hierophant:RepressedViolence+1"],"picked":"hierophant:Doomsaying+1","floor":24},{"not_picked":["hierophant:RepressedViolence","hierophant:Charity","hierophant:FlamingChariot"],"picked":"SKIP","floor":28},{"not_picked":["hierophant:MintersHammer","hierophant:SealAway"],"picked":"hierophant:OrnateBuckler+1","floor":29},{"not_picked":["hierophant:Remorse","hierophant:OrnateBuckler+1","hierophant:MirrorShield+1"],"picked":"SKIP","floor":30},{"not_picked":["hierophant:DeathKnell+1","hierophant:Generosity"],"picked":"hierophant:Kindle+1","floor":33},{"not_picked":["hierophant:Shelter+1","hierophant:OrnateBuckler+1"],"picked":"hierophant:Zeal+1","floor":35},{"not_picked":["hierophant:MorningPrayer+1","hierophant:Glossolalia+1"],"picked":"hierophant:Smite+1","floor":37},{"not_picked":["hierophant:Prophecy+1","hierophant:Alms+1"],"picked":"hierophant:Cornucopia+1","floor":41},{"not_picked":["hierophant:HolyVerse+1","hierophant:Remorse+1","hierophant:ThreeLashes"],"picked":"SKIP","floor":42},{"not_picked":["hierophant:RecallFunds+1","hierophant:ArchangelShield","hierophant:Shelter+1"],"picked":"SKIP","floor":46},{"not_picked":["hierophant:RustyCrate+1","hierophant:Community","hierophant:Encroach+1"],"picked":"SKIP","floor":54}],"player_experience":777901,"relics_obtained":[{"floor":9,"key":"Sundial"},{"floor":23,"key":"Toxic Egg 2"},{"floor":26,"key":"Toy Ornithopter"},{"floor":29,"key":"Du-Vu Doll"},{"floor":29,"key":"Mummified Hand"},{"floor":30,"key":"Eternal Feather"},{"floor":41,"key":"Girya"},{"floor":43,"key":"Kunai"},{"floor":54,"key":"Happy Flower"}],"event_choices":[{"cards_removed":["hierophant:Strike_Hierophant"],"damage_healed":0,"gold_gain":0,"player_choice":"Card Removal","damage_taken":0,"max_hp_gain":0,"max_hp_loss":0,"event_name":"The Cleric","floor":2,"gold_loss":50},{"damage_healed":0,"gold_gain":0,"player_choice":"Entered Light","damage_taken":15,"max_hp_gain":0,"max_hp_loss":0,"event_name":"Shining Light","floor":5,"gold_loss":0,"cards_upgraded":["hierophant:Defend_Hierophant","hierophant:PristineSoul"]},{"cards_removed":["hierophant:Strike_Hierophant"],"damage_healed":0,"gold_gain":0,"player_choice":"Card Removal","damage_taken":7,"max_hp_gain":0,"max_hp_loss":0,"event_name":"Golden Wing","floor":13,"gold_loss":0},{"damage_healed":0,"gold_gain":0,"player_choice":"Take Damage","damage_taken":18,"relics_obtained":["Golden Idol"],"max_hp_gain":0,"max_hp_loss":0,"event_name":"Golden Idol","floor":14,"gold_loss":0},{"damage_healed":0,"gold_gain":0,"player_choice":"Ignored","damage_taken":0,"max_hp_gain":0,"max_hp_loss":0,"event_name":"Vampires","floor":20,"gold_loss":0},{"damage_healed":0,"gold_gain":0,"player_choice":"Opened","damage_taken":0,"relics_obtained":["construct:RocketBooster"],"max_hp_gain":0,"max_hp_loss":0,"event_name":"The Mausoleum","floor":21,"gold_loss":0},{"damage_healed":0,"gold_gain":0,"player_choice":"Fight","damage_taken":0,"max_hp_gain":0,"max_hp_loss":0,"event_name":"Colosseum","floor":29,"gold_loss":0},{"damage_healed":0,"gold_gain":0,"player_choice":"Fought Nobs","damage_taken":0,"max_hp_gain":0,"max_hp_loss":0,"event_name":"Colosseum","floor":29,"gold_loss":0},{"damage_healed":0,"gold_gain":333,"player_choice":"Gave Idol","damage_taken":0,"max_hp_gain":0,"max_hp_loss":0,"event_name":"The Moai Head","floor":38,"relics_lost":["Golden Idol"],"gold_loss":0},{"damage_healed":0,"gold_gain":0,"player_choice":"Copied","damage_taken":0,"max_hp_gain":0,"max_hp_loss":0,"event_name":"Duplicator","floor":39,"gold_loss":0,"cards_obtained":["hierophant:DivineIntervention"]},{"damage_healed":0,"gold_gain":0,"player_choice":"Ignored","damage_taken":0,"max_hp_gain":0,"max_hp_loss":0,"event_name":"Accursed Blacksmith","floor":47,"gold_loss":0}],"is_beta":false,"boss_relics":[{"not_picked":["construct:ClawGrip","Busted Crown"],"picked":"Runic Pyramid"},{"not_picked":["Astrolabe","Pandora\u0027s Box"],"picked":"construct:WeddingRing"}],"items_purged_floors":[22,31,48],"is_endless":false,"potions_floor_spawned":[3,4,7,12,18,24,29,29,37,41,42,54],"killed_by":"The Heart","ascension_level":0}}