{"host":"5ty8fyb0ngp9gspj","time":1608274606,"event":{"mods":["2.2 Compatiblity","AchievementEnabler","Act Like it!","BaseMod","Colored Map","Downfall","Minty Spire (QoL Compilation)","Rare Cards Sparkle","StSLib"],"gold_per_floor":[99,117,133,161,192,39,65,76,1,32,48,148,167,187,201,201,201],"floor_reached":16,"playtime":957,"items_purged":[],"score":116,"play_id":"2a136fe5-6fbb-4093-a9ce-9c6f5942428a","local_time":"20201218175646","is_ascension_mode":false,"campfire_choices":[{"floor":1,"key":"RECALL"},{"data":"champ:EnGarde","floor":9,"key":"SMITH"}],"circlet_count":0,"master_deck":["champ:Strike","champ:Strike","champ:Strike","champ:Strike","champ:Defend","champ:Defend","champ:Defend","champ:Defend","champ:Execute","champ:Taunt","champ:ArenaPreparation","champ:BladeFlurry","champ:RisingSlash","champ:IronFortress","champ:Control","champ:EnGarde+1","champ:BerserkersShout","champ:ShieldSigil","champ:BringItOn","champ:FanOfKnives","champ:FocusedBerserking","champ:Circumvent","champ:CheapShot"],"relics":["Runic Pyramid","MawBank","downfall:HeartBlessingRed","Pen Nib","Toy Ornithopter"],"acts_visited":["Exordium"],"potions_floor_usage":[8,10,16],"damage_taken":[{"damage":8,"enemies":"Cultist","floor":2,"turns":4},{"damage":19,"enemies":"Jaw Worm","floor":3,"turns":4},{"damage":45,"enemies":"3 Sentries","floor":4,"turns":8},{"damage":19,"enemies":"Small Slimes","floor":5,"turns":3},{"damage":10,"enemies":"downfall:FleeingMerchant","floor":6,"turns":4},{"damage":10,"enemies":"Exordium Wildlife","floor":8,"turns":3},{"damage":30,"enemies":"Gremlin Nob","floor":10,"turns":4},{"damage":37,"enemies":"3 Louse","floor":11,"turns":7},{"damage":25,"enemies":"downfall:LadyInBlue","floor":12,"turns":5},{"damage":24,"enemies":"Blue Slaver","floor":13,"turns":2},{"damage":24,"enemies":"Exordium Thugs","floor":14,"turns":3},{"damage":9,"enemies":"Red Slaver","floor":15,"turns":4},{"damage":67,"enemies":"downfall:Defect","floor":16,"turns":4}],"seed_played":"2870163542863368679","potions_obtained":[{"floor":4,"key":"SpeedPotion"},{"floor":5,"key":"SkillPotion"},{"floor":8,"key":"SkillPotion"},{"floor":12,"key":"champ:UltimateStancePotion"},{"floor":12,"key":"CultistPotion"},{"floor":12,"key":"Dexterity Potion"}],"is_trial":false,"path_per_floor":["R","M","M","E","M","$","T","M","R","E","M","?","M","M","M","B"],"character_chosen":"THE_CHAMP","items_purchased":["champ:Control","champ:EnGarde"],"campfire_rested":0,"item_purchase_floors":[6,6],"current_hp_per_floor":[90,90,90,65,65,65,65,65,65,42,45,35,33,29,28,0,0],"gold":201,"neow_bonus":"BOSS_RELIC","is_daily":false,"chose_seed":false,"campfire_upgraded":1,"win_rate":0.0,"timestamp":1608274606,"path_taken":["R","M","?","E","M","$","T","M","R","E","M","?","?","M","M","BOSS"],"items_purchased_type":["Card","Card"],"build_version":"2020-12-13","purchased_purges":0,"victory":false,"max_hp_per_floor":[90,90,90,90,90,90,90,90,90,90,95,95,95,95,95,95,95],"card_choices":[{"not_picked":["champ:PerfectedStrike","champ:BerserkerStyle"],"picked":"champ:ArenaPreparation","floor":2},{"not_picked":["champ:PerfectedStrike","champ:FanOfKnives"],"picked":"champ:BladeFlurry","floor":3},{"not_picked":["champ:FlashCut","champ:FocusedGladiator"],"picked":"champ:RisingSlash","floor":4},{"not_picked":["champ:Backstep","champ:CrookedStrike"],"picked":"champ:FightOn","floor":5},{"not_picked":["champ:Encircle","champ:CrookedStrike"],"picked":"champ:IronFortress","floor":6},{"not_picked":["champ:EnragedBash","champ:Lariat"],"picked":"champ:BerserkersShout","floor":8},{"not_picked":["champ:FlashCut","champ:MurderStrike"],"picked":"champ:ShieldSigil","floor":10},{"not_picked":["champ:PerfectedStrike","champ:SwordSigil"],"picked":"champ:BringItOn","floor":11},{"not_picked":["champ:TornadoPunch","champ:FlashCut"],"picked":"champ:FanOfKnives","floor":12},{"not_picked":["champ:FanOfKnives","champ:PerfectedStrike"],"picked":"champ:FocusedBerserking","floor":13},{"not_picked":["champ:BladeFlurry","champ:RageSigil"],"picked":"champ:Circumvent","floor":14},{"not_picked":["champ:Circumvent","champ:PreciseThrust"],"picked":"champ:CheapShot","floor":15}],"player_experience":295236,"relics_obtained":[{"floor":4,"key":"MawBank"},{"floor":10,"key":"Pen Nib"},{"floor":12,"key":"Toy Ornithopter"}],"event_choices":[],"is_beta":false,"boss_relics":[],"items_purged_floors":[],"is_endless":false,"potions_floor_spawned":[4,5,8,13,14,15],"killed_by":"downfall:Defect","ascension_level":0}}