{"host":"yb1yv0i4ygq2c9jc","time":1608265755,"event":{"mods":["AchievementEnabler","BaseMod","Bestiary","Better Third Choice","Colored Powertips","Displayed Cursed Tome","Downfall","Mimic Mod","Minty Spire (QoL Compilation)","Rare Cards Sparkle","Relic Stats","StSLib","The Servant 0.9.4"],"gold_per_floor":[300,320,350,650,663,682,730,103,133,133,0,12,12,29,47,47,47],"floor_reached":16,"playtime":1087,"items_purged":["Strike_R"],"score":118,"play_id":"7b08c3dd-7148-4b9c-95e7-0bd074b42b83","local_time":"20201217202915","is_ascension_mode":true,"campfire_choices":[{"data":"Bash","floor":1,"key":"SMITH"},{"data":"Shockwave","floor":10,"key":"SMITH"}],"circlet_count":0,"master_deck":["Strike_R","Strike_R","Strike_R","Strike_R","Defend_R","Defend_R","Defend_R","Defend_R","Bash+1","Thunderclap","Blood for Blood","Slimebound:Icky","Slimebound:Icky","Uppercut","Shockwave+1","Dropkick","expansioncontent:AwakenDeath","Warcry","Metallicize","Rage","Dual Wield","Offering"],"relics":["Burning Blood","Old Coin","Blood Vial","Happy Flower","Torii","Paper Frog","Ornamental Fan"],"acts_visited":["Exordium"],"potions_floor_usage":[3,8,12],"damage_taken":[{"damage":17,"enemies":"Small Slimes","floor":2,"turns":3},{"damage":55,"enemies":"Lagavulin","floor":3,"turns":8},{"damage":11,"enemies":"Jaw Worm","floor":5,"turns":2},{"damage":1,"enemies":"Cultist","floor":6,"turns":3},{"damage":0,"enemies":"downfall:FleeingMerchant","floor":8,"turns":4},{"damage":34,"enemies":"3 Sentries","floor":9,"turns":8},{"damage":3,"enemies":"downfall:FleeingMerchant","floor":11,"turns":4},{"damage":11,"enemies":"Exordium Thugs","floor":12,"turns":4},{"damage":3,"enemies":"Gremlin Gang","floor":14,"turns":3},{"damage":14,"enemies":"Exordium Thugs","floor":15,"turns":4},{"damage":34,"enemies":"downfall:Watcher","floor":16,"turns":8}],"seed_played":"-8866332862830049018","potions_obtained":[{"floor":2,"key":"Block Potion"},{"floor":6,"key":"ColorlessPotion"},{"floor":9,"key":"EssenceOfSteel"},{"floor":14,"key":"LiquidBronze"}],"is_trial":false,"path_per_floor":["R","M","E","?","M","M","T","$","E","R","$","M","?","M","M","B"],"character_chosen":"IRONCLAD","items_purchased":["Shockwave","Dropkick","expansioncontent:AwakenDeath","Torii","Metallicize","Rage"],"campfire_rested":0,"item_purchase_floors":[8,8,8,8,11,11],"current_hp_per_floor":[80,69,20,20,17,24,24,32,16,16,21,18,18,23,17,0,0],"gold":47,"neow_bonus":"ONE_RARE_RELIC","is_daily":false,"chose_seed":false,"campfire_upgraded":2,"win_rate":0.0,"timestamp":1608265755,"path_taken":["R","M","E","?","M","M","T","$","E","R","$","M","?","M","M","BOSS"],"items_purchased_type":["Card","Card","Card","Relic","Card","Card"],"build_version":"2020-12-13","purchased_purges":1,"victory":false,"max_hp_per_floor":[80,80,80,80,80,80,80,80,80,80,80,80,80,80,80,80,80],"relic_stats":{"Blood Vial":18,"Happy Flower":[11],"Torii":22,"counters":[11,51],"Ornamental Fan":[12],"obtain_stats":[{"Blood Vial":3,"Happy Flower":7,"Torii":8,"Ornamental Fan":13,"Burning Blood":0,"Old Coin":0,"Paper Frog":9},{"Blood Vial":2,"Happy Flower":4,"Torii":5,"Ornamental Fan":8,"Burning Blood":0,"Old Coin":0,"Paper Frog":6},{"Blood Vial":11,"Happy Flower":16,"Torii":20,"Ornamental Fan":36,"Burning Blood":0,"Old Coin":0,"Paper Frog":28}],"Burning Blood":60},"card_choices":[{"not_picked":["Sentinel","Anger"],"picked":"Thunderclap","floor":2},{"not_picked":["Intimidate","Combust"],"picked":"Blood for Blood","floor":3},{"not_picked":["Heavy Blade","Havoc"],"picked":"Uppercut","floor":5},{"not_picked":["Twin Strike","Body Slam","Thunderclap"],"picked":"SKIP","floor":6},{"not_picked":["Headbutt","Thunderclap","Flex"],"picked":"SKIP","floor":8},{"not_picked":["Twin Strike","Brutality","Sword Boomerang"],"picked":"SKIP","floor":9},{"not_picked":["Perfected Strike","Body Slam"],"picked":"Warcry","floor":11},{"not_picked":["Combust","Armaments"],"picked":"Dual Wield","floor":12},{"not_picked":["Dual Wield","Perfected Strike","Clash"],"picked":"SKIP","floor":14},{"not_picked":["Seeing Red","Dark Embrace"],"picked":"Offering","floor":15}],"player_experience":363111,"relics_obtained":[{"floor":3,"key":"Blood Vial"},{"floor":7,"key":"Happy Flower"},{"floor":9,"key":"Paper Frog"}],"event_choices":[],"is_beta":false,"boss_relics":[],"items_purged_floors":[8],"is_endless":false,"potions_floor_spawned":[2,6,9,14],"killed_by":"downfall:Watcher","ascension_level":1}}