{"host":"qwttrqaysb380yri","time":1608327095,"event":{"mods":["BaseMod","Custom Start","Minty Spire (QoL Compilation)","Permanent Neow","Puzzle Mod","Relic Stats","StSLib","The Cursed","The Hierophant"],"gold_per_floor":[111,132,172,4,79,106,106,33,33,67,106,106,79,126,126,182,182,281,281,391,494,494,494,603,603,603,700,700,700],"floor_reached":28,"playtime":1067,"items_purged":[],"score":508,"play_id":"94bb80b1-b919-4fe5-9581-9bc07c9e528e","local_time":"20201218223135","is_ascension_mode":true,"campfire_choices":[{"floor":7,"key":"REST"},{"floor":12,"key":"REST"},{"floor":15,"key":"REST"},{"floor":23,"key":"REST"}],"circlet_count":0,"master_deck":["AscendersBane","hierophant:Strike_Hierophant","hierophant:Strike_Hierophant","hierophant:Strike_Hierophant","hierophant:Strike_Hierophant","hierophant:Punish","hierophant:Defend_Hierophant","hierophant:Defend_Hierophant","hierophant:Defend_Hierophant","hierophant:Defend_Hierophant","hierophant:ChurchCoffers+1","hierophant:OrnateJavelin","hierophant:SecretStash","hierophant:Doubloon","hierophant:Remorse","Panacea","hierophant:FieryStrike","hierophant:OrnateBuckler","hierophant:SolarFlare+1","hierophant:Martyrdom","hierophant:Doubloon","hierophant:CoinFling+1","hierophant:Empathy","hierophant:Encroach","hierophant:Purify+1","hierophant:BulkyChest","hierophant:OrnateJavelin+1","Mind Blast+1","hierophant:Purify+1","hierophant:Encroach+1"],"relics":["hierophant:PropheticMaskRelic","Molten Egg 2","Vajra","Lantern","White Beast Statue","Snecko Eye","Enchiridion","Mango","Pantograph","PreservedInsect","Incense Burner"],"acts_visited":["Exordium","TheCity"],"potions_floor_usage":[6,14,18,21,24,27,28],"damage_taken":[{"damage":0,"enemies":"Small Slimes","floor":1,"turns":2},{"damage":7,"enemies":"Jaw Worm","floor":2,"turns":3},{"damage":6,"enemies":"Cultist","floor":3,"turns":4},{"damage":40,"enemies":"Lagavulin","floor":6,"turns":8},{"damage":11,"enemies":"3 Sentries","floor":10,"turns":9},{"damage":11,"enemies":"Looter","floor":11,"turns":2},{"damage":21,"enemies":"Lagavulin","floor":13,"turns":6},{"damage":4,"enemies":"Exordium Wildlife","floor":14,"turns":2},{"damage":15,"enemies":"Hexaghost","floor":16,"turns":9},{"damage":14,"enemies":"2 Thieves","floor":18,"turns":3},{"damage":0,"enemies":"Spheric Guardian","floor":20,"turns":1},{"damage":10,"enemies":"Shelled Parasite and Fungi","floor":21,"turns":3},{"damage":10,"enemies":"Book of Stabbing","floor":24,"turns":2},{"damage":22,"enemies":"Slavers","floor":27,"turns":3},{"damage":8,"enemies":"Snake Plant","floor":28,"turns":1}],"seed_played":"2468008182173042219","potions_obtained":[{"floor":1,"key":"Explosive Potion"},{"floor":3,"key":"Weak Potion"},{"floor":14,"key":"SpeedPotion"},{"floor":16,"key":"Weak Potion"},{"floor":18,"key":"Swift Potion"},{"floor":20,"key":"Energy Potion"},{"floor":21,"key":"LiquidMemories"},{"floor":24,"key":"CultistPotion"},{"floor":27,"key":"SteroidPotion"}],"is_trial":false,"path_per_floor":["M","M","M","$","?","E","R","$","T","E","M","R","E","M","R","B",null,"M","?","M","M","?","R","E","T","T","E","M"],"character_chosen":"HIEROPHANT","items_purchased":["Panacea","hierophant:FieryStrike","hierophant:OrnateBuckler","hierophant:Martyrdom"],"campfire_rested":4,"item_purchase_floors":[4,4,4,8],"current_hp_per_floor":[68,61,55,55,44,4,26,26,26,15,4,26,5,1,23,8,58,44,32,32,22,1,23,27,27,27,5,0,0],"gold":700,"neow_bonus":"UPGRADE_CARD","is_daily":false,"chose_seed":false,"campfire_upgraded":0,"win_rate":0.0,"timestamp":1608327095,"path_taken":["M","M","M","$","?","E","R","$","T","E","M","R","E","M","R","BOSS","M","?","?","M","?","R","E","?","T","E","M"],"items_purchased_type":["Card","Card","Card","Card"],"build_version":"2020-12-13","purchased_purges":0,"victory":false,"max_hp_per_floor":[75,75,75,75,75,75,75,75,75,75,75,75,75,75,75,75,75,75,75,75,75,75,75,89,89,89,89,89,89],"relic_stats":{"counters":[15,58],"Pantograph":0,"Snecko Eye":[20,24,24,23],"PreservedInsect":42,"obtain_stats":[{"Lantern":10,"hierophant:PropheticMaskRelic":0,"Pantograph":25,"Vajra":9,"Snecko Eye":17,"Enchiridion":22,"Molten Egg 2":6,"Mango":24,"PreservedInsect":26,"Incense Burner":27,"White Beast Statue":13},{"Lantern":5,"hierophant:PropheticMaskRelic":0,"Pantograph":13,"Vajra":4,"Snecko Eye":9,"Enchiridion":12,"Molten Egg 2":4,"Mango":13,"PreservedInsect":13,"Incense Burner":14,"White Beast Statue":7},{"Lantern":26,"hierophant:PropheticMaskRelic":0,"Pantograph":54,"Vajra":17,"Snecko Eye":45,"Enchiridion":52,"Molten Egg 2":17,"Mango":54,"PreservedInsect":54,"Incense Burner":57,"White Beast Statue":34}]},"card_choices":[{"not_picked":["hierophant:FieryStrike","hierophant:Endure"],"picked":"hierophant:OrnateJavelin","floor":1},{"not_picked":["hierophant:Repentance","hierophant:TollTheBells"],"picked":"hierophant:SecretStash","floor":2},{"not_picked":["hierophant:RustyCrate","hierophant:FaithHealing"],"picked":"hierophant:Remorse","floor":3},{"not_picked":["hierophant:Embezzle","hierophant:TollTheBells"],"picked":"hierophant:SolarFlare+1","floor":6},{"not_picked":["hierophant:PristineSoul","hierophant:Invocation"],"picked":"hierophant:CoinFling+1","floor":10},{"not_picked":["hierophant:AuricBeam+1","hierophant:TollTheBells"],"picked":"hierophant:Empathy","floor":11},{"not_picked":["hierophant:Zeal+1","hierophant:AuricForm"],"picked":"hierophant:Encroach","floor":13},{"not_picked":["hierophant:DisplayOfPower+1","hierophant:FieryStrike+1"],"picked":"hierophant:Purify+1","floor":14},{"not_picked":["hierophant:Cornucopia","hierophant:DivineIntervention"],"picked":"hierophant:BulkyChest","floor":16},{"not_picked":["hierophant:Upheaval+1","hierophant:Purify+1"],"picked":"hierophant:OrnateJavelin+1","floor":18},{"not_picked":["hierophant:Encroach","hierophant:PristineSoul"],"picked":"hierophant:Purify+1","floor":20},{"not_picked":["hierophant:FieryStrike+1","hierophant:Prophecy","hierophant:Determination"],"picked":"SKIP","floor":21},{"not_picked":["hierophant:BulkyChest","hierophant:PassingBell+1"],"picked":"hierophant:Encroach+1","floor":24},{"not_picked":["hierophant:RecallFunds+1","hierophant:Encroach","hierophant:Flagellation"],"picked":"SKIP","floor":27}],"player_experience":1883017,"relics_obtained":[{"floor":6,"key":"Molten Egg 2"},{"floor":9,"key":"Vajra"},{"floor":10,"key":"Lantern"},{"floor":13,"key":"White Beast Statue"},{"floor":22,"key":"Enchiridion"},{"floor":24,"key":"Mango"},{"floor":25,"key":"Pantograph"},{"floor":26,"key":"PreservedInsect"},{"floor":27,"key":"Incense Burner"}],"event_choices":[{"damage_healed":0,"gold_gain":75,"player_choice":"Gather Gold","damage_taken":11,"max_hp_gain":0,"max_hp_loss":0,"event_name":"World of Goop","floor":5,"gold_loss":0},{"damage_healed":0,"gold_gain":0,"player_choice":"CARD ","damage_taken":12,"max_hp_gain":0,"max_hp_loss":0,"event_name":"Knowing Skull","floor":19,"potions_obtained":[],"gold_loss":0,"cards_obtained":["Mind Blast"]},{"damage_healed":0,"gold_gain":0,"player_choice":"Obtained Book","damage_taken":21,"max_hp_gain":0,"max_hp_loss":0,"event_name":"Cursed Tome","floor":22,"gold_loss":0}],"is_beta":false,"boss_relics":[{"not_picked":["Empty Cage","Astrolabe"],"picked":"Snecko Eye"}],"items_purged_floors":[],"is_endless":false,"potions_floor_spawned":[1,3,14,16,18,20,21,24,27],"killed_by":"Snake Plant","ascension_level":15}}