{"host":"jgyoyy5iuhtvyvtg","time":1608277471,"event":{"mods":["2.2 Compatiblity","BaseMod","Challenge The Spire","Colored Map","Conspire","Downfall","Hermit","Highlight Path","Infinite Spire","Lobotomy","LobotomyExtend","Minty Spire (QoL Compilation)","Quick Restart","Replay The Spire","Spikes Relics","StSLib","The Construct","The Disciple","The Jungle","Yuri Mod"],"gold_per_floor":[111,124,204,220,237,237,272,272,272,272,159,159,192,204,204,303,303,317,317,336,350,365,365,365,365,365,365,1,1,22,60,60,183,183,197,197,197,197,277,313,325,325,325,339,357,357,388,409,409,411,411],"floor_reached":52,"playtime":2013,"items_purged":["hermit:Strike_Hermit"],"score":950,"play_id":"41bece35-56d4-4924-828b-727bcf5b445d","local_time":"20201217234431","is_ascension_mode":true,"campfire_choices":[{"data":"hermit:FlashPowder","floor":6,"key":"SMITH"},{"data":"hermit:Determination","floor":8,"key":"SMITH"},{"data":"hermit:Manifest","floor":10,"key":"SMITH"},{"floor":15,"key":"REST"},{"floor":24,"key":"REST"},{"data":"hermit:BlackWind","floor":27,"key":"SMITH"},{"data":"expansioncontent:Collect","floor":29,"key":"SMITH"},{"data":"hermit:FatalDesire","floor":32,"key":"SMITH"},{"floor":42,"key":"REST"},{"floor":46,"key":"REST"},{"floor":49,"key":"REST"}],"circlet_count":0,"master_deck":["hermit:Strike_Hermit","hermit:Strike_Hermit","hermit:Strike_Hermit","hermit:Defend_Hermit","hermit:Defend_Hermit","hermit:Defend_Hermit","hermit:Defend_Hermit","hermit:Snapshot","hermit:Covet","hermit:FlashPowder+1","hermit:Manifest+1","hermit:GoldenBullet","Delirium","hermit:Misfire","hermit:Determination+1","hermit:Brawl","hermit:RoundhouseKick","hermit:WideOpen","hermit:BlackWind+1","Decay","HpAim","hermit:HeroicBravado+1","expansioncontent:Collect+1","Replay:Fractal Strike","hermit:Dive","hermit:FinalCanter","hermit:Dive","hermit:SprayPray+1","hermit:Malice","hermit:Midnight","CurseOfTheBell","Doubt","hermit:ShadowCloak","ReplayTheSpireMod:Brewmster","hermit:FatalDesire+1","hermit:FatalDesire","hermit:ShadowCloak","hermit:SprayPray","hermit:HoleUp","hermit:Grudge+1"],"relics":["hermit:Momento","LetterFromLob","Lizard Tail","Ornamental Fan","infinitespire:ShieldingShard","Replay:Grab Bag","conspire:RoyalGoblet","conspire:SlowCooker","ReplayTheSpireMod:SealedPack","construct:ClawGrip","Calling Bell","Boot","infinitespire:Midas Blood","infinitespire:Golems Mask","Ring of Misfortune","Ring of Fury","Mirror","Ancient Tea Set","CosmicIsotope","hermit:DentedPlate","Pear","infinitespire:Eraser","Blue Candle","Gremlin Food"],"acts_visited":["Exordium","Exordium","TheBeyond"],"potions_floor_usage":[7,13,13,16,31,31,31,31,31,33,33,33,35,35,40,40,44,47,47,48,48,48,48,50,50,50,50,50,50,50,50,50,50],"damage_taken":[{"damage":0,"enemies":"2 Louse","floor":1,"turns":2},{"damage":0,"enemies":"Small Slimes","floor":2,"turns":3},{"damage":0,"enemies":"Cultist","floor":4,"turns":5},{"damage":9,"enemies":"2 Fungi Beasts","floor":5,"turns":4},{"damage":25,"enemies":"Gremlin Nob","floor":7,"turns":4},{"damage":26,"enemies":"3 Sentries","floor":13,"turns":7},{"damage":0,"enemies":"Blue Slaver","floor":14,"turns":3},{"damage":39,"enemies":"Hexaghost","floor":16,"turns":13},{"damage":30,"enemies":"Shell Parasite","floor":18,"turns":7},{"damage":1,"enemies":"theJungle:Flameango_and_Byrd","floor":20,"turns":6},{"damage":16,"enemies":"theJungle:Lyon","floor":21,"turns":5},{"damage":0,"enemies":"theJungle:SlimyTreeVines","floor":22,"turns":6},{"damage":5,"enemies":"theJungle:Snecko_Cultist_And_Trap","floor":30,"turns":4},{"damage":14,"enemies":"theJungle:2_Phrogs","floor":31,"turns":9},{"damage":48,"enemies":"theJungle:TotemBoss","floor":33,"turns":6},{"damage":0,"enemies":"3 Shapes","floor":35,"turns":6},{"damage":49,"enemies":"Reptomancer","floor":40,"turns":4},{"damage":7,"enemies":"Orb Walker","floor":41,"turns":3},{"damage":22,"enemies":"Transient","floor":44,"turns":5},{"damage":0,"enemies":"Sphere and 2 Shapes","floor":45,"turns":4},{"damage":6,"enemies":"conspire:MimicChest","floor":47,"turns":3},{"damage":19,"enemies":"3 Darklings","floor":48,"turns":6},{"damage":6,"enemies":"conspire:OrnateMirror","floor":50,"turns":10}],"seed_played":"1645535795354719655","potions_obtained":[{"floor":2,"key":"SkillPotion"},{"floor":5,"key":"ColorlessPotion"},{"floor":20,"key":"Slimebound:ThreeZeroPotion"},{"floor":30,"key":"Explosive Potion"},{"floor":41,"key":"hexamod:EctoCoolerPotion"},{"floor":45,"key":"Milkshake"},{"floor":48,"key":"Doom Potion"}],"is_trial":false,"path_per_floor":["M","M","?","M","M","R","E","R","T","R","$","?","E","M","R","B",null,"M","?","M","M","M","AVR","R","?","T","R","$","R","M","E","R","B",null,"M","?","AVR","?","T","E","M","R","T","M","M","R","?","M","R","B",null,null],"character_chosen":"HERMIT","items_purchased":["hermit:Brawl","hermit:ShadowCloak","ReplayTheSpireMod:Brewmster","CultistPotion"],"campfire_rested":5,"item_purchase_floors":[11,28,28,28],"current_hp_per_floor":[75,75,75,75,66,66,41,41,41,41,41,41,15,15,37,37,66,40,40,43,27,36,36,58,58,58,58,58,58,53,43,43,15,60,64,64,96,96,106,61,54,89,89,67,67,102,96,81,116,114,114],"gold":411,"neow_bonus":"THREE_CARDS","is_daily":false,"chose_seed":false,"campfire_upgraded":6,"win_rate":0.0,"timestamp":1608277471,"path_taken":["M","M","?","M","M","R","E","R","T","R","$","?","E","M","R","BOSS","M","?","?","M","M","AVR","R","?","T","R","$","R","M","E","R","BOSS","M","?","AVR","?","?","E","M","R","T","M","M","R","?","M","R","BOSS"],"items_purchased_type":["Card","Card","Card","Potion"],"build_version":"2020-12-13","purchased_purges":1,"victory":true,"max_hp_per_floor":[75,75,75,75,75,75,75,75,75,75,75,75,75,75,75,75,75,75,75,75,75,75,75,75,75,75,75,75,75,75,75,75,75,75,75,75,107,107,117,117,117,117,117,117,117,117,117,117,117,117,117],"card_choices":[{"not_picked":["hermit:Glare","hermit:ItchyTrigger"],"picked":"hermit:FlashPowder","floor":0},{"not_picked":["hermit:Desperado","hermit:TrackingShot"],"picked":"hermit:Manifest","floor":1},{"not_picked":["hermit:Feint","hermit:BodyArmor"],"picked":"hermit:GoldenBullet","floor":2},{"not_picked":["hermit:Roulette","hermit:Desperado","hermit:Headshot"],"picked":"SKIP","floor":4},{"not_picked":["hermit:Desperado","hermit:EyeOfTheStorm"],"picked":"hermit:Misfire","floor":5},{"not_picked":["hermit:Roulette","hermit:Showdown"],"picked":"hermit:Determination","floor":7},{"not_picked":["hermit:Ricochet","hermit:Desperado"],"picked":"hermit:RoundhouseKick","floor":13},{"not_picked":["hermit:Roulette","hermit:LowProfile"],"picked":"hermit:WideOpen","floor":14},{"not_picked":["hermit:OverwhelmingPower","hermit:Purgatory"],"picked":"hermit:BlackWind","floor":16},{"not_picked":["SlowAim","hermit:Covet"],"picked":"HpAim","floor":17},{"not_picked":["hermit:Magnum","hermit:RoundhouseKick"],"picked":"hermit:HeroicBravado","floor":17},{"not_picked":["Replay:SS_hec_4","expansioncontent:DonusPower"],"picked":"expansioncontent:Collect","floor":17},{"not_picked":["infinitespire:FinalStrike","ReplayTheSpireMod:Echoes of Time"],"picked":"Replay:Fractal Strike","floor":17},{"not_picked":["hermit:Desperado","hermit:Roulette"],"picked":"hermit:Dive","floor":18},{"not_picked":["hermit:Coalescence","hermit:Headshot"],"picked":"hermit:SprayPray+1","floor":20},{"not_picked":["hermit:Roulette","hermit:Misfire"],"picked":"hermit:Malice","floor":21},{"not_picked":["hermit:DeadMansHand","hermit:Roulette"],"picked":"hermit:Midnight","floor":22},{"not_picked":["hermit:Combo","hermit:Maintenance","hermit:HighCaliber"],"picked":"SKIP","floor":30},{"not_picked":["hermit:FlashPowder+1","hermit:Gestalt+1"],"picked":"hermit:FatalDesire","floor":31},{"not_picked":["hermit:EyeOfTheStorm+1","hermit:Vantage+1","hermit:Deadeye+1"],"picked":"SKIP","floor":35},{"not_picked":["hermit:Desperado+1","hermit:Vantage+1"],"picked":"hermit:FatalDesire","floor":40},{"not_picked":["hermit:LoneWolf","hermit:ItchyTrigger"],"picked":"hermit:ShadowCloak","floor":41},{"not_picked":["hermit:Roulette","hermit:DeadMansHand+1"],"picked":"hermit:SprayPray","floor":44},{"not_picked":["hermit:TrackingShot+1","hermit:Showdown+1","hermit:Roulette+1"],"picked":"SKIP","floor":45},{"not_picked":["hermit:BodyArmor+1","hermit:Feint"],"picked":"hermit:HoleUp","floor":47},{"not_picked":["hermit:Quickdraw","hermit:Feint"],"picked":"hermit:Grudge+1","floor":48}],"player_experience":3159622,"relics_obtained":[{"floor":1,"key":"LetterFromLob"},{"floor":7,"key":"Lizard Tail"},{"floor":9,"key":"Ornamental Fan"},{"floor":13,"key":"infinitespire:ShieldingShard"},{"floor":23,"key":"Boot"},{"floor":23,"key":"infinitespire:Midas Blood"},{"floor":23,"key":"infinitespire:Golems Mask"},{"floor":25,"key":"Ring of Misfortune"},{"floor":25,"key":"Ring of Fury"},{"floor":26,"key":"Mirror"},{"floor":31,"key":"Ancient Tea Set"},{"floor":39,"key":"Pear"},{"floor":40,"key":"infinitespire:Eraser"},{"floor":43,"key":"Blue Candle"},{"floor":47,"key":"Gremlin Food"}],"event_choices":[{"damage_healed":0,"gold_gain":0,"player_choice":"Leave","damage_taken":0,"max_hp_gain":0,"max_hp_loss":0,"event_name":"conspire:Investor","floor":12,"gold_loss":0},{"damage_healed":0,"gold_gain":0,"player_choice":"2 cards matched","damage_taken":0,"max_hp_gain":0,"max_hp_loss":0,"event_name":"Match and Keep!","floor":19,"gold_loss":0,"cards_obtained":["hermit:FinalCanter","hermit:Dive"]},{"damage_healed":0,"gold_gain":0,"player_choice":"Ignored","damage_taken":0,"max_hp_gain":0,"max_hp_loss":0,"event_name":"Mysterious Sphere","floor":38,"gold_loss":0}],"is_beta":false,"boss_relics":[{"not_picked":["Snecko Eye","Philosopher\u0027s Stone"],"picked":"Replay:Grab Bag"},{"not_picked":["Busted Crown","Sozu"],"picked":"conspire:RoyalGoblet"},{"not_picked":["ChewingGum","Replay:Bronze Core"],"picked":"conspire:SlowCooker"},{"not_picked":["construct:WeddingRing","Runic Pyramid"],"picked":"ReplayTheSpireMod:SealedPack"},{"not_picked":["SlaversCollar","hermit:ClaspedLocket"],"picked":"construct:ClawGrip"},{"not_picked":["Sandwich","Velvet Choker"],"picked":"CosmicIsotope"}],"items_purged_floors":[11],"is_endless":false,"potions_floor_spawned":[2,5,7,20,30,41,45,48],"ascension_level":5}}