{"host":"phzz6vgtixj4nwio","time":1608306672,"event":{"mods":["BaseMod","GifTheSpireLib","Minty Spire (QoL Compilation)","StSLib","The Animator"],"gold_per_floor":[118,118,130,173,150,162,174,186,225,237,249,261,300,337,349,461,473,495,426,448,304,336,336,346,360,360,360,266,266,278,278,278,380,380,393,1392,1392,907,921,921,921,940,940,986,1002,915,915,928,928,928,928,928,778,778,778],"floor_reached":54,"playtime":4976,"items_purged":[],"score":688,"play_id":"3f1e0194-1eb1-4686-abb1-816ac2caa099","local_time":"20201218155112","is_ascension_mode":false,"campfire_choices":[{"floor":6,"key":"RECALL"},{"data":"animator:ElricAlphonse","floor":12,"key":"SMITH"},{"data":"animator:Envy","floor":15,"key":"SMITH"},{"floor":23,"key":"REST"},{"floor":27,"key":"REST"},{"floor":32,"key":"REST"},{"data":"animator:PinaCoLada","floor":41,"key":"SMITH"},{"data":"animator:Aisha","floor":47,"key":"SMITH"},{"data":"animator:Zero","floor":49,"key":"SMITH"},{"data":"animator:Greed","floor":52,"key":"SMITH"}],"circlet_count":0,"master_deck":["animator:Strike_FullmetalAlchemist","animator:Defend_FullmetalAlchemist","animator:Strike","animator:Strike","animator:Strike","animator:Defend","animator:Defend","animator:Defend","animator:ElricEdward","animator:ElricAlphonse+1","animator:Zero+1","animator:SayakaMiki","animator:Envy+1","animator:MaesHughes+1","animator:Pride+1","animator:ElricAlphonse+1","animator:ElricEdward","animator:Gluttony+1","animator:MadokaKaname+1","animator:PinaCoLada+1","Normality","Normality","animator:Greed","animator:MaesHughes+1","animator:Scar","animator:Greed+1","Writhe","animator:Aisha+1","animator:Canti","animator:ElricEdward","animator:Aisha+1"],"relics":["animator:VividPicture","animator:TheMissingPiece","MawBank","Toxic Egg 2","animator:WornHelmet","Bronze Scales","SlaversCollar","Art of War","Runic Capacitor","Pantograph","MutagenicStrength","Gremlin Horn","Question Card","Nunchaku","DollysMirror"],"acts_visited":["Exordium","TheCity","TheBeyond","TheEnding"],"potions_floor_usage":[16,31,33,33,45,48],"damage_taken":[{"damage":0,"enemies":"Cultist","floor":1,"turns":5},{"damage":8,"enemies":"2 Louse","floor":4,"turns":3},{"damage":14,"enemies":"Lagavulin","floor":13,"turns":9},{"damage":0,"enemies":"Small Slimes","floor":14,"turns":3},{"damage":30,"enemies":"The Guardian","floor":16,"turns":13},{"damage":8,"enemies":"Chosen","floor":18,"turns":6},{"damage":16,"enemies":"3 Byrds","floor":20,"turns":4},{"damage":40,"enemies":"Snake Plant","floor":22,"turns":6},{"damage":9,"enemies":"Centurion and Healer","floor":24,"turns":9},{"damage":4,"enemies":"Sentry and Sphere","floor":25,"turns":7},{"damage":8,"enemies":"Shelled Parasite and Fungi","floor":30,"turns":7},{"damage":20,"enemies":"Colosseum Slavers","floor":31,"turns":6},{"damage":29,"enemies":"Champ","floor":33,"turns":12},{"damage":4,"enemies":"3 Shapes","floor":35,"turns":6},{"damage":16,"enemies":"3 Darklings","floor":39,"turns":13},{"damage":0,"enemies":"Spire Growth","floor":42,"turns":8},{"damage":0,"enemies":"Giant Head","floor":44,"turns":14},{"damage":0,"enemies":"Maw","floor":45,"turns":9},{"damage":19,"enemies":"Transient","floor":48,"turns":5},{"damage":21,"enemies":"Donu and Deca","floor":50,"turns":13},{"damage":85,"enemies":"Shield and Spear","floor":54,"turns":8}],"seed_played":"3712765051226602326","potions_obtained":[{"floor":4,"key":"Dexterity Potion"},{"floor":14,"key":"SpeedPotion"},{"floor":16,"key":"EssenceOfSteel"},{"floor":18,"key":"EntropicBrew"},{"floor":22,"key":"BlessingOfTheForge"},{"floor":30,"key":"FearPotion"},{"floor":35,"key":"Block Potion"},{"floor":44,"key":"DistilledChaos"}],"is_trial":false,"path_per_floor":["M","T","$","M","?","R","?","T","T","?","$","R","E","M","R","B",null,"M","?","M","$","M","R","M","M","T","R","$","?","M","?","R","B",null,"M","?","?","$","M","?","R","M","T","E","M","$","R","M","R","B",null,"R","$","E"],"character_chosen":"THE_ANIMATOR","items_purchased":["Runic Capacitor","animator:ElricEdward","animator:Gluttony+1","animator:Greed","Gremlin Horn","animator:MaesHughes+1","animator:Scar","animator:Canti","DollysMirror"],"campfire_rested":3,"item_purchase_floors":[21,28,28,38,38,38,38,46,53],"current_hp_per_floor":[66,66,66,58,66,66,54,54,54,54,54,54,40,40,40,10,66,59,59,43,43,3,23,14,10,10,30,30,30,23,3,23,23,68,68,68,68,68,52,68,68,68,68,68,68,68,68,49,49,60,68,68,68,0,0],"gold":778,"neow_bonus":"RANDOM_COLORLESS","is_daily":false,"chose_seed":false,"campfire_upgraded":6,"win_rate":0.0,"timestamp":1608306672,"path_taken":["M","?","$","M","?","R","?","?","T","?","$","R","E","M","R","BOSS","M","?","M","$","M","R","M","M","T","R","?","?","M","?","R","BOSS","M","?","?","$","M","?","R","M","T","E","M","?","R","M","R","BOSS","R","$","E"],"items_purchased_type":["Relic","Card","Card","Card","Relic","Card","Card","Card","Relic"],"build_version":"2020-12-13","purchased_purges":0,"victory":false,"max_hp_per_floor":[66,66,66,66,66,66,66,66,66,66,66,66,66,66,66,66,66,67,67,67,67,67,67,67,67,67,67,67,67,68,68,68,68,68,68,68,68,68,68,68,68,68,68,68,68,68,68,68,68,68,68,68,68,68,68],"card_choices":[{"not_picked":["animator:Shimakaze","animator:MisaKurobane"],"picked":"animator:Zero","floor":0},{"not_picked":["animator:NagisaMomoe","animator:Ciel","animator:Konayuki"],"picked":"SKIP","floor":1},{"not_picked":["animator:UneriGinkaku","animator:YachiyoNanami"],"picked":"animator:SayakaMiki","floor":4},{"not_picked":["animator:Laby","animator:Millim","animator:Tyuule+1"],"picked":"SKIP","floor":13},{"not_picked":["animator:Sloth","animator:Scar"],"picked":"animator:Envy","floor":14},{"not_picked":["animator:Ara","animator:IzunaHatsuse+1"],"picked":"animator:MaesHughes+1","floor":18},{"not_picked":["animator:SuzuneAmano","animator:Ciel+1","animator:DolaRiku+1"],"picked":"SKIP","floor":20},{"not_picked":["animator:Laby","animator:Hakurou"],"picked":"animator:Pride+1","floor":22},{"not_picked":["animator:Gluttony+1","animator:MaesHughes+1"],"picked":"animator:ElricAlphonse+1","floor":24},{"not_picked":["animator:Aisha+1","animator:Chung+1","animator:Kuribayashi"],"picked":"SKIP","floor":25},{"not_picked":["animator:MaesHughes+1","animator:Raven"],"picked":"animator:MadokaKaname+1","floor":30},{"not_picked":["animator:Biyorigo","animator:Shizu"],"picked":"animator:PinaCoLada","floor":33},{"not_picked":["animator:Add+1","animator:Chung+1","animator:Ciel+1"],"picked":"SKIP","floor":35},{"not_picked":["animator:RoyMustang","animator:WinryRockbell"],"picked":"animator:Greed","floor":39},{"not_picked":["animator:Hakurou+1","animator:YuiTsuruno","animator:NagisaMomoe+1"],"picked":"SKIP","floor":42},{"not_picked":["animator:ElricEdward+1","animator:KyokoSakura+1","animator:Ara"],"picked":"animator:Aisha","floor":44},{"not_picked":["animator:IrohaTamaki","animator:Rena+1","animator:MamiTomoe+1","animator:Kaijin+1"],"picked":"SKIP","floor":45},{"not_picked":["animator:Pride+1","animator:MaesHughes+1","animator:Scar"],"picked":"animator:ElricEdward","floor":48}],"player_experience":574487,"relics_obtained":[{"floor":2,"key":"MawBank"},{"floor":9,"key":"animator:WornHelmet"},{"floor":13,"key":"Bronze Scales"},{"floor":26,"key":"Pantograph"},{"floor":43,"key":"Question Card"},{"floor":44,"key":"Nunchaku"}],"event_choices":[{"damage_healed":16,"gold_gain":0,"player_choice":"Healed","damage_taken":0,"max_hp_gain":0,"max_hp_loss":0,"event_name":"The Cleric","floor":5,"gold_loss":35},{"damage_healed":0,"gold_gain":0,"player_choice":"Success","damage_taken":12,"relics_obtained":["Toxic Egg 2"],"max_hp_gain":0,"max_hp_loss":0,"event_name":"Scrap Ooze","floor":7,"gold_loss":0},{"damage_healed":0,"gold_gain":0,"player_choice":"Ignored","damage_taken":0,"max_hp_gain":0,"max_hp_loss":0,"event_name":"Golden Wing","floor":10,"gold_loss":0},{"damage_healed":0,"gold_gain":0,"player_choice":"Paid Gold","damage_taken":0,"relics_obtained":["Art of War"],"max_hp_gain":0,"max_hp_loss":0,"event_name":"WeMeetAgain","floor":19,"gold_loss":81},{"damage_healed":0,"gold_gain":0,"player_choice":"Inject Mutagens","damage_taken":0,"relics_obtained":["MutagenicStrength"],"max_hp_gain":0,"max_hp_loss":0,"event_name":"Drug Dealer","floor":29,"gold_loss":0},{"damage_healed":0,"gold_gain":0,"player_choice":"Fight","damage_taken":0,"max_hp_gain":0,"max_hp_loss":0,"event_name":"Colosseum","floor":31,"gold_loss":0},{"damage_healed":0,"gold_gain":0,"player_choice":"Fled From Nobs","damage_taken":0,"max_hp_gain":0,"max_hp_loss":0,"event_name":"Colosseum","floor":31,"gold_loss":0},{"damage_healed":0,"gold_gain":999,"player_choice":"Gold","damage_taken":0,"max_hp_gain":0,"max_hp_loss":0,"event_name":"MindBloom","floor":36,"gold_loss":0,"cards_obtained":["Normality","Normality"]},{"damage_healed":0,"gold_gain":0,"player_choice":"Ignored","damage_taken":0,"max_hp_gain":0,"max_hp_loss":0,"event_name":"Mysterious Sphere","floor":37,"gold_loss":0},{"damage_healed":17,"gold_gain":0,"player_choice":"Writhe","damage_taken":0,"max_hp_gain":0,"max_hp_loss":0,"event_name":"Winding Halls","floor":40,"gold_loss":0,"cards_obtained":["Writhe"]}],"is_beta":false,"boss_relics":[{"not_picked":["Empty Cage","SacredBark"],"picked":"SlaversCollar"},{"not_picked":["Runic Dome","Sozu"],"picked":"animator:VividPicture"}],"items_purged_floors":[],"is_endless":false,"potions_floor_spawned":[4,14,16,18,22,30,31,35,44],"killed_by":"Shield and Spear","ascension_level":0}}