{"host":"esx1hwjnbftf3eqj","time":1608317547,"event":{"mods":["BaseMod","Colored Map","Minty Spire (QoL Compilation)","StSLib","The Jungle"],"gold_per_floor":[110,120,120,120,133,161,225,225,225],"floor_reached":8,"playtime":465,"items_purged":[],"score":67,"play_id":"1a1a5b4a-a67e-4fb8-bdf7-6399637f5087","local_time":"20201218105227","is_ascension_mode":true,"campfire_choices":[],"circlet_count":0,"master_deck":["Strike_R","Strike_R","Strike_R","Strike_R","Defend_R","Defend_R","Defend_R","Defend_R","Bash","Body Slam","Thunderclap","Blood for Blood","Immolate","Headbutt","Rage"],"relics":["Burning Blood","Blood Vial","Ancient Tea Set","Orichalcum"],"acts_visited":["Exordium"],"potions_floor_usage":[6,6],"damage_taken":[{"damage":6,"enemies":"Cultist","floor":1,"turns":3},{"damage":0,"enemies":"2 Louse","floor":2,"turns":3},{"damage":8,"enemies":"Small Slimes","floor":5,"turns":4},{"damage":5,"enemies":"3 Sentries","floor":6,"turns":5},{"damage":62,"enemies":"Lagavulin Event","floor":7,"turns":6},{"damage":16,"enemies":"Lagavulin","floor":8,"turns":3}],"seed_played":"-6990679482327995215","potions_obtained":[{"floor":1,"key":"SkillPotion"},{"floor":2,"key":"DistilledChaos"}],"is_trial":false,"path_per_floor":["M","M","?","?","M","E","?","E"],"character_chosen":"IRONCLAD","items_purchased":[],"campfire_rested":0,"item_purchase_floors":[],"current_hp_per_floor":[88,88,63,63,63,66,12,0,0],"gold":225,"neow_bonus":"TEN_PERCENT_HP_BONUS","is_daily":false,"chose_seed":false,"campfire_upgraded":0,"win_rate":0.0,"timestamp":1608317547,"path_taken":["M","?","?","?","M","E","?","E"],"items_purchased_type":[],"build_version":"2020-12-13","purchased_purges":0,"victory":false,"max_hp_per_floor":[88,88,88,88,88,88,88,88,88],"card_choices":[{"not_picked":["Second Wind","Flex"],"picked":"Body Slam","floor":1},{"not_picked":["Sword Boomerang","Fire Breathing"],"picked":"Thunderclap","floor":2},{"not_picked":["True Grit","Ghostly Armor"],"picked":"Immolate","floor":5},{"not_picked":["Rupture","Bloodletting"],"picked":"Headbutt","floor":6},{"not_picked":["Blood for Blood","Inflame"],"picked":"Rage","floor":7}],"player_experience":450621,"relics_obtained":[{"floor":6,"key":"Ancient Tea Set"},{"floor":7,"key":"Orichalcum"}],"event_choices":[{"damage_healed":0,"gold_gain":0,"player_choice":"Success","damage_taken":25,"relics_obtained":["Blood Vial"],"max_hp_gain":0,"max_hp_loss":0,"event_name":"Scrap Ooze","floor":3,"gold_loss":0},{"damage_healed":0,"gold_gain":0,"cards_transformed":["Strike_R"],"player_choice":"Change","damage_taken":0,"max_hp_gain":0,"max_hp_loss":0,"event_name":"Living Wall","floor":4,"gold_loss":0,"cards_obtained":["Blood for Blood"]},{"damage_healed":0,"gold_gain":0,"player_choice":"Searched \u00271\u0027 times","damage_taken":0,"max_hp_gain":0,"max_hp_loss":0,"event_name":"Dead Adventurer","floor":7,"gold_loss":0}],"is_beta":false,"boss_relics":[],"items_purged_floors":[],"is_endless":false,"potions_floor_spawned":[1,2],"killed_by":"Lagavulin","ascension_level":4}}