{"host":"70hw88lpn0qjvurq","time":1608288819,"event":{"mods":["Aspiration","BaseMod","BetterRewards","Colored Map","Colored Powertips","Conspire","Googly Eyes","Infinite Spire","Minty Spire (QoL Compilation)","Replay The Spire","Shop Mod","Spicy Shops","StSLib","The Jungle","[IsaacMod]????"],"gold_per_floor":[109,184,199,199,199,234,259,292,316,266,284,359,359,375,375,474,474,501,628,635,735,752,752,801,819,843,868,888,888,922,934,934,1032,1032,1048,1048,1082,503,503,503,543,543,566,566,537,537,568,568,568,670,670,688,688,988,1004,1015,1040,1055,1094,1121,1167,1167,1205,1205,1237,1237,1380,1380,1409,1506,1506,1534,1563,1563,1608,1608,1608,1608,1608,1608,1608,1639,1639,1747,1747,1787,1787,1857,1889,1910,1962,1962,2006,2030,2030,2030,2030,2030,2065,2065,2086,2086],"floor_reached":101,"playtime":1992,"items_purged":["Strike_P","Strike_P","Defend_P","Normality"],"score":2084,"play_id":"28546824-fd95-4332-b48a-609861a59456","local_time":"20201218045339","is_ascension_mode":true,"campfire_choices":[{"data":"Ragnarok","floor":13,"key":"SMITH"},{"data":"Eruption","floor":15,"key":"SMITH"},{"data":"Halt","floor":23,"key":"SMITH"},{"floor":29,"key":"REST"},{"data":"SashWhip","floor":32,"key":"SMITH"},{"data":"CrushJoints","floor":40,"key":"SMITH"},{"data":"InnerPeace","floor":42,"key":"SMITH"},{"data":"ReachHeaven","floor":44,"key":"SMITH"},{"data":"CarveReality","floor":46,"key":"SMITH"},{"data":"FearNoEvil","floor":49,"key":"SMITH"},{"data":"Pot Of Greed","floor":74,"key":"SMITH"},{"floor":81,"key":"RECALL"},{"data":"BattleHymn","floor":83,"key":"SMITH"},{"data":"CarveReality","floor":92,"key":"SMITH"},{"data":"Defend_P","floor":95,"key":"SMITH"},{"data":"Vigilance","floor":100,"key":"SMITH"}],"circlet_count":0,"master_deck":["Defend_P","Defend_P","Defend_P","Eruption+1","Vigilance+1","InnerPeace+1","Ragnarok+1","BattleHymn+1","CarveReality+1","MasterReality+1","FearNoEvil+1","Halt+1","CrushJoints+1","Omniscience+1","ReachHeaven+1","Tantrum+1","FollowUp+1","EmptyMind+1","SashWhip+1","Ragnarok+1","CarveReality+1","Pot Of Greed+1","Pot Of Greed+1","Tantrum+1","LessonLearned+1","Pot Of Greed+1","AbeCurse","CarveReality+1","Pray+1","Replay:LoomingThreat+1","infinitespire:Execution+1","DevaForm+1","Streamline+1","Capacitor+1","Capacitor+1","ReplayTheSpireMod:Shiv Toss+1"],"relics":["HushsDoor","SteamSale","ChewingGum","BargainBundle","PreservedInsect","SalivaCoin","Replay:Lucky Slots","infinitespire:CheckeredPen","Replay:Accelerometer","Golden Egg","SatanicBible","Replay:Baseball","Anchor","SlaversCollar","Damaru","Replay:Wanted Poster","StoneCalendar","Quantum Egg","Lantern","Replay:Wax Seal","Runic Pyramid","Replay:Ringing Soul","Sling","DoctorsRemote","infinitespire:Magic Flask","TheBean","Chemical X","MerchantsRug","Pondfish Scales","Centennial Puzzle","Membership Card","Shuriken","Grinning Jar","Simple Rune","HowToJump","TheAbacus","Bottled Flame","PokeGo","Abe\u0027s Treasure","Damocles","Omamori","Strange Spoon","Bag of Marbles","infinitespire:Beetle Shell","Potion Belt","aspiration:ArtOfWarUpgrade","Strawberry","Toy Ornithopter","infinitespire:FocusingShard","Pet Ghost","aspiration:HiddenCompartment","Orichalcum","Replay:Bandana","infinitespire:Lucky Rock","Blood Vial","conspire:GlowingRock","Matryoshka","conspire:DecoderRing","Bottled Tornado","Busted Crown","Blue Doll","Nunchaku","Ornamental Fan","MealTicket","Bag of Preparation","aspiration:Lifesprig","DeadEye","Juzu Bracelet","Smiling Mask","Blue Candle","Calling Bell","Akabeko","Replay:PocketPolymizer","conspire:BottledYoYo","AnarchistCookbook","infinitespire:WardingShard","aspiration:DefectSkillbook","Damocles","CloakClasp","Vajra","D4","Kunai","Tiny Chest","Dream Catcher","ReplayTheSpireMod:Ninjato","Replay:Bottled Steam","infinitespire:Satchel","Boot","Ancient Tea Set","Replay:Mystery Machine","Du-Vu Doll","TheBible","ReplayFunnel","aspiration:ChemicalBlood","Pen Nib","Snack Pack","ReplayTheSpireMod:Lightbulb","OrangePellets","PrismaticShard","Replay:Rubber Ducky","PunchingBag","Ice Cream"],"acts_visited":["Exordium","theJungle:Jungle","TheBeyond","Exordium","TheCity","TheBeyond"],"potions_floor_usage":[24],"damage_taken":[{"damage":0,"enemies":"Small Slimes","floor":1,"turns":4},{"damage":0,"enemies":"conspire:RoseBush","floor":3,"turns":2},{"damage":0,"enemies":"Gremlin Nob","floor":6,"turns":2},{"damage":7,"enemies":"2 Louse","floor":7,"turns":2},{"damage":0,"enemies":"Lagavulin","floor":8,"turns":3},{"damage":0,"enemies":"Looter","floor":11,"turns":2},{"damage":23,"enemies":"Lagavulin Event","floor":12,"turns":4},{"damage":0,"enemies":"2 Fungi Beasts","floor":14,"turns":2},{"damage":0,"enemies":"Slime Boss","floor":16,"turns":3},{"damage":0,"enemies":"theJungle:5_Spyders","floor":18,"turns":4},{"damage":0,"enemies":"Shell Parasite","floor":22,"turns":3},{"damage":13,"enemies":"Nightmare","floor":24,"turns":4},{"damage":0,"enemies":"theJungle:SlimyTreeVines","floor":25,"turns":3},{"damage":0,"enemies":"theJungle:2_Snecko_Cultists","floor":28,"turns":1},{"damage":0,"enemies":"theJungle:MamaSnecko","floor":30,"turns":3},{"damage":0,"enemies":"theJungle:JungleHuntersEncounter","floor":31,"turns":2},{"damage":0,"enemies":"theJungle:QueenSpyder","floor":33,"turns":4},{"damage":0,"enemies":"Orb Walker","floor":35,"turns":1},{"damage":24,"enemies":"conspire:MimicChest","floor":37,"turns":4},{"damage":0,"enemies":"R_Hoarder","floor":41,"turns":2},{"damage":0,"enemies":"Nemesis","floor":47,"turns":1},{"damage":28,"enemies":"Replay:Hell Engine","floor":50,"turns":3},{"damage":0,"enemies":"Small Slimes","floor":52,"turns":1},{"damage":0,"enemies":"Cultist","floor":55,"turns":1},{"damage":0,"enemies":"Jaw Worm","floor":56,"turns":1},{"damage":0,"enemies":"Nightmare","floor":57,"turns":1},{"damage":0,"enemies":"Looter","floor":58,"turns":1},{"damage":0,"enemies":"Gremlin Nob","floor":59,"turns":1},{"damage":0,"enemies":"3 Sentries","floor":61,"turns":1},{"damage":0,"enemies":"Gremlin Nob","floor":63,"turns":1},{"damage":0,"enemies":"2 Fungi Beasts","floor":65,"turns":1},{"damage":0,"enemies":"Fading Forest","floor":67,"turns":5},{"damage":0,"enemies":"Shell Parasite","floor":69,"turns":1},{"damage":0,"enemies":"3 Byrds","floor":72,"turns":2},{"damage":0,"enemies":"Shelled Parasite and Fungi","floor":73,"turns":1},{"damage":0,"enemies":"Book of Stabbing","floor":75,"turns":1},{"damage":0,"enemies":"Snake Plant","floor":82,"turns":1},{"damage":0,"enemies":"Collector","floor":84,"turns":1},{"damage":0,"enemies":"Orb Walker","floor":86,"turns":1},{"damage":0,"enemies":"Mind Bloom Boss Battle","floor":88,"turns":1},{"damage":0,"enemies":"3 Darklings","floor":89,"turns":1},{"damage":0,"enemies":"Sphere and 2 Shapes","floor":90,"turns":1},{"damage":0,"enemies":"R_Hoarder","floor":91,"turns":1},{"damage":0,"enemies":"Nemesis","floor":93,"turns":1},{"damage":0,"enemies":"Spire Growth","floor":99,"turns":1},{"damage":4,"enemies":"Time Eater","floor":101,"turns":1}],"seed_played":"-8368205264408631659","potions_obtained":[{"floor":1,"key":"PowerPotion"},{"floor":28,"key":"CultistPotion"},{"floor":58,"key":"Languid Potion"},{"floor":61,"key":"Toxic Potion"}],"is_trial":false,"path_per_floor":["M","?","M","$","?","E","M","E","T","?","M","?","R","M","R","B",null,"M","?","?","AVR","M","R","NM","M","T","T","M","R","E","M","R","B",null,"M","?","?","$","?","R","E","R","T","R","$","R","E","T","R","B",null,"M","$","?","M","M","NM","M","E","T","E","R","E","?","M","R","B",null,"M","?","?","M","M","R","E","T","T","?","AVR","?","R","M","R","B",null,"M","?","?","M","M","E","R","E","T","R","?","?","$","M","R","B"],"character_chosen":"WATCHER","items_purchased":["BargainBundle","PreservedInsect","SalivaCoin","Ragnarok","BattleHymn","Replay:Lucky Slots","infinitespire:CheckeredPen","Dexterity Potion","Languid Potion","ColorlessPotion","Replay:Accelerometer","CarveReality","Sling","DoctorsRemote","infinitespire:Magic Flask","TheBean","Chemical X","MerchantsRug","Membership Card","Shuriken","Grinning Jar","Simple Rune","HowToJump","TheAbacus","Tantrum","Damocles","Strange Spoon","Bag of Marbles","infinitespire:Beetle Shell","Potion Belt","Art of War","CarveReality","Damocles","Pen Nib","Snack Pack","ReplayTheSpireMod:Lightbulb","OrangePellets","PrismaticShard","Replay:Rubber Ducky","Capacitor"],"campfire_rested":1,"item_purchase_floors":[4,4,4,4,4,4,4,4,4,4,4,4,38,38,38,38,38,38,45,45,45,45,45,45,45,51,53,53,53,53,53,53,85,98,98,98,98,98,98,98],"current_hp_per_floor":[72,61,61,61,66,66,59,59,59,59,59,36,36,36,36,36,72,72,62,47,47,47,47,34,34,34,34,34,55,55,55,55,55,72,72,72,48,48,55,55,55,55,55,55,58,58,58,58,58,33,71,71,74,74,81,81,81,81,81,81,81,81,81,84,84,84,87,87,87,53,53,55,57,57,59,59,59,59,59,59,59,61,61,66,80,80,80,80,80,80,80,80,83,83,83,83,83,86,89,89,0,0],"gold":2086,"neow_bonus":"BOSS_RELIC","is_daily":false,"chose_seed":false,"campfire_upgraded":14,"win_rate":0.0,"timestamp":1608288819,"path_taken":["M","?","M","$","?","E","M","E","T","?","M","?","R","M","R","BOSS","M","?","?","AVR","M","R","NM","?","T","?","?","R","E","M","R","BOSS","M","?","?","$","?","R","E","R","T","R","$","R","E","?","R","BOSS","M","$","?","M","M","NM","M","E","T","E","R","E","?","M","R","BOSS","M","?","?","M","M","R","E","?","T","?","AVR","?","R","M","R","BOSS","M","?","?","M","M","E","R","E","T","R","?","?","$","M","R","BOSS"],"items_purchased_type":["Relic","Relic","Relic","Card","Card","Relic","Relic","Potion","Potion","Potion","Relic","Card","Relic","Relic","Relic","Relic","Relic","Relic","Relic","Relic","Relic","Relic","Relic","Relic","Card","Relic","Relic","Relic","Relic","Relic","Relic","Card","Relic","Relic","Relic","Relic","Relic","Relic","Relic","Card"],"build_version":"2020-12-13","purchased_purges":4,"victory":false,"max_hp_per_floor":[72,72,72,72,77,77,77,77,77,77,77,77,77,77,77,77,72,72,72,72,72,72,72,72,72,72,72,72,72,72,72,72,72,72,72,72,72,72,72,72,72,72,72,72,75,75,75,75,75,78,71,71,74,74,81,81,81,81,81,81,81,81,81,84,84,84,87,87,87,87,87,87,87,87,87,87,87,87,87,87,87,87,87,90,80,80,80,80,80,80,80,80,83,83,83,83,83,86,89,89,89,89],"card_choices":[{"not_picked":[],"picked":"Bomb","floor":0},{"not_picked":["SignatureMove","FollowUp"],"picked":"InnerPeace","floor":1},{"not_picked":["Replay:BluntJabs","BowlingBash","Crescendo"],"picked":"SKIP","floor":3},{"not_picked":["Consecrate","Replay:AtTheReady","Replay:ManipulateFuture"],"picked":"SKIP","floor":6},{"not_picked":["EmptyBody","Consecrate"],"picked":"MasterReality","floor":7},{"not_picked":["LikeWater","Bomb"],"picked":"FearNoEvil","floor":8},{"not_picked":["FlyingSleeves","CutThroughFate"],"picked":"Halt","floor":11},{"not_picked":["ClearTheMind","Replay:Cycle"],"picked":"CrushJoints","floor":12},{"not_picked":["PathToVictory","CutThroughFate"],"picked":"Omniscience","floor":14},{"not_picked":["ClearTheMind","Collect+1"],"picked":"ReachHeaven","floor":18},{"not_picked":["EmptyFist","ClearTheMind","Protect"],"picked":"SKIP","floor":22},{"not_picked":["BowlingBash+1","EmptyFist+1"],"picked":"Tantrum+1","floor":24},{"not_picked":["JustLucky","Pray"],"picked":"FollowUp+1","floor":25},{"not_picked":["Establishment","TalkToTheHand"],"picked":"BattleHymn","floor":28},{"not_picked":["Halt","Replay:Vibes"],"picked":"EmptyMind+1","floor":30},{"not_picked":["Vengeance","Consecrate+1"],"picked":"SashWhip","floor":31},{"not_picked":["DeusExMachina","ConjureBlade"],"picked":"Ragnarok","floor":33},{"not_picked":["Replay:DivineShield+1","SashWhip"],"picked":"CarveReality","floor":35},{"not_picked":["EmptyFist+1","Wireheading","Replay:BluntJabs+1"],"picked":"SKIP","floor":41},{"not_picked":["Protect+1","Wireheading+1","InnerPeace"],"picked":"SKIP","floor":47},{"not_picked":["Establishment","Devotion"],"picked":"LessonLearned","floor":50},{"not_picked":["FollowUp","SignatureMove","Evaluate"],"picked":"SKIP","floor":52},{"not_picked":["SashWhip","EmptyBody","Replay:Hum"],"picked":"SKIP","floor":55},{"not_picked":["Evaluate","WindmillStrike","Pray"],"picked":"SKIP","floor":56},{"not_picked":["Devotion","Swivel","ForeignInfluence"],"picked":"SKIP","floor":57},{"not_picked":["Crescendo","EmptyFist","FlurryOfBlows"],"picked":"SKIP","floor":58},{"not_picked":["Prostrate","BowlingBash","EmptyBody"],"picked":"SKIP","floor":59},{"not_picked":["FlurryOfBlows","Alpha","PathToVictory"],"picked":"SKIP","floor":61},{"not_picked":["ClearTheMind","Crescendo","Adaptation"],"picked":"SKIP","floor":63},{"not_picked":["Consecrate","CrushJoints","PathToVictory"],"picked":"SKIP","floor":65},{"not_picked":["DeusExMachina","Judgement"],"picked":"Replay:LoomingThreat","floor":67},{"not_picked":["infinitespire:Collect","infinitespire:Punishment"],"picked":"infinitespire:Execution","floor":67},{"not_picked":["FlyingSleeves"],"picked":"SKIP","floor":69},{"not_picked":["SashWhip"],"picked":"SKIP","floor":72},{"not_picked":["SignatureMove"],"picked":"SKIP","floor":73},{"not_picked":["EmptyMind"],"picked":"SKIP","floor":75},{"not_picked":["BattleHymn"],"picked":"SKIP","floor":82},{"not_picked":[],"picked":"DevaForm","floor":84},{"not_picked":["FlyingSleeves","WheelKick"],"picked":"SKIP","floor":86},{"not_picked":["Rebound","Cold Snap"],"picked":"SKIP","floor":89},{"not_picked":["Replay:ManipulateFuture","Turbo"],"picked":"SKIP","floor":90},{"not_picked":["Replay:Cycle","Gash"],"picked":"SKIP","floor":91},{"not_picked":["Redo"],"picked":"Streamline+1","floor":93},{"not_picked":["EmptyFist+1"],"picked":"ReplayTheSpireMod:Shiv Toss+1","floor":99}],"player_experience":171834,"relics_obtained":[{"floor":6,"key":"Golden Egg"},{"floor":8,"key":"SatanicBible"},{"floor":9,"key":"Replay:Baseball"},{"floor":12,"key":"Anchor"},{"floor":24,"key":"Quantum Egg"},{"floor":27,"key":"Lantern"},{"floor":30,"key":"Replay:Wax Seal"},{"floor":37,"key":"Replay:Ringing Soul"},{"floor":41,"key":"Pondfish Scales"},{"floor":43,"key":"Centennial Puzzle"},{"floor":47,"key":"Bottled Flame"},{"floor":48,"key":"PokeGo"},{"floor":52,"key":"Omamori"},{"floor":55,"key":"Strawberry"},{"floor":56,"key":"Toy Ornithopter"},{"floor":57,"key":"infinitespire:FocusingShard"},{"floor":57,"key":"Pet Ghost"},{"floor":58,"key":"aspiration:HiddenCompartment"},{"floor":59,"key":"Orichalcum"},{"floor":59,"key":"Replay:Bandana"},{"floor":60,"key":"infinitespire:Lucky Rock"},{"floor":61,"key":"Blood Vial"},{"floor":61,"key":"conspire:GlowingRock"},{"floor":63,"key":"Matryoshka"},{"floor":63,"key":"conspire:DecoderRing"},{"floor":65,"key":"Bottled Tornado"},{"floor":69,"key":"Blue Doll"},{"floor":70,"key":"Nunchaku"},{"floor":70,"key":"Ornamental Fan"},{"floor":72,"key":"MealTicket"},{"floor":73,"key":"Bag of Preparation"},{"floor":75,"key":"aspiration:Lifesprig"},{"floor":75,"key":"DeadEye"},{"floor":76,"key":"Juzu Bracelet"},{"floor":76,"key":"Smiling Mask"},{"floor":77,"key":"Blue Candle"},{"floor":79,"key":"Akabeko"},{"floor":79,"key":"Replay:PocketPolymizer"},{"floor":79,"key":"conspire:BottledYoYo"},{"floor":82,"key":"infinitespire:WardingShard"},{"floor":86,"key":"CloakClasp"},{"floor":86,"key":"Vajra"},{"floor":88,"key":"D4"},{"floor":88,"key":"Kunai"},{"floor":88,"key":"Tiny Chest"},{"floor":89,"key":"Dream Catcher"},{"floor":89,"key":"ReplayTheSpireMod:Ninjato"},{"floor":90,"key":"Replay:Bottled Steam"},{"floor":90,"key":"infinitespire:Satchel"},{"floor":91,"key":"Boot"},{"floor":91,"key":"Ancient Tea Set"},{"floor":91,"key":"Replay:Mystery Machine"},{"floor":93,"key":"Du-Vu Doll"},{"floor":93,"key":"TheBible"},{"floor":93,"key":"ReplayFunnel"},{"floor":94,"key":"aspiration:ChemicalBlood"},{"floor":99,"key":"PunchingBag"},{"floor":99,"key":"Ice Cream"}],"event_choices":[{"damage_healed":0,"gold_gain":75,"player_choice":"Gather Gold","damage_taken":11,"max_hp_gain":0,"max_hp_loss":0,"event_name":"World of Goop","floor":2,"gold_loss":0},{"damage_healed":0,"gold_gain":0,"player_choice":"Donut","damage_taken":0,"max_hp_gain":5,"max_hp_loss":0,"event_name":"Big Fish","floor":5,"gold_loss":0},{"cards_removed":["Strike_P"],"damage_healed":0,"gold_gain":0,"player_choice":"Card Removal","damage_taken":0,"max_hp_gain":0,"max_hp_loss":0,"event_name":"The Cleric","floor":10,"gold_loss":50},{"damage_healed":0,"gold_gain":30,"player_choice":"Searched \u00273\u0027 times","damage_taken":0,"max_hp_gain":0,"max_hp_loss":0,"event_name":"Dead Adventurer","floor":12,"gold_loss":0},{"cards_removed":["BattleHymn"],"damage_healed":0,"gold_gain":0,"player_choice":"Removed Power","damage_taken":0,"max_hp_gain":0,"max_hp_loss":0,"event_name":"Falling","floor":36,"gold_loss":0},{"damage_healed":0,"gold_gain":0,"player_choice":"Forge","damage_taken":0,"max_hp_gain":0,"max_hp_loss":0,"event_name":"Accursed Blacksmith","floor":71,"gold_loss":0,"cards_upgraded":["infinitespire:Execution"]},{"damage_healed":0,"gold_gain":0,"player_choice":"Ignored","damage_taken":0,"max_hp_gain":0,"max_hp_loss":0,"event_name":"Vampires","floor":78,"gold_loss":0},{"damage_healed":0,"gold_gain":0,"player_choice":"Ignored","damage_taken":0,"max_hp_gain":0,"max_hp_loss":0,"event_name":"Tomb of Lord Red Mask","floor":87,"gold_loss":0},{"damage_healed":0,"gold_gain":0,"player_choice":"Fight","damage_taken":0,"max_hp_gain":0,"max_hp_loss":0,"event_name":"MindBloom","floor":88,"gold_loss":0},{"damage_healed":0,"gold_gain":0,"player_choice":"Memory 1","damage_taken":0,"max_hp_gain":0,"max_hp_loss":0,"event_name":"SensoryStone","floor":96,"gold_loss":0},{"damage_healed":0,"gold_gain":0,"player_choice":"Leave","damage_taken":0,"max_hp_gain":0,"max_hp_loss":0,"event_name":"conspire:Investor","floor":97,"gold_loss":0}],"is_beta":false,"boss_relics":[{"not_picked":["aspiration:FutureDiary","Cursed Key"],"picked":"SlaversCollar"},{"not_picked":[]},{"not_picked":["Snecko Heart","Replay:Bronze Core"],"picked":"Runic Pyramid"},{"not_picked":[]},{"not_picked":["aspiration:DefectSkillbook","Calling Bell"],"picked":"Abe\u0027s Treasure"},{"not_picked":[]},{"not_picked":["aspiration:SilentSkillbook","aspiration:FutureDiary"],"picked":"Busted Crown"},{"not_picked":[]},{"not_picked":["Snecko Eye","Cursed Key"],"picked":"aspiration:DefectSkillbook"},{"not_picked":[]}],"items_purged_floors":[4,17,21,45],"is_endless":true,"potions_floor_spawned":[1,7,18,28,31,41,58,61,63,67,72,82,84,89,90,99],"killed_by":"Time Eater","ascension_level":1}}