{"host":"ci7ivtocgfxh0ueo","time":1608275063,"event":{"mods":["BaseMod","GifTheSpireLib","Minty Spire (QoL Compilation)","StSLib"],"gold_per_floor":[112,112,124,124,199,199,218,218,265,265,25,44,44,55,55,134,134,160,199,212,262,262,262,262,271,271,271,13,13,51,70,70,70,70],"floor_reached":33,"playtime":909,"items_purged":["Parasite","Decay"],"score":464,"play_id":"e356b8bf-4f01-44b1-ae78-d24b7ea867c6","local_time":"20201218150423","is_ascension_mode":true,"campfire_choices":[{"data":"Dash","floor":6,"key":"SMITH"},{"floor":8,"key":"REST"},{"data":"All Out Attack","floor":13,"key":"SMITH"},{"data":"Venomology","floor":15,"key":"SMITH"},{"floor":23,"key":"REST"},{"floor":24,"key":"REST"},{"data":"Neutralize","floor":27,"key":"SMITH"},{"data":"Footwork","floor":29,"key":"SMITH"},{"floor":32,"key":"REST"}],"circlet_count":0,"master_deck":["AscendersBane","Strike_G","Strike_G+1","Strike_G","Strike_G","Strike_G+1","Defend_G","Defend_G","Defend_G+1","Defend_G","Defend_G+1","Survivor","Neutralize+1","All Out Attack+1","Dash+1","Venomology+1","Bullet Time","CurseOfTheBell","Sucker Punch+1","Footwork+1","Phantasmal Killer","All Out Attack"],"relics":["Ring of the Snake","WingedGreaves","Centennial Puzzle","MealTicket","Whetstone","Calling Bell","CeramicFish","Shuriken","StoneCalendar","Red Mask","Bottled Lightning","Bag of Marbles","Gremlin Horn"],"acts_visited":["Exordium","TheCity"],"potions_floor_usage":[7,16,16,18,19,20,20,30,30,31,31],"damage_taken":[{"damage":0,"enemies":"2 Louse","floor":1,"turns":4},{"damage":12,"enemies":"Jaw Worm","floor":3,"turns":5},{"damage":0,"enemies":"Small Slimes","floor":7,"turns":3},{"damage":0,"enemies":"Blue Slaver","floor":12,"turns":4},{"damage":0,"enemies":"Looter","floor":14,"turns":3},{"damage":29,"enemies":"The Guardian","floor":16,"turns":9},{"damage":16,"enemies":"Spheric Guardian","floor":18,"turns":4},{"damage":28,"enemies":"Masked Bandits","floor":19,"turns":5},{"damage":0,"enemies":"3 Byrds","floor":20,"turns":6},{"damage":32,"enemies":"Slavers","floor":30,"turns":7},{"damage":0,"enemies":"Snake Plant","floor":31,"turns":5},{"damage":96,"enemies":"Collector","floor":33,"turns":8}],"seed_played":"1562465796362680958","potions_obtained":[{"floor":3,"key":"SneckoOil"},{"floor":7,"key":"ColorlessPotion"},{"floor":16,"key":"Ancient Potion"},{"floor":19,"key":"Poison Potion"},{"floor":20,"key":"PowerPotion"},{"floor":30,"key":"LiquidBronze"}],"is_trial":false,"path_per_floor":["M","?","M","?","?","R","M","R","T","?","$","M","R","M","R","B",null,"M","?","M","?","$","R","R","?","T","R","$","R","E","M","R","B"],"character_chosen":"THE_SILENT","items_purchased":["Whetstone","Bag of Marbles"],"campfire_rested":4,"item_purchase_floors":[11,28],"current_hp_per_floor":[59,48,36,16,5,5,5,24,24,66,63,63,63,63,63,34,56,40,12,12,12,27,45,63,63,63,63,63,63,31,31,49,0,0],"gold":70,"neow_bonus":"ONE_RARE_RELIC","is_daily":false,"chose_seed":false,"campfire_upgraded":5,"win_rate":0.0,"timestamp":1608275063,"path_taken":["M","?","M","?","?","R","?","R","T","?","$","M","R","M","R","BOSS","M","?","M","?","$","R","R","?","T","R","?","R","E","?","R","BOSS"],"items_purchased_type":["Relic","Relic"],"build_version":"2020-12-13","purchased_purges":2,"victory":false,"max_hp_per_floor":[66,66,66,66,66,66,66,66,66,66,63,63,63,63,63,63,63,63,63,63,63,63,63,63,63,63,63,63,63,63,63,63,63,63],"card_choices":[{"not_picked":["Poisoned Stab","Reflex"],"picked":"All Out Attack","floor":1},{"not_picked":["Well Laid Plans","Eviscerate"],"picked":"Dash","floor":3},{"not_picked":["Outmaneuver","Dodge and Roll"],"picked":"Blur","floor":7},{"not_picked":["Quick Slash","Infinite Blades","Underhanded Strike"],"picked":"SKIP","floor":12},{"not_picked":["Backstab","Masterful Stab"],"picked":"Venomology","floor":14},{"not_picked":["Storm of Steel","Tools of the Trade"],"picked":"Bullet Time","floor":16},{"not_picked":["Well Laid Plans","Cloak And Dagger"],"picked":"Sucker Punch+1","floor":18},{"not_picked":["All Out Attack","Cloak And Dagger"],"picked":"Footwork","floor":19},{"not_picked":["Catalyst","Infinite Blades","Poisoned Stab"],"picked":"SKIP","floor":20},{"not_picked":["Outmaneuver","Flying Knee+1"],"picked":"Phantasmal Killer","floor":30},{"not_picked":["Dodge and Roll","Sucker Punch"],"picked":"All Out Attack","floor":31}],"player_experience":1267595,"relics_obtained":[{"floor":9,"key":"MealTicket"},{"floor":17,"key":"CeramicFish"},{"floor":17,"key":"Shuriken"},{"floor":17,"key":"StoneCalendar"},{"floor":19,"key":"Red Mask"},{"floor":26,"key":"Bottled Lightning"},{"floor":30,"key":"Gremlin Horn"}],"event_choices":[{"damage_healed":0,"gold_gain":0,"player_choice":"Success","damage_taken":11,"relics_obtained":["Centennial Puzzle"],"max_hp_gain":0,"max_hp_loss":0,"event_name":"Scrap Ooze","floor":2,"gold_loss":0},{"damage_healed":0,"gold_gain":0,"player_choice":"Entered Light","damage_taken":20,"max_hp_gain":0,"max_hp_loss":0,"event_name":"Shining Light","floor":4,"gold_loss":0,"cards_upgraded":["Defend_G","Defend_G"]},{"damage_healed":0,"gold_gain":75,"player_choice":"Gather Gold","damage_taken":11,"max_hp_gain":0,"max_hp_loss":0,"event_name":"World of Goop","floor":5,"gold_loss":0},{"cards_removed":["Blur"],"damage_healed":42,"gold_gain":0,"player_choice":"Offered Uncommon","damage_taken":0,"max_hp_gain":0,"max_hp_loss":0,"event_name":"Bonfire Elementals","floor":10,"gold_loss":0},{"damage_healed":0,"gold_gain":0,"player_choice":"Fought Bandits","damage_taken":0,"max_hp_gain":0,"max_hp_loss":0,"event_name":"Masked Bandits","floor":19,"gold_loss":0},{"damage_healed":0,"gold_gain":50,"player_choice":"Stole From Cult","damage_taken":0,"max_hp_gain":0,"max_hp_loss":0,"event_name":"Nest","floor":21,"gold_loss":0},{"damage_healed":0,"gold_gain":0,"player_choice":"Smashed Altar","damage_taken":0,"max_hp_gain":0,"max_hp_loss":0,"event_name":"Forgotten Altar","floor":25,"gold_loss":0,"cards_obtained":["Decay"]}],"is_beta":false,"boss_relics":[{"not_picked":["WristBlade","Black Star"],"picked":"Calling Bell"}],"items_purged_floors":[11,28],"is_endless":false,"potions_floor_spawned":[3,7,16,19,20,30],"killed_by":"Collector","ascension_level":17}}