{"host":"7p9x7pjspzs3wva0","time":1608284623,"event":{"mods":["Aspiration","BaseMod","Better Skull","Better Third Choice","BetterRewards","Colored Map","Conspire","Dio Mod","Energized Spire","Infinite Spire","Minty Spire (QoL Compilation)","Replay The Spire","Small Relic Pack","StSLib","The Bug Knight","The Jungle"],"gold_per_floor":[119,26,41,51,0,35,35,61,108,23,0,16,30,49,49,120,120,140,140,159,159,176,176,176,211,211,225,240,240,8,89,89,166,166,234,234,234,214,275,301,301,326,352,364,382,382,443,507,507,557,607,607],"floor_reached":51,"playtime":3340,"items_purged":[],"score":1368,"play_id":"2b1d9c12-9d38-431a-bb03-fc9ad41767a1","local_time":"20201218114343","is_ascension_mode":true,"campfire_choices":[{"floor":7,"key":"REST"},{"floor":15,"key":"REST"},{"floor":24,"key":"REST"},{"floor":29,"key":"REST"},{"floor":32,"key":"REST"},{"floor":41,"key":"REST"},{"floor":46,"key":"REST"},{"floor":49,"key":"REST"}],"circlet_count":0,"master_deck":["AscendersBane","dioMod:Strike","dioMod:Strike","dioMod:Strike","dioMod:Strike","Bite","dioMod:Defend","dioMod:Defend","dioMod:Defend","dioMod:Defend","Madness","dioMod:BloodShield","dioMod:DisarmingVoice","dioMod:StreetSign","dioMod:Muda","dioMod:Freeze","dioMod:BloodSplash","dioMod:TheWalk","dioMod:MudaMudaMuda","Enlightenment","dioMod:FlyAway","dioMod:DaggerToss","dioMod:BlendIn","conspire:Charge","infinitespire:Starlight","Armaments","Pummel","dioMod:DominatingPresence","dioMod:Pluck","dioMod:LaserVision","dioMod:KonoDioDa","Replay:Undeath\u0027s Touch","Rampage","Sword Boomerang+1","ReplayTheSpireMod:Muscle Training","dioMod:GoodbyeJojo+1"],"relics":["dioMod:VampireBlood","Art of War","aspiration:ChemicalBlood","Tiny Chest","aspiration:IroncladSkillbook","relicPack:DSword","MutagenicStrength","Boot","infinitespire:Bottled Soul","WingedGreaves","Replay:Bottled Snecko","relicPack:KazumaCape","Matryoshka","infinitespire:Lucky Rock","Pen Nib","infinitespire:Satchel","conspire:TopHat","Omamori"],"acts_visited":["Exordium","TheCity","TheBeyond"],"potions_floor_usage":[13,14,16,16,16,18,20,20,22,22,25,25,27,27,28,28,33,33,33,33,33,35,35,35,35,39,39,40,40,44,44,44,45,45,47,48,48,50,50,50,50,50,50,50,51],"damage_taken":[{"damage":11,"enemies":"Jaw Worm","floor":1,"turns":5},{"damage":2,"enemies":"Small Slimes","floor":3,"turns":3},{"damage":7,"enemies":"2 Louse","floor":4,"turns":3},{"damage":52,"enemies":"3 Sentries","floor":6,"turns":17},{"damage":35,"enemies":"HollowMod:MossKnight","floor":8,"turns":26},{"damage":4,"enemies":"Blue Slaver","floor":12,"turns":4},{"damage":17,"enemies":"3 Louse","floor":13,"turns":5},{"damage":26,"enemies":"conspire:2 RoseBushes","floor":14,"turns":6},{"damage":40,"enemies":"The Guardian","floor":16,"turns":17},{"damage":24,"enemies":"Spheric Guardian","floor":18,"turns":6},{"damage":9,"enemies":"Shell Parasite","floor":20,"turns":5},{"damage":15,"enemies":"conspire:HollyBat","floor":22,"turns":8},{"damage":47,"enemies":"Book of Stabbing","floor":25,"turns":7},{"damage":46,"enemies":"Chosen and Byrds","floor":27,"turns":7},{"damage":34,"enemies":"Centurion and Healer","floor":28,"turns":6},{"damage":73,"enemies":"conspire:MysteriousRune","floor":33,"turns":7},{"damage":79,"enemies":"3 Darklings","floor":35,"turns":6},{"damage":28,"enemies":"Orb Walker","floor":39,"turns":4},{"damage":53,"enemies":"Nemesis","floor":40,"turns":5},{"damage":61,"enemies":"Writhing Mass","floor":44,"turns":6},{"damage":26,"enemies":"Maw","floor":45,"turns":5},{"damage":64,"enemies":"Spire Growth","floor":47,"turns":5},{"damage":11,"enemies":"Jaw Worm Horde","floor":48,"turns":3},{"damage":129,"enemies":"Jotaro","floor":50,"turns":8},{"damage":50,"enemies":"Donu and Deca","floor":51,"turns":3}],"seed_played":"3833083380158125613","potions_obtained":[{"floor":4,"key":"BlessingOfTheForge"},{"floor":12,"key":"DuplicationPotion"},{"floor":13,"key":"Venom Potion"},{"floor":14,"key":"Dexterity Potion"},{"floor":16,"key":"Energy Potion"},{"floor":18,"key":"SteroidPotion"},{"floor":20,"key":"SkillPotion"},{"floor":27,"key":"Adrenaline Potion"},{"floor":28,"key":"Venom Potion"},{"floor":35,"key":"PowerPotion"},{"floor":35,"key":"Strength Potion"},{"floor":35,"key":"Dexterity Potion"},{"floor":35,"key":"ColorlessPotion"},{"floor":39,"key":"SteroidPotion"},{"floor":39,"key":"FairyPotion"},{"floor":40,"key":"SkillPotion"},{"floor":40,"key":"SteroidPotion"},{"floor":44,"key":"SpeedPotion"},{"floor":44,"key":"Weak Potion"},{"floor":44,"key":"Block Potion"},{"floor":44,"key":"BlessingOfTheForge"},{"floor":45,"key":"Weak Potion"},{"floor":48,"key":"DistilledChaos"},{"floor":48,"key":"LiquidMemories"},{"floor":50,"key":"Block Potion"},{"floor":50,"key":"Swift Potion"},{"floor":50,"key":"dioMod:HumanBlood"}],"is_trial":false,"path_per_floor":["M","$","M","M","?","E","R","E","T","$","?","M","M","M","R","B",null,"M","?","M","?","M","AVR","R","E","T","M","M","R","$","T","R","B",null,"M","AVR","?","?","M","E","R","T","T","M","M","R","M","M","R","B","B"],"character_chosen":"THE_DEFAULT","items_purchased":["dioMod:DisarmingVoice","dioMod:StreetSign","dioMod:MudaMudaMuda","dioMod:Pluck","dioMod:LaserVision"],"campfire_rested":8,"item_purchase_floors":[2,2,10,30,30],"current_hp_per_floor":[59,59,65,66,66,29,50,47,47,47,53,56,50,34,56,29,64,51,16,18,18,14,14,36,10,10,15,16,38,38,38,60,25,63,25,25,25,25,74,43,65,65,65,23,24,46,48,50,72,21,0,0],"gold":607,"neow_bonus":"RANDOM_COLORLESS","is_daily":false,"chose_seed":false,"campfire_upgraded":0,"win_rate":0.0,"timestamp":1608284623,"path_taken":["M","$","M","M","?","E","R","E","T","$","?","M","M","M","R","BOSS","M","?","M","?","M","AVR","R","E","T","M","M","R","$","?","R","BOSS","M","AVR","?","?","?","E","R","?","T","M","M","R","M","M","R","BOSS","BOSS"],"items_purchased_type":["Card","Card","Card","Card","Card"],"build_version":"2020-12-13","purchased_purges":0,"victory":false,"max_hp_per_floor":[70,70,70,70,70,70,70,70,70,70,76,76,76,76,76,76,76,76,76,76,76,76,76,76,76,76,76,76,76,76,76,76,76,76,76,76,76,76,76,76,76,76,76,76,76,76,76,76,76,76,76,76],"card_choices":[{"not_picked":["Purity","Replay:Sssssssssshield"],"picked":"Madness","floor":0},{"not_picked":["dioMod:Hiss","dioMod:DoubleTime"],"picked":"dioMod:BloodShield","floor":1},{"not_picked":["dioMod:CautiousMuda","dioMod:TripleThreat"],"picked":"dioMod:Muda","floor":3},{"not_picked":["dioMod:Hiss","dioMod:CutDeep"],"picked":"dioMod:Freeze","floor":4},{"not_picked":["dioMod:LaserVision","dioMod:WRYYY"],"picked":"dioMod:BloodSplash","floor":6},{"not_picked":["dioMod:BloodShield","dioMod:BlendIn"],"picked":"dioMod:TheWalk","floor":8},{"not_picked":["dioMod:BloodShield","dioMod:VengefulMuda","dioMod:SlashThroughTime"],"picked":"SKIP","floor":12},{"not_picked":["dioMod:BloodTransfusion","dioMod:DisarmingVoice"],"picked":"dioMod:FlyAway","floor":13},{"not_picked":["dioMod:SadisticLaugh","dioMod:CoffinBath"],"picked":"dioMod:DaggerToss","floor":14},{"not_picked":["dioMod:BloodShield","Clothesline","dioMod:DisarmingVoice+1","Whirlwind"],"picked":"SKIP","floor":18},{"not_picked":["dioMod:WRYYY","dioMod:ComposedMuda","Sword Boomerang"],"picked":"dioMod:BlendIn","floor":20},{"not_picked":["Replay:Undeath\u0027s Touch","dioMod:CautiousMuda","dioMod:TripleThreat"],"picked":"conspire:Charge","floor":22},{"not_picked":["dioMod:DarkRebirth","conspire:Charge","Carnage"],"picked":"Armaments","floor":25},{"not_picked":["Thunderclap","dioMod:Freeze","Dual Wield"],"picked":"Pummel","floor":27},{"not_picked":["Sentinel","Intimidate","Massacre"],"picked":"dioMod:DominatingPresence","floor":28},{"not_picked":["Brutality","Exhume","Bludgeon"],"picked":"dioMod:KonoDioDa","floor":33},{"not_picked":["Rage+1","ReplayTheSpireMod:Strike From Hell+1","dioMod:KonoDioDa"],"picked":"Replay:Undeath\u0027s Touch","floor":35},{"not_picked":["Massacre+1","dioMod:BlendIn","dioMod:Hiss+1"],"picked":"Rampage","floor":39},{"not_picked":["Cleave","dioMod:Minions","dioMod:TheWalk"],"picked":"Sword Boomerang+1","floor":40},{"not_picked":["conspire:HitWhereItHurts","Heavy Blade","Clash"],"picked":"ReplayTheSpireMod:Muscle Training","floor":44},{"not_picked":["Shrug It Off","Body Slam+1","dioMod:ComposedMuda","conspire:Charge"],"picked":"SKIP","floor":45},{"not_picked":["dioMod:HeavyLifting","Heavy Blade+1","Anger"],"picked":"dioMod:GoodbyeJojo+1","floor":47},{"not_picked":["Armaments","dioMod:BloodTransfusion","Whirlwind","Brutality"],"picked":"SKIP","floor":48}],"player_experience":282411,"relics_obtained":[{"floor":6,"key":"Art of War"},{"floor":8,"key":"aspiration:ChemicalBlood"},{"floor":9,"key":"Tiny Chest"},{"floor":25,"key":"infinitespire:Bottled Soul"},{"floor":26,"key":"WingedGreaves"},{"floor":31,"key":"Replay:Bottled Snecko"},{"floor":40,"key":"infinitespire:Lucky Rock"},{"floor":42,"key":"Pen Nib"},{"floor":42,"key":"infinitespire:Satchel"},{"floor":43,"key":"conspire:TopHat"},{"floor":43,"key":"Omamori"}],"event_choices":[{"damage_healed":0,"gold_gain":0,"player_choice":"Left","damage_taken":0,"max_hp_gain":0,"max_hp_loss":0,"event_name":"betterThird:BetterGoop","floor":5,"gold_loss":51},{"damage_healed":0,"gold_gain":0,"player_choice":"RENOUNCE","damage_taken":23,"max_hp_gain":0,"max_hp_loss":0,"event_name":"betterThird:BetterSerpent","floor":11,"gold_loss":23,"cards_obtained":["Enlightenment"]},{"damage_healed":0,"gold_gain":0,"player_choice":"Inject Mutagens","damage_taken":0,"relics_obtained":["MutagenicStrength"],"max_hp_gain":0,"max_hp_loss":0,"event_name":"Drug Dealer","floor":21,"gold_loss":0},{"damage_healed":0,"gold_gain":0,"player_choice":"Bought 1 Potion","damage_taken":0,"max_hp_gain":0,"max_hp_loss":0,"event_name":"The Woman in Blue","floor":38,"gold_loss":0}],"is_beta":false,"boss_relics":[{"not_picked":["Astrolabe","Tiny House"],"picked":"aspiration:IroncladSkillbook"},{"not_picked":["Snecko Eye","Replay:Drink Me"],"picked":"relicPack:KazumaCape"}],"items_purged_floors":[],"is_endless":false,"potions_floor_spawned":[4,12,13,14,16,18,27,28,35,44,48],"killed_by":"Donu and Deca","ascension_level":20}}