{"host":"yuhy0i501zzmn1iz","time":1608271648,"event":{"mods":["BaseMod","Better Third Choice","Downfall","Minty Spire (QoL Compilation)","StSLib","The Blue Laboratory"],"gold_per_floor":[118,118,48,64,0,0,33,46,71,101,101,117,96,46,46,150,200,211,211,211,126,57,57,73,73,73,108,108,141,141,158,158,260,260,273,31,41,41,41,73,86,86,136,154,154,174,204,223,223,223,223,223,36,62,62,62],"floor_reached":55,"playtime":4186,"items_purged":[],"score":858,"play_id":"f5a1b28a-e190-4b0d-990c-4a6149d5ac18","local_time":"20201218010728","is_ascension_mode":true,"campfire_choices":[{"data":"Enlightenment","floor":6.0,"key":"SMITH"},{"data":"Bash","floor":11.0,"key":"SMITH"},{"data":"Feed","floor":15.0,"key":"SMITH"},{"data":"Exhume","floor":23.0,"key":"SMITH"},{"data":"Entrench","floor":25.0,"key":"SMITH"},{"data":"expansioncontent:DefensiveStance","floor":28.0,"key":"SMITH"},{"data":"Pummel","floor":32.0,"key":"SMITH"},{"floor":42,"key":"RECALL"},{"floor":49,"key":"REST"},{"floor":52,"key":"REST"}],"circlet_count":0,"master_deck":["Defend_R+1","Defend_R+1","Defend_R","Bash+1","Feel No Pain","Rampage","Second Wind","Enlightenment+1","Feed+1","Warcry","Carnage","Inflame","Exhume+1","Headbutt","Whirlwind","Shockwave","expansioncontent:DefensiveStance+1","Flame Barrier","Entrench+1","Uppercut","Pummel+1","Bite","Bite","Bite","Bite","Bite","Clash","Limit Break","Sword Boomerang","Mind Blast","Warcry+1","Dual Wield+1","Power Through+1","Body Slam+1","Double Tap","Pummel+1","Sentinel+1","expansioncontent:QuickStudy","Impervious"],"relics":["Burning Blood","Anchor","Art of War","War Paint","Whetstone","betterThird:SlimedRelic","Tiny House","betterThird:NestCultRelic","Meat on the Bone","Bottled Tornado","Thread and Needle","Fusion Hammer","ClockworkSouvenir","Blood Vial","Mango","Toy Ornithopter"],"acts_visited":["TheBeyond","TheEnding"],"potions_floor_usage":[40,41,44,47],"damage_taken":[{"damage":1.0,"enemies":"2 Louse","floor":1.0,"turns":3.0},{"damage":10.0,"enemies":"Cultist","floor":4.0,"turns":3.0},{"damage":18.0,"enemies":"Gremlin Nob","floor":7.0,"turns":5.0},{"damage":2.0,"enemies":"Jaw Worm","floor":8.0,"turns":5.0},{"damage":12.0,"enemies":"3 Sentries","floor":10.0,"turns":7.0},{"damage":2.0,"enemies":"3 Louse","floor":12.0,"turns":4.0},{"damage":4.0,"enemies":"Slime Boss","floor":16.0,"turns":9.0},{"damage":13.0,"enemies":"3 Byrds","floor":18.0,"turns":6.0},{"damage":41.0,"enemies":"Spheric Guardian","floor":24.0,"turns":6.0},{"damage":30.0,"enemies":"Book of Stabbing","floor":27.0,"turns":6.0},{"damage":40.0,"enemies":"Gremlin Leader","floor":29.0,"turns":8.0},{"damage":0.0,"enemies":"Snake Plant","floor":31.0,"turns":5.0},{"damage":43.0,"enemies":"Collector","floor":33.0,"turns":10.0},{"damage":47.0,"enemies":"3 Shapes","floor":35.0,"turns":4.0},{"damage":8.0,"enemies":"Orb Walker","floor":37.0,"turns":4.0},{"damage":0,"enemies":"Nemesis","floor":40,"turns":9},{"damage":11,"enemies":"Writhing Mass","floor":41,"turns":6},{"damage":7,"enemies":"3 Darklings","floor":44,"turns":6},{"damage":39,"enemies":"Spire Growth","floor":46,"turns":6},{"damage":41,"enemies":"Reptomancer","floor":47,"turns":4},{"damage":19,"enemies":"Transient","floor":48,"turns":5},{"damage":67,"enemies":"Donu and Deca","floor":50,"turns":9},{"damage":78,"enemies":"Shield and Spear","floor":54,"turns":7},{"damage":48,"enemies":"The Heart","floor":55,"turns":4}],"seed_played":"4606813114059453531","potions_obtained":[{"floor":1.0,"key":"LiquidBronze"},{"floor":2.0,"key":"blueLaboratory:ExaltedPotion"},{"floor":2.0,"key":"blueLaboratory:ConflagurationPotion"},{"floor":10.0,"key":"Weak Potion"},{"floor":12.0,"key":"SpeedPotion"},{"floor":16.0,"key":"blueLaboratory:HummingbirdPotion"},{"floor":17.0,"key":"blueLaboratory:PyrophylliteBrew"},{"floor":24.0,"key":"Energy Potion"},{"floor":31.0,"key":"ElixirPotion"},{"floor":33.0,"key":"blueLaboratory:EnragingPotion"},{"floor":35.0,"key":"blueLaboratory:BottleOfVodka"},{"floor":37.0,"key":"blueLaboratory:IronCompound"},{"floor":40,"key":"blueLaboratory:BottledHope"},{"floor":47,"key":"blueLaboratory:PyrophylliteBrew"}],"is_trial":false,"path_per_floor":["M","?","$","M","?","R","E","M","T","E","R","M","?","?","R","B",null,"M","?","?","$","$","R","M","R","T","E","R","E","?","M","R","B",null,"M","$","M","?","$","E","M","R","T","M","?","M","E","M","R","B",null,"R","$","E","B"],"character_chosen":"IRONCLAD","items_purchased":["Rampage","expansioncontent:DefensiveStance","Flame Barrier","ClockworkSouvenir","Mind Blast","expansioncontent:QuickStudy"],"campfire_rested":2,"item_purchase_floors":[3,21,22,36,36,53],"current_hp_per_floor":[80,80,80,76,82,82,70,77,77,74,74,81,70,70,70,76,104,101,101,101,101,101,101,70,70,70,58,58,36,36,48,48,37,82,59,59,57,57,57,75,82,82,82,85,85,57,52,53,83,46,100,100,100,46,0,0],"gold":62,"neow_bonus":"RANDOM_COMMON_RELIC","is_daily":false,"chose_seed":false,"campfire_upgraded":7,"win_rate":0.0,"timestamp":1608271648,"path_taken":["M","?","$","?","?","R","E","M","T","E","R","M","?","?","R","BOSS","M","?","?","?","$","R","M","R","T","E","R","E","?","M","R","BOSS","M","$","M","?","?","E","M","R","T","M","?","?","E","M","R","BOSS","R","$","E","BOSS"],"items_purchased_type":["Card","Card","Card","Relic","Card","Card"],"build_version":"2020-12-13","purchased_purges":0,"victory":false,"max_hp_per_floor":[80,80,80,80,86,86,86,89,89,92,92,95,95,95,95,99,104,108,108,108,108,108,108,112,112,112,112,112,112,78,78,78,82,82,82,82,82,82,82,82,82,82,82,86,86,86,100,100,100,100,100,100,100,104,104,104],"card_choices":[{"not_picked":["True Grit","Battle Trance"],"picked":"Feel No Pain","floor":1.0},{"not_picked":["Iron Wave","Clash"],"picked":"Second Wind","floor":4.0},{"not_picked":["Whirlwind","Spot Weakness"],"picked":"Feed","floor":7.0},{"not_picked":["Armaments","Twin Strike"],"picked":"Warcry","floor":8.0},{"not_picked":["Clothesline","Thunderclap"],"picked":"Carnage","floor":10.0},{"not_picked":["Rampage","Twin Strike"],"picked":"Inflame","floor":12.0},{"not_picked":["Double Tap","Demon Form"],"picked":"Exhume","floor":16.0},{"not_picked":["Clothesline","Iron Wave"],"picked":"Headbutt","floor":17.0},{"not_picked":["Warcry+1","Iron Wave+1"],"picked":"Whirlwind","floor":18.0},{"not_picked":["Pommel Strike","Clash"],"picked":"Entrench","floor":24.0},{"not_picked":["Perfected Strike","Havoc"],"picked":"Uppercut","floor":27.0},{"not_picked":["Combust","Rage"],"picked":"Pummel","floor":29.0},{"not_picked":["True Grit","Wild Strike"],"picked":"Clash","floor":31.0},{"not_picked":["Brutality","Offering"],"picked":"Limit Break","floor":33.0},{"not_picked":["Ghostly Armor","Iron Wave+1"],"picked":"Sword Boomerang","floor":35.0},{"not_picked":["Bloodletting","Body Slam"],"picked":"Warcry+1","floor":37.0},{"not_picked":["Shrug It Off","Flame Barrier"],"picked":"Dual Wield+1","floor":40},{"not_picked":["True Grit+1","Whirlwind+1"],"picked":"Power Through+1","floor":41},{"not_picked":["Sever Soul","Havoc+1"],"picked":"Body Slam+1","floor":44},{"not_picked":["Iron Wave","Cleave+1"],"picked":"Double Tap","floor":46},{"not_picked":["Reckless Charge","Warcry+1"],"picked":"Pummel+1","floor":47},{"not_picked":["Hemokinesis+1","Blood for Blood+1"],"picked":"Sentinel+1","floor":48},{"not_picked":["Seeing Red+1","Perfected Strike"],"picked":"Impervious","floor":54}],"player_experience":193801,"relics_obtained":[{"floor":7.0,"key":"Art of War"},{"floor":9.0,"key":"War Paint"},{"floor":10.0,"key":"Whetstone"},{"floor":26.0,"key":"Meat on the Bone"},{"floor":27.0,"key":"Bottled Tornado"},{"floor":29.0,"key":"Thread and Needle"},{"floor":40,"key":"Blood Vial"},{"floor":47,"key":"Mango"},{"floor":54,"key":"Toy Ornithopter"}],"event_choices":[{"damage_healed":0.0,"max_hp_gain":0.0,"max_hp_loss":0.0,"gold_gain":0.0,"event_name":"Lab","player_choice":"Got Potions","floor":2.0,"gold_loss":0.0,"damage_taken":0.0},{"damage_healed":0.0,"max_hp_gain":0.0,"max_hp_loss":0.0,"gold_gain":0.0,"event_name":"betterThird:BetterSerpent","player_choice":"RENOUNCE","floor":5.0,"gold_loss":64.0,"damage_taken":64.0,"cards_obtained":["Enlightenment"]},{"damage_healed":0.0,"max_hp_gain":0.0,"max_hp_loss":0.0,"gold_gain":0.0,"event_name":"betterThird:BetterGoop","player_choice":"Slimed","floor":13.0,"gold_loss":21.0,"damage_taken":11.0},{"cards_removed":["Pride"],"damage_healed":0.0,"max_hp_gain":0.0,"max_hp_loss":0.0,"gold_gain":0.0,"event_name":"The Cleric","player_choice":"Card Removal","floor":14.0,"gold_loss":50.0,"damage_taken":0.0},{"damage_healed":0.0,"max_hp_gain":0.0,"max_hp_loss":0.0,"gold_gain":0.0,"event_name":"The Library","player_choice":"Read","floor":19.0,"gold_loss":0.0,"damage_taken":0.0,"cards_obtained":["Shockwave"]},{"damage_healed":0.0,"max_hp_gain":0.0,"max_hp_loss":0.0,"gold_gain":0.0,"event_name":"betterThird:BetterNest","player_choice":"Madness","floor":20.0,"gold_loss":0.0,"damage_taken":0.0,"relics_obtained":["betterThird:NestCultRelic"]},{"damage_healed":0.0,"max_hp_gain":0.0,"max_hp_loss":34.0,"gold_gain":0.0,"event_name":"Vampires","player_choice":"Became a vampire","floor":30.0,"gold_loss":0.0,"damage_taken":0.0,"cards_obtained":["Bite","Bite","Bite","Bite","Bite"]},{"cards_removed":["Defend_R"],"damage_healed":0.0,"max_hp_gain":0.0,"max_hp_loss":0.0,"gold_gain":0.0,"event_name":"Purifier","player_choice":"Purged","floor":38.0,"gold_loss":0.0,"damage_taken":0.0},{"damage_healed":0,"gold_gain":0,"player_choice":"Ignored","damage_taken":0,"max_hp_gain":0,"max_hp_loss":0,"event_name":"Purifier","floor":45,"gold_loss":0}],"is_beta":false,"boss_relics":[{"not_picked":["Busted Crown","Runic Cube"],"picked":"Tiny House"},{"not_picked":["Black Star","Mark of Pain"],"picked":"Fusion Hammer"}],"items_purged_floors":[],"is_endless":false,"potions_floor_spawned":[1,10,12,16,24,31,33,35,37,40,47],"killed_by":"The Heart","ascension_level":1}}