{"host":"zuc5xqvlhed5q6ad","time":1608320344,"event":{"mods":["BaseMod","Block Reminder","Colored Powertips","Halation","Highlight Path","Mimic Mod","Minty Spire (QoL Compilation)","Permanent Neow","Practice Mode","Quick Restart","Spikes Relics","StSLib","UnlockEverythingMod"],"gold_per_floor":[110,110,185,208,218,233,267,267,294,306,306,149,164,184,184,287,287,306,306,78,78,91,91,118,128,168,186,212,212,117,131,131,235,235,248,266,266,279,279,279,54,71,98,108,108,108,108,32,32,32],"floor_reached":51,"playtime":3455,"items_purged":[],"score":687,"play_id":"642bf6bc-b5f5-4a84-949c-2e224c7be41d","local_time":"20201218223904","is_ascension_mode":false,"campfire_choices":[{"data":"Body Slam","floor":8.0,"key":"SMITH"},{"data":"Armaments","floor":11.0,"key":"SMITH"},{"data":"Metallicize","floor":15.0,"key":"SMITH"},{"data":"Apotheosis","floor":23.0,"key":"SMITH"},{"floor":29.0,"key":"REST"},{"floor":32.0,"key":"REST"},{"data":"Demon Form","floor":40.0,"key":"SMITH"},{"data":"Metallicize","floor":45,"key":"SMITH"},{"data":"Armaments","floor":47,"key":"SMITH"},{"floor":49,"key":"REST"}],"circlet_count":0,"master_deck":["Strike_R","Strike_R","Strike_R","Strike_R","Defend_R","Defend_R","Defend_R","Defend_R+1","Bash","Flame Barrier+1","Body Slam+1","Iron Wave","Armaments+1","Metallicize+1","Demon Form+1","Inflame+1","Apotheosis+1","Anger","Armaments+1","Perfected Strike","Searing Blow","Metallicize+1","Anger","Limit Break","CurseOfTheBell","Good Instincts","Pummel","Anger","Clothesline+1"],"relics":["Burning Blood","War Paint","GiantMaggot","Art of War","SpikesRelics:DaevaFist","Busted Crown","halation:EternalFortune","MutagenicStrength","Orichalcum","Shuriken","Regal Pillow","Calling Bell","Omamori","InkBottle","BicycleWheel","Membership Card","Akabeko","Pen Nib","ClockworkSouvenir"],"acts_visited":["Exordium","TheCity","TheBeyond"],"potions_floor_usage":[50,50,50],"damage_taken":[{"damage":3.0,"enemies":"2 Louse","floor":1.0,"turns":3.0},{"damage":1.0,"enemies":"Jaw Worm","floor":5.0,"turns":4.0},{"damage":0.0,"enemies":"Cultist","floor":6.0,"turns":5.0},{"damage":19.0,"enemies":"3 Sentries","floor":7.0,"turns":12.0},{"damage":11.0,"enemies":"Lots of Slimes","floor":10.0,"turns":4.0},{"damage":1.0,"enemies":"Red Slaver","floor":13.0,"turns":3.0},{"damage":0.0,"enemies":"Looter","floor":14.0,"turns":3.0},{"damage":14.0,"enemies":"Hexaghost","floor":16.0,"turns":11.0},{"damage":10.0,"enemies":"Chosen","floor":18.0,"turns":6.0},{"damage":6.0,"enemies":"Spheric Guardian","floor":22.0,"turns":4.0},{"damage":36.0,"enemies":"Book of Stabbing","floor":24.0,"turns":6.0},{"damage":7.0,"enemies":"3 Cultists","floor":25.0,"turns":6.0},{"damage":1.0,"enemies":"Snake Plant","floor":26.0,"turns":7.0},{"damage":18.0,"enemies":"Snake Plant","floor":27.0,"turns":4.0},{"damage":31.0,"enemies":"Gremlin Leader","floor":28.0,"turns":7.0},{"damage":14.0,"enemies":"Centurion and Healer","floor":31.0,"turns":5.0},{"damage":7.0,"enemies":"Champ","floor":33.0,"turns":8.0},{"damage":3.0,"enemies":"3 Shapes","floor":35.0,"turns":4.0},{"damage":2.0,"enemies":"Orb Walker","floor":36.0,"turns":4.0},{"damage":32.0,"enemies":"Spire Growth","floor":38.0,"turns":6.0},{"damage":15,"enemies":"Maw","floor":42,"turns":6},{"damage":7,"enemies":"Sphere and 2 Shapes","floor":44,"turns":5},{"damage":62,"enemies":"Awakened One","floor":50,"turns":9}],"seed_played":"-5614591584974305571","potions_obtained":[{"floor":1.0,"key":"Block Potion"},{"floor":5.0,"key":"Swift Potion"},{"floor":7.0,"key":"EntropicBrew"},{"floor":27.0,"key":"BloodPotion"},{"floor":33.0,"key":"EssenceOfSteel"}],"is_trial":false,"path_per_floor":["M","?","?","T","M","M","E","R","T","M","R","$","M","M","R","B",null,"M","?","$","?","M","R","E","M","MIM","M","E","R","$","M","R","B",null,"M","M","?","M","?","R","$","M","T","M","R","?","R","$","R","B",null],"character_chosen":"IRONCLAD","items_purchased":["SpikesRelics:DaevaFist","Apotheosis","Anger","Metallicize","Anger","Membership Card","Akabeko","ClockworkSouvenir"],"campfire_rested":3,"item_purchase_floors":[12,20,20,30,30,41,41,48],"current_hp_per_floor":[88,88,77,77,82,88,75,75,75,70,70,70,75,81,81,73,88,84,87,87,87,87,87,57,56,61,49,24,66,66,58,91,90,91,91,91,91,65,65,65,65,56,56,55,55,55,55,55,91,53],"gold":32,"neow_bonus":"TEN_PERCENT_HP_BONUS","is_daily":false,"chose_seed":false,"campfire_upgraded":7,"win_rate":0.0,"timestamp":1608320344,"path_taken":["M","?","?","?","M","?","E","R","T","?","R","$","M","M","R","BOSS","M","?","$","?","M","R","E","M","MIM","M","E","R","$","M","R","BOSS","M","?","?","M","?","R","$","M","T","M","R","?","R","$","R","BOSS"],"items_purchased_type":["Relic","Card","Card","Card","Card","Relic","Relic","Relic"],"build_version":"2020-12-13","purchased_purges":0,"victory":true,"max_hp_per_floor":[88,88,88,88,88,88,88,88,88,88,88,88,88,88,88,88,88,88,91,91,91,91,91,91,91,91,91,91,91,91,91,91,91,91,91,91,91,91,91,91,91,91,91,91,91,91,91,91,91,91],"card_choices":[{"not_picked":["Entrench","Whirlwind"],"picked":"Flame Barrier","floor":1.0},{"not_picked":["Headbutt","Rage"],"picked":"Body Slam","floor":5.0},{"not_picked":["Sword Boomerang","Wild Strike","Clothesline"],"picked":"SKIP","floor":6.0},{"not_picked":["Twin Strike","Disarm"],"picked":"Iron Wave","floor":7.0},{"not_picked":["Limit Break","Flex"],"picked":"Armaments","floor":10.0},{"not_picked":["Thunderclap","Shockwave"],"picked":"Metallicize","floor":13.0},{"not_picked":["True Grit","Whirlwind","Shrug It Off"],"picked":"SKIP","floor":14.0},{"not_picked":["Juggernaut","Brutality"],"picked":"Demon Form","floor":16.0},{"not_picked":[],"picked":"Inflame+1","floor":18.0},{"not_picked":[],"picked":"Armaments","floor":22.0},{"not_picked":["Sever Soul+1"],"picked":"SKIP","floor":24.0},{"not_picked":["Cleave"],"picked":"SKIP","floor":25.0},{"not_picked":[],"picked":"Perfected Strike","floor":26.0},{"not_picked":["Invigoration"],"picked":"SKIP","floor":27.0},{"not_picked":[],"picked":"Searing Blow","floor":28.0},{"not_picked":["Shrug It Off+1"],"picked":"SKIP","floor":31.0},{"not_picked":[],"picked":"Limit Break","floor":33.0},{"not_picked":["Reckless Charge"],"picked":"SKIP","floor":35.0},{"not_picked":["Headbutt"],"picked":"SKIP","floor":36.0},{"not_picked":[],"picked":"Good Instincts","floor":37.0},{"not_picked":[],"picked":"Pummel","floor":38.0},{"not_picked":[],"picked":"Anger","floor":42},{"not_picked":[],"picked":"Clothesline+1","floor":44}],"player_experience":113724,"relics_obtained":[{"floor":4.0,"key":"War Paint"},{"floor":7.0,"key":"GiantMaggot"},{"floor":9.0,"key":"Art of War"},{"floor":24.0,"key":"Orichalcum"},{"floor":26.0,"key":"Shuriken"},{"floor":28.0,"key":"Regal Pillow"},{"floor":34.0,"key":"Omamori"},{"floor":34.0,"key":"InkBottle"},{"floor":34.0,"key":"BicycleWheel"},{"floor":43,"key":"Pen Nib"}],"event_choices":[{"damage_healed":0.0,"max_hp_gain":0.0,"max_hp_loss":0.0,"gold_gain":0.0,"event_name":"Golden Wing","player_choice":"Ignored","floor":2.0,"gold_loss":0.0,"damage_taken":0.0},{"damage_healed":0.0,"max_hp_gain":0.0,"max_hp_loss":0.0,"gold_gain":75.0,"event_name":"World of Goop","player_choice":"Gather Gold","floor":3.0,"gold_loss":0.0,"damage_taken":11.0},{"damage_healed":0.0,"max_hp_gain":0.0,"max_hp_loss":0.0,"gold_gain":0.0,"event_name":"Drug Dealer","player_choice":"Inject Mutagens","floor":21.0,"gold_loss":0.0,"damage_taken":0.0,"relics_obtained":["MutagenicStrength"]},{"damage_healed":0.0,"max_hp_gain":0.0,"max_hp_loss":0.0,"gold_gain":0.0,"event_name":"SensoryStone","player_choice":"Memory 1","floor":37.0,"gold_loss":0.0,"damage_taken":0.0},{"cards_removed":["Strike_R"],"damage_healed":0.0,"max_hp_gain":0.0,"max_hp_loss":0.0,"gold_gain":0.0,"event_name":"Falling","player_choice":"Removed Attack","floor":39.0,"gold_loss":0.0,"damage_taken":0.0},{"damage_healed":0,"gold_gain":0,"player_choice":"Got Potions","damage_taken":0,"max_hp_gain":0,"max_hp_loss":0,"event_name":"Lab","floor":46,"gold_loss":0}],"is_beta":false,"boss_relics":[{"not_picked":["Mark of Pain","Astrolabe"],"picked":"Busted Crown"},{"not_picked":["Fusion Hammer","SacredBark"],"picked":"Calling Bell"}],"items_purged_floors":[],"is_endless":false,"potions_floor_spawned":[1,5,7,14,22,24,27,31,33,35,42,44],"ascension_level":0}}