{"host":"6azrrw3tf7wb0f4b","time":1608278255,"event":{"mods":["BaseMod","DeckTracker","Minty Spire (QoL Compilation)","SuperFastMode"],"gold_per_floor":[118,138,154,174,185,185,165,199,199,210,233,1,1,1,1,79,79,94,106,106,122,122,122,122,122,122,135,148,163,188,202,202,279,279,295,305,352,363,374,404,414,442,442,442,53,0,0,0,0,0],"floor_reached":51,"playtime":4294,"items_purged":["Strike_R"],"score":1386,"play_id":"f4388c4f-7c03-4191-a66c-02dd39ae0f59","local_time":"20201218165735","is_ascension_mode":true,"campfire_choices":[{"data":"Clash","floor":6.0,"key":"SMITH"},{"floor":15.0,"key":"REST"},{"floor":23.0,"key":"REST"},{"data":"Feel No Pain","floor":25.0,"key":"SMITH"},{"data":"Burning Pact","floor":32.0,"key":"SMITH"},{"floor":44,"key":"REST"},{"floor":47,"key":"REST"},{"floor":49,"key":"REST"}],"circlet_count":0,"master_deck":["AscendersBane","Strike_R","Strike_R","Strike_R","Defend_R","Defend_R","Defend_R","Defend_R","Bash","Battle Trance","Clash+1","Shrug It Off","Burning Pact+1","Feel No Pain+1","Burning Pact","Fiend Fire","Infernal Blade+1","True Grit+1","Seeing Red+1","Warcry+1","Disarm+1","Limit Break+1","Intimidate+1","Armaments+1","Burning Pact+1","Bloodletting+1","Warcry+1"],"relics":["Burning Blood","Self Forming Clay","Dead Branch","Bag of Marbles","Strawberry","Toxic Egg 2","Sozu","Nilry\u0027s Codex","Blood Vial","Singing Bowl","Black Star","WingedGreaves","Incense Burner","Bottled Lightning","Pen Nib","Anchor","Dream Catcher","Orrery","Red Mask"],"acts_visited":["Exordium","TheCity","TheBeyond"],"potions_floor_usage":[],"damage_taken":[{"damage":15.0,"enemies":"Small Slimes","floor":1.0,"turns":4.0},{"damage":1.0,"enemies":"Cultist","floor":2.0,"turns":4.0},{"damage":2.0,"enemies":"Jaw Worm","floor":3.0,"turns":4.0},{"damage":11.0,"enemies":"Exordium Wildlife","floor":4.0,"turns":7.0},{"damage":8.0,"enemies":"Blue Slaver","floor":5.0,"turns":4.0},{"damage":53.0,"enemies":"Gremlin Nob","floor":8.0,"turns":5.0},{"damage":2.0,"enemies":"3 Louse","floor":10.0,"turns":5.0},{"damage":30.0,"enemies":"Hexaghost","floor":16.0,"turns":16.0},{"damage":6.0,"enemies":"3 Byrds","floor":18.0,"turns":2.0},{"damage":0.0,"enemies":"Chosen","floor":19.0,"turns":4.0},{"damage":4.0,"enemies":"Centurion and Healer","floor":21.0,"turns":3.0},{"damage":0.0,"enemies":"Snake Plant","floor":27.0,"turns":3.0},{"damage":0.0,"enemies":"Snecko","floor":28.0,"turns":2.0},{"damage":17.0,"enemies":"Shelled Parasite and Fungi","floor":29.0,"turns":5.0},{"damage":26.0,"enemies":"Slavers","floor":30.0,"turns":7.0},{"damage":6.0,"enemies":"Cultist and Chosen","floor":31.0,"turns":8.0},{"damage":26.0,"enemies":"Champ","floor":33.0,"turns":10.0},{"damage":28.0,"enemies":"3 Darklings","floor":35.0,"turns":4.0},{"damage":8.0,"enemies":"3 Shapes","floor":36.0,"turns":4.0},{"damage":27.0,"enemies":"2 Orb Walkers","floor":37.0,"turns":5.0},{"damage":6.0,"enemies":"Sphere and 2 Shapes","floor":38.0,"turns":4.0},{"damage":3,"enemies":"Transient","floor":39,"turns":5},{"damage":47,"enemies":"Reptomancer","floor":40,"turns":3},{"damage":7,"enemies":"Spire Growth","floor":41,"turns":7},{"damage":0,"enemies":"Nemesis","floor":42,"turns":7},{"damage":33,"enemies":"Time Eater","floor":50,"turns":7}],"seed_played":"-7563987526317168461","potions_obtained":[{"floor":1.0,"key":"SpeedPotion"},{"floor":3.0,"key":"PowerPotion"},{"floor":7.0,"key":"GamblersBrew"},{"floor":8.0,"key":"EntropicBrew"},{"floor":10.0,"key":"AttackPotion"},{"floor":16.0,"key":"Regen Potion"}],"is_trial":false,"path_per_floor":["M","M","M","M","M","R","?","E","T","M","T","$","T","$","R","B",null,"M","M","?","M","$","R","$","R","T","M","M","M","E","M","R","B",null,"M","M","?","M","M","E","M","E","T","R","$","?","R","$","R","B",null],"character_chosen":"IRONCLAD","items_purchased":["Strawberry","Armaments+1","Dream Catcher","Orrery"],"campfire_rested":5,"item_purchase_floors":[12,45,45,45],"current_hp_per_floor":[59,64,68,63,61,61,61,14,14,18,18,25,25,25,49,25,68,68,74,53,55,55,79,79,79,79,82,82,71,55,59,59,56,79,61,61,44,48,55,18,21,31,31,61,67,67,98,98,108,81],"gold":0,"neow_bonus":"REMOVE_CARD","is_daily":false,"chose_seed":false,"campfire_upgraded":3,"win_rate":0.0,"timestamp":1608278255,"path_taken":["M","M","M","M","M","R","?","E","T","?","?","?","?","$","R","BOSS","M","M","?","M","$","R","$","R","T","M","M","M","E","M","R","BOSS","M","M","?","M","M","E","M","E","T","R","$","?","R","?","R","BOSS"],"items_purchased_type":["Relic","Card","Relic","Relic"],"build_version":"2020-12-13","purchased_purges":1,"victory":true,"max_hp_per_floor":[75,75,75,75,75,75,75,75,75,75,75,82,82,82,82,82,82,82,82,82,82,82,82,82,82,82,82,82,82,84,86,86,86,86,88,88,90,92,94,96,98,100,100,100,106,106,106,106,108,108],"card_choices":[{"not_picked":["Iron Wave","Rupture"],"picked":"Battle Trance","floor":1.0},{"not_picked":["Twin Strike","True Grit"],"picked":"Clash","floor":2.0},{"not_picked":["Wild Strike","Sentinel","Thunderclap"],"picked":"SKIP","floor":3.0},{"not_picked":["Havoc","Headbutt"],"picked":"Shrug It Off","floor":4.0},{"not_picked":["Dark Embrace","Thunderclap"],"picked":"Burning Pact","floor":5.0},{"not_picked":["Infernal Blade","Twin Strike"],"picked":"Feel No Pain","floor":8.0},{"not_picked":["Twin Strike","Armaments"],"picked":"Burning Pact","floor":10.0},{"not_picked":["Bludgeon","Brutality"],"picked":"Fiend Fire","floor":16.0},{"not_picked":["Body Slam","Heavy Blade"],"picked":"Infernal Blade+1","floor":18.0},{"not_picked":["Searing Blow","Cleave"],"picked":"True Grit+1","floor":19.0},{"not_picked":["Iron Wave","Dual Wield+1"],"picked":"Seeing Red+1","floor":21.0},{"not_picked":["True Grit+1","Wild Strike"],"picked":"Warcry+1","floor":27.0},{"not_picked":["Dark Embrace","Thunderclap","Bloodletting+1"],"picked":"SKIP","floor":28.0},{"not_picked":["Warcry+1","Shrug It Off+1"],"picked":"Disarm+1","floor":29.0},{"not_picked":["True Grit+1","Clash","Battle Trance+1"],"picked":"Singing Bowl","floor":30.0},{"not_picked":["Battle Trance+1","Searing Blow","Cleave"],"picked":"Singing Bowl","floor":31.0},{"not_picked":["Barricade","Brutality"],"picked":"Limit Break+1","floor":33.0},{"not_picked":["Anger","Dark Embrace","Shrug It Off+1"],"picked":"Singing Bowl","floor":35.0},{"not_picked":["Entrench+1","Clothesline"],"picked":"Intimidate+1","floor":36.0},{"not_picked":["Clothesline","Twin Strike","Searing Blow"],"picked":"Singing Bowl","floor":37.0},{"not_picked":["Sword Boomerang","Perfected Strike+1","Iron Wave+1"],"picked":"Singing Bowl","floor":38.0},{"not_picked":["Headbutt+1","Clash+1","Pummel+1"],"picked":"Singing Bowl","floor":39},{"not_picked":["Warcry+1","Thunderclap","Headbutt"],"picked":"Singing Bowl","floor":40},{"not_picked":["Double Tap+1","Infernal Blade+1","Sword Boomerang+1"],"picked":"Singing Bowl","floor":41},{"not_picked":["Flex+1","Ghostly Armor+1","Uppercut+1"],"picked":"Singing Bowl","floor":42},{"not_picked":["Body Slam","Cleave+1","Blood for Blood"],"picked":"Singing Bowl","floor":45},{"not_picked":["Uppercut","Bludgeon"],"picked":"Burning Pact+1","floor":45},{"not_picked":["Spot Weakness+1","Iron Wave+1","Shockwave+1"],"picked":"Singing Bowl","floor":45},{"not_picked":["Warcry+1","Demon Form","Body Slam"],"picked":"Singing Bowl","floor":45},{"not_picked":["Flex+1","Searing Blow+1"],"picked":"Bloodletting+1","floor":45},{"not_picked":["Body Slam+1","Searing Blow"],"picked":"Warcry+1","floor":47},{"not_picked":["Perfected Strike","Rampage+1","Double Tap+1"],"picked":"Singing Bowl","floor":49}],"player_experience":612727,"relics_obtained":[{"floor":8.0,"key":"Self Forming Clay"},{"floor":9.0,"key":"Dead Branch"},{"floor":11.0,"key":"Bag of Marbles"},{"floor":13.0,"key":"Toxic Egg 2"},{"floor":20.0,"key":"Nilry\u0027s Codex"},{"floor":26.0,"key":"Blood Vial"},{"floor":30.0,"key":"Singing Bowl"},{"floor":37.0,"key":"WingedGreaves"},{"floor":40,"key":"Incense Burner"},{"floor":40,"key":"Bottled Lightning"},{"floor":42,"key":"Pen Nib"},{"floor":42,"key":"Anchor"}],"event_choices":[{"damage_healed":0.0,"max_hp_gain":0.0,"max_hp_loss":0.0,"gold_gain":0.0,"event_name":"The Woman in Blue","player_choice":"Bought 1 Potion","floor":7.0,"gold_loss":0.0,"damage_taken":0.0},{"damage_healed":0.0,"max_hp_gain":0.0,"max_hp_loss":0.0,"gold_gain":0.0,"event_name":"Cursed Tome","player_choice":"Obtained Book","floor":20.0,"gold_loss":0.0,"damage_taken":21.0},{"damage_healed":0.0,"max_hp_gain":0.0,"max_hp_loss":0.0,"gold_gain":0.0,"event_name":"Mysterious Sphere","player_choice":"Fight","floor":37.0,"gold_loss":0.0,"damage_taken":0.0},{"damage_healed":0,"gold_gain":0,"player_choice":"Paid","damage_taken":0,"relics_obtained":["Red Mask"],"max_hp_gain":0,"max_hp_loss":0,"event_name":"Tomb of Lord Red Mask","floor":46,"gold_loss":53}],"is_beta":false,"boss_relics":[{"not_picked":["Snecko Eye","Philosopher\u0027s Stone"],"picked":"Sozu"},{"not_picked":["Pandora\u0027s Box","Cursed Key"],"picked":"Black Star"}],"items_purged_floors":[12],"is_endless":false,"potions_floor_spawned":[1,3,8,10,16,18,29,30,31,35,37,38,40,41],"ascension_level":16}}