{"host":"4amcrcg6ktw8dbzk","time":1608288460,"event":{"mods":["BaseMod","Dota2Spire","Minty Spire (QoL Compilation)","MostiFishMod","Robot Space Explorer","Spicy Shops","StSLib","Waifu the Spire"],"gold_per_floor":[116,116,116,135,135,162,162,192,215,215,52,69,102,2,2,77,77,87,106,106,6,22,22,37,37,37,37,37,66,77,106,106,179,179,190,42,0,25,25,52,52,79,79,79,79,79,97,115,115,115,115,115,56,88,88],"floor_reached":56,"playtime":2482,"items_purged":["Strike_B","Defend_B","Strike_B"],"score":2300,"play_id":"fc91d3fe-fa0d-4d15-8608-6445cecb0cac","local_time":"20201218184740","is_ascension_mode":true,"campfire_choices":[{"floor":7.0,"key":"REST"},{"data":"MostiFishMod:WinterMarkForm","floor":10.0,"key":"SMITH"},{"data":"Coolheaded","floor":15.0,"key":"SMITH"},{"floor":23.0,"key":"REST"},{"data":"Multi-Cast","floor":25.0,"key":"SMITH"},{"data":"MostiFishMod:STOP","floor":32.0,"key":"SMITH"},{"data":"MostiFishMod:SephirahHod","floor":44.0,"key":"SMITH"},{"floor":49.0,"key":"RECALL"},{"floor":52,"key":"REST"}],"circlet_count":0,"master_deck":["AscendersBane","Strike_B","Defend_B","Defend_B","Zap","Dualcast","MostiFishMod:FrostNova","MostiFishMod:WinterMarkForm+1","Redo","Sweeping Beam","MostiFishMod:FluxCapactior","Conserve Battery","Skim","Coolheaded+1","Heatsinks","Turbo","Tempest","Multi-Cast+1","Glacier","Coolheaded","Coolheaded","Writhe","MostiFishMod:STOP+1","Machine Learning","MostiFishMod:SephirahHod+1","Capacitor","Blizzard","White Noise","Loop","Enlightenment","Recycle","Chaos","Reinforced Body+1","White Noise","Hologram"],"relics":["Cracked Core","DaveBox","FrostBlade","Question Card","Blood Vial","Happy Flower","Dota2Spire:DrumOfEndurance","Bronze Scales","ImportantClient","TimeKeys","ThornShield","MealTicket","Regal Pillow","Art of War","MostiFishMod:Hod","Red Mask","Lizard Tail","Shuriken","Dota2Spire:LotusOrb","Dream Catcher","DaCapo"],"acts_visited":["Exordium","TheCity","TheBeyond","TheEnding"],"potions_floor_usage":[50,50],"damage_taken":[{"damage":12.0,"enemies":"Jaw Worm","floor":1.0,"turns":2.0},{"damage":0.0,"enemies":"Cultist","floor":4.0,"turns":3.0},{"damage":23.0,"enemies":"3 Sentries","floor":6.0,"turns":5.0},{"damage":0.0,"enemies":"Gremlin Nob","floor":8.0,"turns":3.0},{"damage":0.0,"enemies":"2 Louse","floor":12.0,"turns":3.0},{"damage":4.0,"enemies":"3 Sentries","floor":13.0,"turns":4.0},{"damage":0.0,"enemies":"Slime Boss","floor":16.0,"turns":4.0},{"damage":19.0,"enemies":"2 Thieves","floor":18.0,"turns":3.0},{"damage":6.0,"enemies":"Shell Parasite","floor":19.0,"turns":3.0},{"damage":30.0,"enemies":"Snake Plant","floor":22.0,"turns":4.0},{"damage":34.0,"enemies":"Shelled Parasite and Fungi","floor":24.0,"turns":5.0},{"damage":0.0,"enemies":"Book of Stabbing","floor":29.0,"turns":4.0},{"damage":0.0,"enemies":"Snecko","floor":30.0,"turns":2.0},{"damage":0.0,"enemies":"Gremlin Leader","floor":31.0,"turns":4.0},{"damage":0.0,"enemies":"Champ","floor":33.0,"turns":7.0},{"damage":0.0,"enemies":"3 Darklings","floor":35.0,"turns":2.0},{"damage":0.0,"enemies":"Mind Bloom Boss Battle","floor":38.0,"turns":4.0},{"damage":7.0,"enemies":"Nemesis","floor":40.0,"turns":3.0},{"damage":0.0,"enemies":"Giant Head","floor":42.0,"turns":6.0},{"damage":22.0,"enemies":"3 Shapes","floor":47.0,"turns":4.0},{"damage":14.0,"enemies":"Jaw Worm Horde","floor":48.0,"turns":2.0},{"damage":16,"enemies":"Awakened One","floor":50,"turns":5},{"damage":15,"enemies":"Shield and Spear","floor":54,"turns":5},{"damage":22,"enemies":"The Heart","floor":55,"turns":7}],"seed_played":"9106483816764896620","potions_obtained":[{"floor":1.0,"key":"SkillPotion"},{"floor":6.0,"key":"Strength Potion"},{"floor":18.0,"key":"FocusPotion"},{"floor":33.0,"key":"SpeedPotion"}],"is_trial":false,"path_per_floor":["M","?","?","M","?","E","R","E","T","R","$","M","E","$","R","B",null,"M","M","?","$","M","R","M","R","T","?","?","E","M","E","R","B",null,"M","$","?","?","?","E","$","E","T","R","T","?","M","M","R","B",null,"R","$","E","B",null],"character_chosen":"DEFECT","items_purchased":["Heatsinks","Blizzard","White Noise","White Noise"],"campfire_rested":3,"item_purchase_floors":[11,36,36,53],"current_hp_per_floor":[56,61,61,61,54,31,55,57,57,57,57,59,57,57,57,59,75,58,54,48,48,20,44,12,12,12,38,38,40,42,44,44,46,72,74,80,80,80,80,73,80,80,80,80,80,80,58,46,46,32,68,80,80,65,45],"gold":88,"neow_bonus":"THREE_CARDS","is_daily":false,"chose_seed":false,"campfire_upgraded":5,"win_rate":0.0,"timestamp":1608288460,"path_taken":["M","?","?","?","?","E","R","E","T","R","$","M","E","?","R","BOSS","M","M","?","$","?","R","M","R","T","?","?","E","M","E","R","BOSS","M","$","?","?","?","E","?","E","T","R","?","?","M","M","R","BOSS","R","$","E","BOSS"],"items_purchased_type":["Card","Card","Card","Card"],"build_version":"2020-12-13","purchased_purges":3,"victory":true,"max_hp_per_floor":[75,80,80,80,80,80,80,80,80,80,80,80,80,80,80,80,80,80,80,80,80,80,80,80,80,80,80,80,80,80,80,80,80,80,80,80,80,80,80,80,80,80,80,80,80,80,80,80,80,80,80,80,80,80,80],"card_choices":[{"not_picked":["Steam","Leap"],"picked":"Redo","floor":0.0},{"not_picked":["Consume","Undo"],"picked":"Sweeping Beam","floor":1.0},{"not_picked":["Beam Cell","Barrage","Streamline"],"picked":"Conserve Battery","floor":4.0},{"not_picked":["Static Discharge","Defragment","Ball Lightning"],"picked":"Skim","floor":6.0},{"not_picked":["Seek","Chaos","Reinforced Body"],"picked":"Coolheaded","floor":8.0},{"not_picked":["Beam Cell","Cold Snap","Tempest"],"picked":"Turbo","floor":12.0},{"not_picked":["Chaos","Static Discharge","Stack"],"picked":"Tempest","floor":13.0},{"not_picked":["MostiFishMod:UniBlue","MostiFishMod:LinkProtocol","MostiFishMod:Nova"],"picked":"Multi-Cast","floor":16.0},{"not_picked":["Rebound","Barrage","Stack"],"picked":"Glacier","floor":18.0},{"not_picked":["Steam","Hologram","Reinforced Body"],"picked":"Coolheaded","floor":19.0},{"not_picked":["Redo+1","Barrage","Rip and Tear"],"picked":"Coolheaded","floor":22.0},{"not_picked":["Cold Snap","Melter","Sweeping Beam","Gash"],"picked":"SKIP","floor":24.0},{"not_picked":["Multi-Cast","Auto Shields","Conserve Battery"],"picked":"MostiFishMod:STOP","floor":29.0},{"not_picked":["Rip and Tear","Streamline","Steam+1","MostiFishMod:ReprogramOld"],"picked":"SKIP","floor":30.0},{"not_picked":["Stack+1","Turbo","Barrage"],"picked":"Machine Learning","floor":31.0},{"not_picked":["Steam","Darkness","Sunder"],"picked":"Capacitor","floor":35.0},{"not_picked":["Capacitor+1","Coolheaded+1","Conserve Battery"],"picked":"Loop","floor":38.0},{"not_picked":["Forethought","PanicButton","Trip"],"picked":"Enlightenment","floor":39.0},{"not_picked":["Redo+1","Self Repair","Compile Driver","Lockon"],"picked":"SKIP","floor":40.0},{"not_picked":["Aggregate","Conserve Battery","Steam","Undo"],"picked":"SKIP","floor":42.0},{"not_picked":["Rainbow","Gash","Self Repair"],"picked":"Recycle","floor":47.0},{"not_picked":["Beam Cell","Steam","Sweeping Beam+1"],"picked":"Chaos","floor":48.0},{"not_picked":["Force Field","FTL+1","Ball Lightning"],"picked":"Reinforced Body+1","floor":52},{"not_picked":["Conserve Battery","Rebound+1","Hyperbeam"],"picked":"Hologram","floor":54}],"player_experience":257374,"relics_obtained":[{"floor":1.0,"key":"Question Card"},{"floor":6.0,"key":"Blood Vial"},{"floor":8.0,"key":"Happy Flower"},{"floor":9.0,"key":"Dota2Spire:DrumOfEndurance"},{"floor":13.0,"key":"Bronze Scales"},{"floor":16.0,"key":"ImportantClient"},{"floor":26.0,"key":"ThornShield"},{"floor":29.0,"key":"Regal Pillow"},{"floor":31.0,"key":"Art of War"},{"floor":38.0,"key":"Lizard Tail"},{"floor":40.0,"key":"Shuriken"},{"floor":42.0,"key":"Dota2Spire:LotusOrb"},{"floor":45.0,"key":"Dream Catcher"},{"floor":54,"key":"DaCapo"}],"event_choices":[{"damage_healed":0.0,"max_hp_gain":5.0,"max_hp_loss":0.0,"gold_gain":0.0,"event_name":"Big Fish","player_choice":"Donut","floor":2.0,"gold_loss":0.0,"damage_taken":0.0},{"damage_healed":0.0,"max_hp_gain":0.0,"max_hp_loss":0.0,"gold_gain":0.0,"event_name":"Match and Keep!","player_choice":"1 cards matched","floor":3.0,"gold_loss":0.0,"damage_taken":0.0,"cards_obtained":["MostiFishMod:FluxCapactior"]},{"cards_removed":["Strike_B"],"damage_healed":0.0,"max_hp_gain":0.0,"max_hp_loss":0.0,"gold_gain":0.0,"event_name":"Golden Wing","player_choice":"Card Removal","floor":5.0,"gold_loss":0.0,"damage_taken":7.0},{"damage_healed":0.0,"max_hp_gain":0.0,"max_hp_loss":0.0,"gold_gain":0.0,"event_name":"Knowing Skull","player_choice":"","floor":20.0,"potions_obtained":[],"gold_loss":0.0,"damage_taken":6.0,"cards_obtained":[]},{"damage_healed":26.0,"max_hp_gain":0.0,"max_hp_loss":0.0,"gold_gain":0.0,"event_name":"The Library","player_choice":"Heal","floor":27.0,"gold_loss":0.0,"damage_taken":0.0},{"damage_healed":0.0,"max_hp_gain":0.0,"max_hp_loss":0.0,"gold_gain":0.0,"event_name":"The Mausoleum","player_choice":"Opened","floor":28.0,"gold_loss":0.0,"damage_taken":0.0,"relics_obtained":["MealTicket"],"cards_obtained":["Writhe"]},{"damage_healed":0.0,"max_hp_gain":0.0,"max_hp_loss":0.0,"gold_gain":0.0,"event_name":"Tomb of Lord Red Mask","player_choice":"Paid","floor":37.0,"gold_loss":42.0,"damage_taken":0.0,"relics_obtained":["Red Mask"]},{"damage_healed":0.0,"max_hp_gain":0.0,"max_hp_loss":0.0,"gold_gain":0.0,"event_name":"MindBloom","player_choice":"Fight","floor":38.0,"gold_loss":0.0,"damage_taken":0.0},{"damage_healed":0.0,"max_hp_gain":0.0,"max_hp_loss":0.0,"gold_gain":0.0,"event_name":"SensoryStone","player_choice":"Memory 1","floor":39.0,"gold_loss":0.0,"damage_taken":0.0},{"cards_removed":["Defend_B"],"damage_healed":0.0,"max_hp_gain":0.0,"max_hp_loss":0.0,"gold_gain":0.0,"event_name":"Falling","player_choice":"Removed Skill","floor":46.0,"gold_loss":0.0,"damage_taken":0.0}],"is_beta":false,"boss_relics":[{"not_picked":["Transparent","TakeMeEscape"],"picked":"TimeKeys"},{"not_picked":["BloodWine","NightmareShop"],"picked":"MostiFishMod:Hod"}],"items_purged_floors":[11,14,21],"is_endless":false,"potions_floor_spawned":[1,6,8,18,22,29,33,35,42,47],"ascension_level":13}}