{"host":"i1h39d0gfh5c6uxl","time":1608294138,"event":{"mods":["AchievementEnabler","BaseMod","Colored Map","Colored Powertips","Highlight Path","Minty Spire (QoL Compilation)"],"gold_per_floor":[17,17,28,44,44,44,0,13,13,45,63,63,63,98,98,98,98],"floor_reached":16,"playtime":610,"items_purged":[],"score":220,"play_id":"15dcebdd-bf04-43bd-9076-0049a903450d","local_time":"20201218202218","is_ascension_mode":true,"campfire_choices":[{"floor":6.0,"key":"REST"},{"floor":13,"key":"REST"},{"floor":15,"key":"REST"}],"circlet_count":0,"master_deck":["AscendersBane","Strike_R","Strike_R","Strike_R","Strike_R","Defend_R","Defend_R","Defend_R","Bash","Dropkick","Rupture","Uppercut","Cleave","Battle Trance","Flame Barrier","Bloodletting","Armaments"],"relics":["Burning Blood","Question Card","Bottled Lightning","FossilizedHelix","Peace Pipe"],"acts_visited":["Exordium"],"potions_floor_usage":[14],"damage_taken":[{"damage":6.0,"enemies":"Cultist","floor":1.0,"turns":3.0},{"damage":7.0,"enemies":"2 Louse","floor":3.0,"turns":4.0},{"damage":0.0,"enemies":"Jaw Worm","floor":4.0,"turns":1.0},{"damage":1.0,"enemies":"Exordium Wildlife","floor":8.0,"turns":2.0},{"damage":42.0,"enemies":"3 Sentries","floor":10.0,"turns":9.0},{"damage":11.0,"enemies":"2 Fungi Beasts","floor":11.0,"turns":3.0},{"damage":24,"enemies":"Gremlin Nob","floor":14,"turns":4},{"damage":60,"enemies":"Slime Boss","floor":16,"turns":9}],"seed_played":"5350436897036207174","potions_obtained":[{"floor":1.0,"key":"DistilledChaos"},{"floor":3.0,"key":"LiquidBronze"},{"floor":8.0,"key":"Dexterity Potion"},{"floor":11.0,"key":"ColorlessPotion"}],"is_trial":false,"path_per_floor":["M","$","M","M","?","R","$","M","T","E","M","?","R","E","R","B"],"character_chosen":"IRONCLAD","items_purchased":["Flame Barrier"],"campfire_rested":3,"item_purchase_floors":[7],"current_hp_per_floor":[68,68,67,73,47,69,69,74,74,38,33,33,55,37,59,0,0],"gold":98,"neow_bonus":"TRANSFORM_TWO_CARDS","is_daily":false,"chose_seed":false,"campfire_upgraded":0,"win_rate":0.0,"timestamp":1608294138,"path_taken":["M","$","M","?","?","R","$","M","T","E","M","?","R","E","R","BOSS"],"items_purchased_type":["Card"],"build_version":"2020-12-13","purchased_purges":0,"victory":false,"max_hp_per_floor":[75,75,75,75,75,75,75,75,75,75,75,75,75,75,75,75,75],"card_choices":[{"not_picked":["Battle Trance","Sentinel"],"picked":"Uppercut","floor":1.0},{"not_picked":["Warcry","Perfected Strike"],"picked":"Cleave","floor":3.0},{"not_picked":["Whirlwind","Rage"],"picked":"Battle Trance","floor":4.0},{"not_picked":["Dual Wield","Entrench","Heavy Blade","Perfected Strike"],"picked":"SKIP","floor":8.0},{"not_picked":["Whirlwind","Cleave","Battle Trance"],"picked":"Bloodletting","floor":10.0},{"not_picked":["Reckless Charge","Metallicize","Rupture","Havoc"],"picked":"SKIP","floor":11.0},{"not_picked":["Pummel","Wild Strike","Iron Wave"],"picked":"Armaments","floor":14}],"player_experience":1278296,"relics_obtained":[{"floor":9.0,"key":"Bottled Lightning"},{"floor":10.0,"key":"FossilizedHelix"},{"floor":14,"key":"Peace Pipe"}],"event_choices":[{"damage_healed":0.0,"max_hp_gain":0.0,"max_hp_loss":0.0,"gold_gain":0.0,"event_name":"Scrap Ooze","player_choice":"Success","floor":5.0,"gold_loss":0.0,"damage_taken":26.0,"relics_obtained":["Question Card"]},{"damage_healed":0,"gold_gain":0,"player_choice":"Searched \u00270\u0027 times","damage_taken":0,"max_hp_gain":0,"max_hp_loss":0,"event_name":"Dead Adventurer","floor":12,"gold_loss":0}],"is_beta":false,"boss_relics":[],"items_purged_floors":[],"is_endless":false,"potions_floor_spawned":[1,3,8,11],"killed_by":"Slime Boss","ascension_level":20}}