{"host":"q5vpntglr38zhb0c","time":1608300534,"event":{"mods":["BaseMod","Colored Map","DeckTracker","Keyboard Shortcuts","Minty Spire (QoL Compilation)","Permanent Neow","StSLib","SuperFastMode","everything is the same but u backflip on backflip"],"gold_per_floor":[14,29,39,57,75,75,75,102,182,182,209,209,221,252,252,326,326,344,344,354,251,301,301,331,331,331,363,378,113,113,127,127,201,201,221,221,221,235,255,288,163,163,188,199,253,253,278,278,278,278,278,278],"floor_reached":51,"playtime":1681,"items_purged":["Strike_P","Strike_P","Defend_P"],"score":1566,"play_id":"baa99a36-6b54-4fc6-ad7f-02b8d75fd86f","local_time":"20201218230854","is_ascension_mode":true,"campfire_choices":[{"data":"Eruption","floor":6.0,"key":"SMITH"},{"data":"Study","floor":10.0,"key":"SMITH"},{"data":"CrushJoints","floor":15.0,"key":"SMITH"},{"data":"Vault","floor":23.0,"key":"SMITH"},{"data":"Scrawl","floor":32.0,"key":"SMITH"},{"data":"MentalFortress","floor":42.0,"key":"SMITH"},{"data":"Omniscience","floor":46.0,"key":"SMITH"},{"floor":49.0,"key":"RECALL"}],"circlet_count":0,"master_deck":["AscendersBane","Defend_P","Defend_P","Eruption+1","Vigilance","FlurryOfBlows","Tantrum","EmptyBody","Study+1","CarveReality","CrushJoints+1","Vault+1","FlurryOfBlows","MentalFortress+1","Scrawl+1","Omniscience+1","Meditate+1","Finesse","Purity"],"relics":["PureWater","Ice Cream","Meat on the Bone","Kunai","Torii","Dream Catcher","Philosopher\u0027s Stone","Regal Pillow","Gremlin Horn","StoneCalendar","Omamori","Cursed Key","Incense Burner","Unceasing Top"],"acts_visited":["Exordium","TheCity","TheBeyond"],"potions_floor_usage":[],"damage_taken":[{"damage":0.0,"enemies":"Jaw Worm","floor":1.0,"turns":4.0},{"damage":3.0,"enemies":"2 Louse","floor":2.0,"turns":3.0},{"damage":0.0,"enemies":"Cultist","floor":3.0,"turns":2.0},{"damage":1.0,"enemies":"Large Slime","floor":4.0,"turns":4.0},{"damage":4.0,"enemies":"Looter","floor":5.0,"turns":3.0},{"damage":4.0,"enemies":"Gremlin Nob","floor":8.0,"turns":3.0},{"damage":0.0,"enemies":"Lagavulin","floor":11.0,"turns":5.0},{"damage":0.0,"enemies":"Exordium Wildlife","floor":13.0,"turns":2.0},{"damage":16.0,"enemies":"Gremlin Nob","floor":14.0,"turns":3.0},{"damage":5.0,"enemies":"Hexaghost","floor":16.0,"turns":7.0},{"damage":0.0,"enemies":"Chosen","floor":18.0,"turns":3.0},{"damage":7.0,"enemies":"3 Byrds","floor":20.0,"turns":4.0},{"damage":0.0,"enemies":"Gremlin Leader","floor":24.0,"turns":4.0},{"damage":8.0,"enemies":"Slavers","floor":27.0,"turns":3.0},{"damage":6.0,"enemies":"Cultist and Chosen","floor":28.0,"turns":5.0},{"damage":0.0,"enemies":"Snake Plant","floor":31.0,"turns":1.0},{"damage":23.0,"enemies":"Collector","floor":33.0,"turns":6.0},{"damage":0.0,"enemies":"3 Darklings","floor":35.0,"turns":4.0},{"damage":0.0,"enemies":"Orb Walker","floor":38.0,"turns":3.0},{"damage":0.0,"enemies":"Transient","floor":39.0,"turns":7.0},{"damage":0.0,"enemies":"Nemesis","floor":40.0,"turns":4.0},{"damage":5.0,"enemies":"Sphere and 2 Shapes","floor":44.0,"turns":3.0},{"damage":24.0,"enemies":"2 Orb Walkers","floor":45.0,"turns":4.0},{"damage":0.0,"enemies":"Mind Bloom Boss Battle","floor":47.0,"turns":3.0},{"damage":35.0,"enemies":"Time Eater","floor":50.0,"turns":10.0},{"damage":20,"enemies":"Awakened One","floor":51,"turns":2}],"seed_played":"5738445260412965901","potions_obtained":[{"floor":2.0,"key":"Strength Potion"},{"floor":3.0,"key":"DuplicationPotion"},{"floor":8.0,"key":"DistilledChaos"},{"floor":31.0,"key":"Explosive Potion"},{"floor":38.0,"key":"Swift Potion"},{"floor":47.0,"key":"FearPotion"}],"is_trial":false,"path_per_floor":["M","M","M","M","M","R","?","E","T","R","E","?","M","E","R","B",null,"M","?","M","$","?","R","E","?","T","E","M","$","?","M","R","B",null,"M","?","?","M","M","E","$","R","T","M","?","R","?","?","R","B","B"],"character_chosen":"WATCHER","items_purchased":["FlurryOfBlows","Omamori"],"campfire_rested":0,"item_purchase_floors":[21,29],"current_hp_per_floor":[61,58,58,57,53,53,58,54,54,54,54,54,54,38,38,45,66,66,66,59,59,59,59,59,59,59,51,45,45,45,45,45,34,63,63,63,63,63,63,63,63,63,63,58,46,46,46,36,36,13,0,0],"gold":278,"neow_bonus":"ONE_RARE_RELIC","is_daily":false,"chose_seed":false,"campfire_upgraded":7,"win_rate":0.0,"timestamp":1608300534,"path_taken":["M","M","M","M","M","R","?","E","T","R","E","?","?","E","R","BOSS","M","?","M","$","?","R","E","?","T","E","M","$","?","M","R","BOSS","M","?","?","?","M","E","$","R","T","?","?","R","?","?","R","BOSS","BOSS"],"items_purchased_type":["Card","Relic"],"build_version":"2020-12-13","purchased_purges":3,"victory":false,"max_hp_per_floor":[68,68,68,68,68,68,73,73,73,73,73,73,73,73,73,73,73,73,73,73,73,73,73,73,73,73,73,73,73,73,73,73,73,73,73,69,69,69,69,69,69,69,69,69,69,69,69,69,69,69,69,69],"card_choices":[{"not_picked":["Consecrate","EmptyMind"],"picked":"FlurryOfBlows","floor":1.0},{"not_picked":["ThirdEye","SignatureMove","Protect"],"picked":"SKIP","floor":2.0},{"not_picked":["SashWhip","WindmillStrike","Prostrate"],"picked":"SKIP","floor":3.0},{"not_picked":["CutThroughFate","Worship"],"picked":"Tantrum","floor":4.0},{"not_picked":["BowlingBash","Collect"],"picked":"EmptyBody","floor":5.0},{"not_picked":["FollowUp","FlyingSleeves"],"picked":"Study","floor":8.0},{"not_picked":["ClearTheMind","Protect"],"picked":"CarveReality","floor":11.0},{"not_picked":["Prostrate","EmptyFist","Collect"],"picked":"SKIP","floor":13.0},{"not_picked":["Weave","FlyingSleeves"],"picked":"CrushJoints","floor":14.0},{"not_picked":["SpiritShield","Ragnarok"],"picked":"Vault","floor":16.0},{"not_picked":["PathToVictory","Consecrate","CutThroughFate"],"picked":"SKIP","floor":18.0},{"not_picked":["Crescendo","Prostrate","FollowUp+1"],"picked":"SKIP","floor":20.0},{"not_picked":["EmptyFist","FlurryOfBlows","Protect+1"],"picked":"SKIP","floor":24.0},{"not_picked":["BowlingBash","FollowUp"],"picked":"MentalFortress","floor":27.0},{"not_picked":["ClearTheMind","EmptyFist"],"picked":"Scrawl","floor":28.0},{"not_picked":["ThirdEye","Evaluate","SashWhip"],"picked":"SKIP","floor":31.0},{"not_picked":["DeusExMachina","Wish"],"picked":"Omniscience","floor":33.0},{"not_picked":["EmptyBody","Perseverance","WheelKick"],"picked":"SKIP","floor":35.0},{"not_picked":["Protect","FlyingSleeves","FlurryOfBlows+1"],"picked":"SKIP","floor":38.0},{"not_picked":["SandsOfTime","Halt+1"],"picked":"Meditate+1","floor":39.0},{"not_picked":["PathToVictory","SandsOfTime","JustLucky"],"picked":"SKIP","floor":40.0},{"not_picked":["WaveOfTheHand","Nirvana","SashWhip"],"picked":"SKIP","floor":44.0},{"not_picked":["Flash of Steel","Dramatic Entrance"],"picked":"Finesse","floor":48.0},{"not_picked":["Magnetism","Jack Of All Trades"],"picked":"Purity","floor":48.0}],"player_experience":1302680,"relics_obtained":[{"floor":8.0,"key":"Meat on the Bone"},{"floor":9.0,"key":"Kunai"},{"floor":11.0,"key":"Torii"},{"floor":14.0,"key":"Dream Catcher"},{"floor":24.0,"key":"Regal Pillow"},{"floor":26.0,"key":"Gremlin Horn"},{"floor":27.0,"key":"StoneCalendar"},{"floor":45.0,"key":"Incense Burner"},{"floor":47.0,"key":"Unceasing Top"}],"event_choices":[{"damage_healed":0.0,"max_hp_gain":5.0,"max_hp_loss":0.0,"gold_gain":0.0,"event_name":"Big Fish","player_choice":"Donut","floor":7.0,"gold_loss":0.0,"damage_taken":0.0},{"cards_removed":["Strike_P"],"damage_healed":0.0,"max_hp_gain":0.0,"max_hp_loss":0.0,"gold_gain":0.0,"event_name":"Living Wall","player_choice":"Forget","floor":12.0,"gold_loss":0.0,"damage_taken":0.0},{"damage_healed":0.0,"max_hp_gain":0.0,"max_hp_loss":0.0,"gold_gain":0.0,"event_name":"The Mausoleum","player_choice":"Ignored","floor":19.0,"gold_loss":0.0,"damage_taken":0.0},{"damage_healed":0.0,"max_hp_gain":0.0,"max_hp_loss":0.0,"gold_gain":50.0,"event_name":"Nest","player_choice":"Stole From Cult","floor":22.0,"gold_loss":0.0,"damage_taken":0.0},{"cards_removed":["Strike_P"],"damage_healed":0.0,"max_hp_gain":0.0,"max_hp_loss":0.0,"gold_gain":0.0,"event_name":"Back to Basics","player_choice":"Elegance","floor":25.0,"gold_loss":0.0,"damage_taken":0.0},{"damage_healed":0.0,"max_hp_gain":0.0,"max_hp_loss":0.0,"gold_gain":0.0,"event_name":"Vampires","player_choice":"Ignored","floor":30.0,"gold_loss":0.0,"damage_taken":0.0},{"damage_healed":0.0,"max_hp_gain":0.0,"max_hp_loss":4.0,"gold_gain":0.0,"event_name":"Winding Halls","player_choice":"Max HP","floor":36.0,"gold_loss":0.0,"damage_taken":0.0},{"cards_removed":["Defend_P"],"damage_healed":0.0,"max_hp_gain":0.0,"max_hp_loss":0.0,"gold_gain":0.0,"event_name":"Purifier","player_choice":"Purged","floor":37.0,"gold_loss":0.0,"damage_taken":0.0},{"damage_healed":0.0,"max_hp_gain":0.0,"max_hp_loss":0.0,"gold_gain":0.0,"event_name":"Mysterious Sphere","player_choice":"Fight","floor":45.0,"gold_loss":0.0,"damage_taken":0.0},{"damage_healed":0.0,"max_hp_gain":0.0,"max_hp_loss":0.0,"gold_gain":0.0,"event_name":"MindBloom","player_choice":"Fight","floor":47.0,"gold_loss":0.0,"damage_taken":0.0},{"damage_healed":0.0,"max_hp_gain":0.0,"max_hp_loss":0.0,"gold_gain":0.0,"event_name":"SensoryStone","player_choice":"Memory 3","floor":48.0,"gold_loss":0.0,"damage_taken":10.0}],"is_beta":false,"boss_relics":[{"not_picked":["Runic Dome","Runic Pyramid"],"picked":"Philosopher\u0027s Stone"},{"not_picked":["Sozu","Snecko Eye"],"picked":"Cursed Key"}],"items_purged_floors":[21,29,41],"is_endless":false,"potions_floor_spawned":[2,3,4,8,14,20,24,31,38,44,47],"killed_by":"Awakened One","ascension_level":20}}