{"host":"951sez6ulsv0fw1i","time":1608306065,"event":{"mods":["2.2 Compatiblity","Aspiration","BaseMod","Better Third Choice","BetterRewards","CCEM","CapriCore","Conspire","Downfall","Googly Eyes","Hermit","Infinite Spire","JesterMod","Luminous","Mari Mod (Legacy)","Mari\u0027s V1 Patch","Marisa????????","Minty Spire (QoL Compilation)","Potionbrewer","Reimu??????","Shade Mod","StSLib","The Cursed","The Immortal","The Runesmith","The Servant 0.9.4","TheBandit","TheSwordswoman"],"gold_per_floor":[118,128,140,150,164,164,194,369,394,421,34,34,52,83,83,180,180,190,190,200,218,143,172,172,132,132,151,175,209,209,58,58,156,156,166,183,0,15,15,15,29,40,40,71,88,117,117,134,134,134,134],"floor_reached":50,"playtime":3062,"items_purged":["Doubt"],"score":614,"play_id":"10d9c7b6-9757-47fb-8661-20fab1e15387","local_time":"20201218164105","is_ascension_mode":false,"campfire_choices":[{"data":"Runesmith:EnergizedChisel","floor":6.0,"key":"SMITH"},{"data":"Runesmith:Grindstone","floor":15.0,"key":"SMITH"},{"floor":32.0,"key":"REST"},{"floor":49.0,"key":"RECALL"}],"circlet_count":0,"master_deck":["Runesmith:Strike_RS+1","Runesmith:Strike_RS+1","Runesmith:Strike_RS+1","Runesmith:Defend_RS+1","Runesmith:Defend_RS+1","Runesmith:Defend_RS+1","Runesmith:Defend_RS+1","Runesmith:CraftFirestone","Runesmith:Fortify","Runesmith:UnstableHammer","Runesmith:MakeshiftArmor","Runesmith:ChiselStab","Runesmith:RunicBlueprint","Runesmith:EnergizedChisel+1","Runesmith:HammerAndChisel","Runesmith:HeatExchange","Runesmith:Permafrost","expansioncontent:DonusPower","Runesmith:CraftMagma","Runesmith:OneForEveryone","Runesmith:Grindstone+1","Runesmith:ArcReactor","Runesmith:EnergizedChisel","Runesmith:EarthShield","Runesmith:HammerAndChisel+1","Runesmith:CraftMagma","ZunPunch:ReiMu","Runesmith:CraftProtectio+1","Runesmith:OneForEveryone+1","Runesmith:GenerateForcefield+1","Mayhem+1","Luminous:Freud_Wisdom1_Luminous+1","Good Instincts+1","champ:GladiatorStyle+1","Apotheosis+1","Madness+1","Madness+1","Parasite","Shade:FleshLikeOak+1","TightArray:ReiMu+1","TheCursedMod:RapidMovement+1","Fasting2","Revelation:ReiMu+1"],"relics":["Runesmith:BrokenRuby","NeowsBlessing","Runesmith:AutoHammer","Bronze Scales","CCEMRelics:Barrel","Sling","Strawberry","RedLine:ReiMu","GremlinMask","CCEMRelics:TinyMinotavrHorn","Toxic Egg 2","Art of War","PrismaticShard","CCEMRelics:FestiveHat","Cursed Key","Red Mask","Molten Egg 2","Tea:ReiMu","Ancient Tea Set"],"acts_visited":["Exordium","TheCity","TheBeyond"],"potions_floor_usage":[],"damage_taken":[{"damage":0.0,"enemies":"Cultist","floor":1.0,"turns":1.0},{"damage":0.0,"enemies":"Jaw Worm","floor":2.0,"turns":1.0},{"damage":0.0,"enemies":"Small Slimes","floor":3.0,"turns":2.0},{"damage":1.0,"enemies":"Gremlin Gang","floor":4.0,"turns":5.0},{"damage":1.0,"enemies":"2 Fungi Beasts","floor":5.0,"turns":4.0},{"damage":5.0,"enemies":"Lagavulin","floor":7.0,"turns":7.0},{"damage":56.0,"enemies":"Gremlin Nob","floor":10.0,"turns":6.0},{"damage":0.0,"enemies":"Blue Slaver","floor":13.0,"turns":2.0},{"damage":10.0,"enemies":"3 Sentries","floor":14.0,"turns":4.0},{"damage":23.0,"enemies":"The Guardian","floor":16.0,"turns":10.0},{"damage":18.0,"enemies":"Shell Parasite","floor":18.0,"turns":5.0},{"damage":14.0,"enemies":"conspire:FuzzyDice","floor":20.0,"turns":4.0},{"damage":22.0,"enemies":"Snecko","floor":21.0,"turns":7.0},{"damage":3.0,"enemies":"conspire:Head Lice","floor":23.0,"turns":7.0},{"damage":0.0,"enemies":"conspire:HollyBat","floor":27.0,"turns":7.0},{"damage":31.0,"enemies":"Slavers","floor":29.0,"turns":4.0},{"damage":19.0,"enemies":"Collector","floor":33.0,"turns":11.0},{"damage":27.0,"enemies":"3 Darklings","floor":35.0,"turns":5.0},{"damage":4.0,"enemies":"3 Shapes","floor":36.0,"turns":3.0},{"damage":0.0,"enemies":"Maw","floor":38.0,"turns":7.0},{"damage":4.0,"enemies":"Writhing Mass","floor":41.0,"turns":6.0},{"damage":0.0,"enemies":"4 Shapes","floor":42.0,"turns":5.0},{"damage":20.0,"enemies":"Giant Head","floor":44.0,"turns":9.0},{"damage":0.0,"enemies":"Maw","floor":45.0,"turns":6.0},{"damage":6.0,"enemies":"Reptomancer","floor":46.0,"turns":6.0},{"damage":15.0,"enemies":"Writhing Mass","floor":48.0,"turns":6.0},{"damage":0,"enemies":"Time Eater","floor":50,"turns":1}],"seed_played":"-6595765176968481977","potions_obtained":[{"floor":1.0,"key":"FairyPotion"},{"floor":2.0,"key":"SpeedPotion"},{"floor":3.0,"key":"Regen Potion"},{"floor":10.0,"key":"Strength Potion"},{"floor":14.0,"key":"Block Potion"},{"floor":18.0,"key":"Fire Potion"},{"floor":29.0,"key":"potionbrewer:FreezingPotion"},{"floor":33.0,"key":"potionbrewer:HastePotion"},{"floor":38.0,"key":"potionbrewer:DiscountPotion"},{"floor":45.0,"key":"hexamod:EctoCoolerPotion"},{"floor":46.0,"key":"DistilledChaos"}],"is_trial":false,"path_per_floor":["M","M","M","M","M","R","E","?","T","E","$","?","M","E","R","B",null,"M","?","M","M","?","E","?","?","T","M","T","E","?","$","R","B",null,"M","M","?","M","?","R","M","M","T","E","M","E","?","M","R","B"],"character_chosen":"RUNESMITH_CLASS","items_purchased":["Sling","Runesmith:Permafrost","expansioncontent:DonusPower","CCEMRelics:FestiveHat"],"campfire_rested":1,"item_purchase_floors":[11,11,11,31],"current_hp_per_floor":[70,70,70,69,68,68,63,63,63,19,19,19,27,24,24,1,77,59,59,45,23,23,20,20,20,20,20,20,34,26,26,49,30,77,54,50,50,62,57,57,65,77,77,65,69,63,63,52,52,52,52],"gold":134,"neow_bonus":"THREE_ENEMY_KILL","is_daily":false,"chose_seed":false,"campfire_upgraded":2,"win_rate":0.0,"timestamp":1608306065,"path_taken":["M","M","?","M","M","R","E","?","T","E","?","?","?","E","R","BOSS","M","?","M","?","?","E","?","?","T","M","?","E","?","$","R","BOSS","M","M","?","M","?","R","M","M","T","E","M","E","?","M","R","BOSS"],"items_purchased_type":["Relic","Card","Card","Relic"],"build_version":"2020-12-13","purchased_purges":1,"victory":false,"max_hp_per_floor":[70,70,70,70,70,70,70,70,70,70,70,70,70,77,77,77,77,77,77,77,77,77,77,77,77,77,77,77,77,77,77,77,77,77,77,77,77,77,77,77,77,77,77,77,77,77,77,77,77,77,77],"card_choices":[{"not_picked":["Runesmith:RuneHurl","Runesmith:StaticCage"],"picked":"Runesmith:UnstableHammer","floor":1.0},{"not_picked":["Runesmith:HeatExchange","Runesmith:Terraform"],"picked":"Runesmith:MakeshiftArmor","floor":2.0},{"not_picked":["Runesmith:ElementalConversion","Runesmith:HeatExchange"],"picked":"Runesmith:ChiselStab","floor":3.0},{"not_picked":["Runesmith:Grindstone","Runesmith:Discharge"],"picked":"Runesmith:RunicBlueprint","floor":4.0},{"not_picked":["Runesmith:StaticCage","Runesmith:HammerThrow"],"picked":"Runesmith:EnergizedChisel","floor":5.0},{"not_picked":["Runesmith:LithiumIon","Runesmith:PoweredAnvil"],"picked":"Runesmith:HammerAndChisel","floor":7.0},{"not_picked":["Runesmith:DoubleUp","Runesmith:HammerThrow"],"picked":"Runesmith:HeatExchange","floor":10.0},{"not_picked":["Runesmith:ShiftingStrike","Runesmith:RuneHurl"],"picked":"Runesmith:OneForEveryone","floor":13.0},{"not_picked":["Runesmith:ShiftingStrike","Runesmith:UnstableHammer"],"picked":"Runesmith:Grindstone","floor":14.0},{"not_picked":["Runesmith:CraftIndustria","Runesmith:FissionHammer"],"picked":"Runesmith:ArcReactor","floor":16.0},{"not_picked":["Runesmith:HeatExchange","Runesmith:HammerThrow"],"picked":"Runesmith:EnergizedChisel","floor":18.0},{"not_picked":["Runesmith:StaticCage","Runesmith:CraftProtectio"],"picked":"Runesmith:EarthShield","floor":20.0},{"not_picked":["Runesmith:BackupBattery","Runesmith:Prism"],"picked":"Runesmith:HammerAndChisel+1","floor":21.0},{"not_picked":["Runesmith:HammerThrow","Runesmith:ShiftingStrike"],"picked":"Runesmith:CraftMagma","floor":23.0},{"not_picked":["Runesmith:MakeshiftArmor+1","Runesmith:Repurpose+1"],"picked":"Runesmith:CraftProtectio+1","floor":27.0},{"not_picked":["Runesmith:MakeshiftArmor+1","Runesmith:Repurpose+1"],"picked":"Runesmith:OneForEveryone+1","floor":29.0},{"not_picked":["Runesmith:ChaoticBlast","Runesmith:Permafrost+1"],"picked":"Runesmith:GenerateForcefield+1","floor":30.0},{"not_picked":["Purity+1","expansioncontent:SlimeTackle+1"],"picked":"Mayhem+1","floor":33.0},{"not_picked":["hermit:FinalCanter","MurderousAura"],"picked":"Luminous:Freud_Wisdom1_Luminous+1","floor":33.0},{"not_picked":["Panacea+1","expansioncontent:YouAreMine+1"],"picked":"Good Instincts+1","floor":35.0},{"not_picked":["MariMod:Mari_Reflection+1","Power Through+1"],"picked":"champ:GladiatorStyle+1","floor":35.0},{"not_picked":["expansioncontent:PolyBeam+1","Madness+1"],"picked":"Apotheosis+1","floor":36.0},{"not_picked":["Runesmith:UnstableHammer+1","CollectionFlower2:ReiMu+1","TheCursedMod:LuckyCharm+1"],"picked":"SKIP","floor":36.0},{"not_picked":["Ricochet","PassingAway:ReiMu+1","sneckomod:ImprovisedAttack"],"picked":"SKIP","floor":38.0},{"not_picked":["expansioncontent:LastStand+1","champ:SkillfulDodge+1"],"picked":"Shade:FleshLikeOak+1","floor":41.0},{"not_picked":["Slimebound:LeechingTouch","champ:DefensiveShout+1"],"picked":"TightArray:ReiMu+1","floor":42.0},{"not_picked":["Luminous:Dark_Arcane_Pitch+1","ShadowOfCrow2:ReiMu+1"],"picked":"TheCursedMod:RapidMovement+1","floor":44.0},{"not_picked":["jesterMod:OblivionStrike+1","Luminous:Dark_Apocalypse+1","Bane+1"],"picked":"SKIP","floor":45.0},{"not_picked":["MariMod:Mari_Reflection+1","TheCursedMod:CircleOfBlood+1"],"picked":"Fasting2","floor":46.0},{"not_picked":["RainPray2:ReiMu+1","blazmod:HarmonyComplete+1"],"picked":"Revelation:ReiMu+1","floor":48.0}],"player_experience":505406,"relics_obtained":[{"floor":7.0,"key":"Runesmith:AutoHammer"},{"floor":9.0,"key":"Bronze Scales"},{"floor":10.0,"key":"CCEMRelics:Barrel"},{"floor":14.0,"key":"Strawberry"},{"floor":23.0,"key":"CCEMRelics:TinyMinotavrHorn"},{"floor":26.0,"key":"Toxic Egg 2"},{"floor":29.0,"key":"Art of War"},{"floor":30.0,"key":"PrismaticShard"},{"floor":43.0,"key":"Molten Egg 2"},{"floor":44.0,"key":"Tea:ReiMu"},{"floor":46.0,"key":"Ancient Tea Set"}],"event_choices":[{"damage_healed":0.0,"max_hp_gain":0.0,"max_hp_loss":0.0,"gold_gain":175.0,"event_name":"betterThird:BetterSerpent","player_choice":"AGREE","floor":8.0,"gold_loss":0.0,"damage_taken":194.0},{"damage_healed":0.0,"max_hp_gain":0.0,"max_hp_loss":0.0,"gold_gain":0.0,"event_name":"Match and Keep!","player_choice":"1 cards matched","floor":12.0,"gold_loss":0.0,"damage_taken":0.0,"cards_obtained":["Runesmith:CraftMagma"]},{"damage_healed":0.0,"max_hp_gain":0.0,"max_hp_loss":0.0,"gold_gain":0.0,"event_name":"FaceTrader","player_choice":"Trade","floor":19.0,"gold_loss":0.0,"damage_taken":0.0,"relics_obtained":["GremlinMask"]},{"cards_removed":["Runesmith:Strike_RS"],"damage_healed":0.0,"max_hp_gain":0.0,"max_hp_loss":0.0,"gold_gain":0.0,"event_name":"Beggar","player_choice":"Gave Gold","floor":22.0,"gold_loss":75.0,"damage_taken":0.0},{"damage_healed":0.0,"max_hp_gain":0.0,"max_hp_loss":7.0,"gold_gain":0.0,"event_name":"betterThird:BetterWriting","player_choice":"Simplicity","floor":24.0,"gold_loss":0.0,"damage_taken":0.0},{"damage_healed":0.0,"max_hp_gain":0.0,"max_hp_loss":0.0,"gold_gain":0.0,"event_name":"ZunEvent","player_choice":"Hand rover O-miki","floor":25.0,"relics_lost":["ZunR:ReiMu"],"gold_loss":0.0,"damage_taken":0.0,"cards_obtained":["ZunPunch:ReiMu"]},{"damage_healed":0.0,"max_hp_gain":0.0,"max_hp_loss":0.0,"gold_gain":0.0,"event_name":"Tomb of Lord Red Mask","player_choice":"Paid","floor":37.0,"gold_loss":183.0,"damage_taken":0.0,"relics_obtained":["Red Mask"]},{"damage_healed":0.0,"max_hp_gain":0.0,"max_hp_loss":0.0,"gold_gain":0.0,"event_name":"Winding Halls","player_choice":"Embrace Madness","floor":39.0,"gold_loss":0.0,"damage_taken":10.0,"cards_obtained":["Madness","Madness"]}],"is_beta":false,"boss_relics":[{"not_picked":["Empty Cage","infinitespire:Cupcake"],"picked":"RedLine:ReiMu"},{"not_picked":["Philosopher\u0027s Stone","SacredBark"],"picked":"Cursed Key"}],"items_purged_floors":[11],"is_endless":false,"potions_floor_spawned":[1,2,3,10,14,18,27,29,33,35,38,41,45,46],"killed_by":"Time Eater","ascension_level":0}}