{"host":"r9uivonio18rfam2","time":1608267914,"event":{"mods":["2.2 Compatiblity","AchievementEnabler","Act Like it!","Aspiration","BaseMod","Beaked The Cultist","Better Note","BetterRewards","Challenge The Spire","Colored Map","Colored Powertips","Conspire","Dota2Spire","Downfall","Elementarium","Energized Spire","Gensokyo","GungeonMod","Hallownest","Hermit","Hubris","Infinite Spire","Jedi Mod","KinomotoSakuraMod(????)","Koishi","Marisa????????","Minty Spire (QoL Compilation)","Potionbrewer","Quick Restart","Reimu??????","Replay The Spire","RumiaBox-????????","Shop Mod","Spikes Relics","StSLib","The Animator","The Blue Laboratory","The Bug Knight","The Construct","The Cursed","The Hierophant","The Poker Player","The Runesmith","The Senshi","The Servant 0.9.4","Wandering Minibosses","vexMod"],"gold_per_floor":[593,618,618,651,651,680,680,680,710,710,710,710,113,123,141,239,239,164,164,164],"floor_reached":19,"playtime":958,"items_purged":["hexamod:Strike","hexamod:Defend"],"score":434,"play_id":"b0d49bf7-7073-4740-b82c-eff12b392666","local_time":"20201218000514","is_ascension_mode":true,"campfire_choices":[{"data":"hexamod:SuperheatedStrike","floor":1,"key":"SMITH"},{"data":"hexamod:RainOfEmbers","floor":5,"key":"SMITH"},{"data":"hexamod:WildfireWeapon","floor":8,"key":"SMITH"},{"floor":10,"key":"REST"},{"floor":18,"key":"RECALL"}],"circlet_count":0,"master_deck":["hexamod:Strike","hexamod:Strike","hexamod:Defend","hexamod:Defend","hexamod:Defend","hexamod:Sear","hexamod:Float","hexamod:GhostShield","hexamod:ShieldOfDarkness","hexamod:AdvancingGuard","hexamod:HeatMetal","hexamod:GhostflameBarrier","hexamod:WildfireWeapon+1","hexamod:SuperheatedStrike+1","hexamod:Incineration","hexamod:GhostOfSpireFuture","Hallownest:curseDreamersLament","hexamod:RainOfEmbers+1","hexamod:SearingWound","hexamod:VolcanoVisage"],"relics":["hexamod:SpiritBrand","Oddly Smooth Stone","potionbrewer:BoosterPack","Replay:WaspNest","Replay:Rubber Ducky","Hallownest:TeacherSealRelic","MagicDraw3","Replay:Mystery Machine","Dota2Spire:EtherealBlade","Strawberry","Hallownest:DreamNailRelic","DemoMod:GlassGuonStoneRelic","Cursed Key","downfall:HeartBlessingGreen"],"acts_visited":["Hallownest:Greenpath","Hallownest:CityofTears"],"potions_floor_usage":[6,14],"damage_taken":[{"damage":0,"enemies":"Hallownest:eliteMossKnight","floor":2,"turns":9},{"damage":8,"enemies":"conspire:MimicChest","floor":4,"turns":3},{"damage":17,"enemies":"Hallownest:eliteCrystalGuardian","floor":6,"turns":6},{"damage":1,"enemies":"Hallownest:eliteMossKnight","floor":9,"turns":3},{"damage":3,"enemies":"Hallownest:2_Tiktiks_and_1_Crawlid","floor":13,"turns":3},{"damage":3,"enemies":"Hallownest:2_MossCreeps","floor":14,"turns":4},{"damage":12,"enemies":"Hallownest:monsterHuskWarrior","floor":15,"turns":5},{"damage":2,"enemies":"downfall:Ironclad","floor":16,"turns":7}],"seed_played":"-4998921267860299799","potions_obtained":[{"floor":2,"key":"jedi:StrikingPotion"},{"floor":4,"key":"blueLaboratory:BottleOfRum"},{"floor":9,"key":"FearPotion"}],"is_trial":false,"path_per_floor":["R","E","?","?","R","E","T","R","E","R","?","?","M","M","M","B",null,"R_BF","?"],"character_chosen":"THE_SPIRIT","items_purchased":["Oddly Smooth Stone","potionbrewer:BoosterPack","Replay:WaspNest","hexamod:SuperheatedStrike","BlessingOfTheForge"],"campfire_rested":1,"item_purchase_floors":[0,0,0,0,0],"current_hp_per_floor":[35,35,35,27,27,10,10,10,16,39,39,39,36,33,21,19,77,77,0,0],"gold":164,"neow_bonus":"","is_daily":false,"chose_seed":false,"campfire_upgraded":3,"win_rate":0.0,"timestamp":1608267914,"path_taken":["R","E","?","?","R","E","T","R","E","R","?","?","?","M","M","BOSS","R_BF","?"],"items_purchased_type":["Relic","Relic","Relic","Card","Potion"],"build_version":"2020-12-13","purchased_purges":2,"victory":false,"max_hp_per_floor":[70,70,70,70,70,70,70,70,77,77,77,77,77,77,77,77,77,77,77,77],"card_choices":[{"not_picked":["hexamod:GhostOfSpirePast","hexamod:NecessarySacrifice"],"picked":"hexamod:GhostOfSpireFuture","floor":2},{"not_picked":["hexamod:GhostLash","hexamod:Hexaguard"],"picked":"hexamod:RainOfEmbers","floor":4},{"not_picked":["hexamod:EmpoweredFlame","hexamod:SwordOfDarkness"],"picked":"hexamod:SearingWound","floor":6},{"not_picked":["hexamod:ShieldOfDarkness","hexamod:SwordOfDarkness","hexamod:GhostLash"],"picked":"SKIP","floor":9},{"not_picked":["hexamod:ShieldOfDarkness","hexamod:SwordOfDarkness","hexamod:GhostLash"],"picked":"SKIP","floor":9},{"not_picked":["hexamod:FastForward","hexamod:GhostOfSpirePast","hexamod:NightmareStrike"],"picked":"SKIP","floor":13},{"not_picked":["hexamod:BurningTouch","hexamod:NightmareGuise","hexamod:GhostShield"],"picked":"SKIP","floor":14},{"not_picked":["hexamod:FastForward","hexamod:Again","hexamod:NightmareGuise"],"picked":"SKIP","floor":15},{"not_picked":["hexamod:TurnItUp","hexamod:TimeWarp"],"picked":"hexamod:VolcanoVisage","floor":16}],"player_experience":566851,"relics_obtained":[{"floor":2,"key":"Replay:Rubber Ducky"},{"floor":4,"key":"MagicDraw3"},{"floor":6,"key":"Replay:Mystery Machine"},{"floor":7,"key":"Dota2Spire:EtherealBlade"},{"floor":9,"key":"Strawberry"}],"event_choices":[],"is_beta":false,"boss_relics":[{"not_picked":["Sandwich","conspire:SeveredTorchhead"],"picked":"Cursed Key"}],"items_purged_floors":[0,0],"is_endless":false,"potions_floor_spawned":[2,4,9,13],"ascension_level":3}}