{"host":"xenpv6dj5x1yxp66","time":1608296487,"event":{"mods":["AchievementEnabler","Aspiration","BaseMod","Better Altar","Better Sensory Stone","Better Skull","Better Third Choice","BetterRewards","Colored Map","Colored Powertips","Conspire","Downfall","Highlight Path","Hubris","Marisa????????","Minty Spire (QoL Compilation)","Quick Restart","READ ME - Guardian Mod","Replay The Spire","Shade Mod","StSLib","The Animator","The Bug Knight","The Construct","The Cursed","The Disciple","The Necromancer","The Runesmith","The Servant 0.9.4"],"gold_per_floor":[110,128,303,315,78,110,110,128,199,231,241,351,370,386,386,485,485,500,520,95,107,123,123,141,141,141,154,154,164,164,11,11,109,109,124,137,183,183,193,224,224,242,242,242,242,259,309,13,13,13],"floor_reached":51,"playtime":2575,"items_purged":["Doubt"],"score":768,"play_id":"b2ccbb3b-1a47-49d2-a77b-27e3b670e518","local_time":"20201218140127","is_ascension_mode":false,"campfire_choices":[{"data":"JA","floor":7,"key":"SMITH"},{"data":"DC","floor":15,"key":"SMITH"},{"floor":23,"key":"REST"},{"data":"Apotheosis","floor":25,"key":"SMITH"},{"data":"FinalSpark","floor":32,"key":"SMITH"},{"data":"ManaRampage","floor":41,"key":"SMITH"},{"data":"MysteriousBeam","floor":44,"key":"SMITH"},{"data":"DoubleSpark","floor":49,"key":"SMITH"}],"circlet_count":0,"master_deck":["Strike_MRS+1","Strike_MRS+1","Strike_MRS+1","Strike_MRS+1","Defend_MRS+1","Defend_MRS+1","Defend_MRS+1","Defend_MRS+1","MasterSpark","UpSweep","JA+1","EarthLightRay","OrrerysSun","MysteriousBeam","NonDirectionalLaser","NonDirectionalLaser","EnergyFlow","AsteroidBelt","ChargingUp","MysteriousBeam+1","SporeBomb","EventHorizon","DoubleSpark+1","OortCloud","GalacticHalo","FinalSpark+1","DC+1","BlazingStar","ManaConvection","PulseMagic","Apotheosis+1","EarthLightRay","DoubleSpark+1","PowerUp+1","ManaRampage+1","DoubleSpark+1","DarkSpark+1","StarlightTyphoon+1","DoubleSpark+1","LuminesStrike+1"],"relics":["MiniHakkero","conspire:BottledYoYo","Eternal Feather","Mummified Hand","ExperimentalFamiliar","White Beast Statue","HornCleat","Anchor","aspiration:PoetsPen_weak","Gambling Chip","Replay:Rubber Ducky","Meat on the Bone","hubris:FunFungus","Lantern","Regal Pillow"],"acts_visited":["Exordium","TheCity","TheBeyond"],"potions_floor_usage":[10,10,16,33,33,40,50,50,50],"damage_taken":[{"damage":1,"enemies":"Jaw Worm","floor":1,"turns":4},{"damage":0,"enemies":"2 Louse","floor":2,"turns":1},{"damage":9,"enemies":"conspire:RoseBush","floor":4,"turns":3},{"damage":14,"enemies":"Gremlin Nob","floor":6,"turns":4},{"damage":6,"enemies":"Blue Slaver","floor":8,"turns":3},{"damage":18,"enemies":"3 Sentries","floor":10,"turns":4},{"damage":0,"enemies":"Looter","floor":11,"turns":1},{"damage":4,"enemies":"Exordium Thugs","floor":13,"turns":5},{"damage":0,"enemies":"2 Fungi Beasts","floor":14,"turns":1},{"damage":39,"enemies":"The Guardian","floor":16,"turns":10},{"damage":0,"enemies":"Chosen","floor":18,"turns":2},{"damage":12,"enemies":"Shell Parasite","floor":19,"turns":4},{"damage":28,"enemies":"Shelled Parasite and Fungi","floor":21,"turns":3},{"damage":32,"enemies":"Cultist and Chosen","floor":22,"turns":4},{"damage":12,"enemies":"Centurion and Healer","floor":24,"turns":5},{"damage":1,"enemies":"Snake Plant","floor":27,"turns":3},{"damage":0,"enemies":"3 Cultists","floor":29,"turns":3},{"damage":4,"enemies":"Pondfish","floor":33,"turns":7},{"damage":11,"enemies":"3 Shapes","floor":35,"turns":2},{"damage":0,"enemies":"3 Darklings","floor":36,"turns":2},{"damage":3,"enemies":"2 Orb Walkers","floor":37,"turns":3},{"damage":11,"enemies":"Maw","floor":39,"turns":3},{"damage":3,"enemies":"Giant Head","floor":40,"turns":4},{"damage":0,"enemies":"Sphere and 2 Shapes","floor":42,"turns":1},{"damage":22,"enemies":"Writhing Mass","floor":46,"turns":4},{"damage":0,"enemies":"Mind Bloom Boss Battle","floor":47,"turns":2},{"damage":24,"enemies":"Donu and Deca","floor":50,"turns":4}],"seed_played":"6889424953336641521","potions_obtained":[{"floor":2,"key":"AttackPotion"},{"floor":8,"key":"Energy Potion"},{"floor":11,"key":"Toxic Potion"},{"floor":13,"key":"SmokeBomb"},{"floor":16,"key":"Fire Potion"},{"floor":21,"key":"LifebloodPotion"},{"floor":33,"key":"Languid Potion"},{"floor":35,"key":"ColorlessPotion"},{"floor":39,"key":"Venom Potion"},{"floor":40,"key":"champ:CounterPotion"},{"floor":45,"key":"CultistPotion"},{"floor":45,"key":"Regen Potion"}],"is_trial":false,"path_per_floor":["M","M","?","M","$","E","R","M","T","E","M","?","M","M","R","B",null,"M","M","$","M","M","R","M","R","T","M","$","M","?","$","R","B",null,"M","M","?","?","M","E","R","M","T","R","?","M","?","$","R_BF","B",null],"character_chosen":"MARISA","items_purchased":["NonDirectionalLaser","EnergyFlow","AsteroidBelt","White Beast Statue","Apotheosis","Anchor","Lantern","Regal Pillow"],"campfire_rested":1,"item_purchase_floors":[5,5,5,20,20,31,48,48],"current_hp_per_floor":[74,75,75,66,66,56,56,54,54,40,40,40,36,40,55,20,75,75,63,63,39,11,51,43,61,61,60,60,68,68,68,75,71,75,64,68,69,69,58,61,75,75,75,75,75,53,53,53,75,56],"gold":13,"neow_bonus":"ONE_RANDOM_RARE_CARD","is_daily":false,"chose_seed":false,"campfire_upgraded":7,"win_rate":0.0,"timestamp":1608296487,"path_taken":["M","M","?","M","$","E","R","M","T","E","M","?","M","M","R","BOSS","M","M","$","M","M","R","M","R","T","M","$","M","?","$","R","BOSS","M","M","?","?","M","E","R","M","T","R","?","?","?","$","R_BF","BOSS"],"items_purchased_type":["Card","Card","Card","Relic","Card","Relic","Relic","Relic"],"build_version":"2020-12-13","purchased_purges":1,"victory":true,"max_hp_per_floor":[75,75,75,75,75,75,75,75,75,75,75,75,75,75,75,75,75,75,75,75,75,75,75,75,75,75,75,75,75,75,75,75,75,75,75,75,75,75,75,75,75,75,75,75,75,75,75,75,75,75],"card_choices":[{"not_picked":["Acceleration","PropBag"],"picked":"EarthLightRay","floor":1},{"not_picked":["UnstableBomb","LuminesStrike"],"picked":"OrrerysSun","floor":2},{"not_picked":["SporeBomb","GravityBeat"],"picked":"MysteriousBeam","floor":4},{"not_picked":["PowerUp","OneTimeOff"],"picked":"ChargingUp","floor":6},{"not_picked":["MilkyWay","IllusionStar"],"picked":"MysteriousBeam","floor":8},{"not_picked":["UltimateShortwave","6A"],"picked":"SporeBomb","floor":10},{"not_picked":["DC","DarkSpark"],"picked":"EventHorizon","floor":11},{"not_picked":["NonDirectionalLaser","LuminesStrike"],"picked":"DoubleSpark","floor":12},{"not_picked":["UnstableBomb","AlicesGift"],"picked":"OortCloud","floor":12},{"not_picked":["OneTimeOff","UnstableBomb"],"picked":"GalacticHalo","floor":12},{"not_picked":["MagicChant","DarkMatter"],"picked":"FinalSpark","floor":13},{"not_picked":["GrandCross","SporeBomb"],"picked":"DC","floor":14},{"not_picked":["JA","SatelliteIllusion"],"picked":"BlazingStar","floor":16},{"not_picked":["Orbital","Acceleration"],"picked":"ManaConvection","floor":18},{"not_picked":["6A","ShootingEcho+1"],"picked":"PulseMagic","floor":19},{"not_picked":["ShootingEcho","GalacticHalo"],"picked":"EarthLightRay","floor":21},{"not_picked":["IllusionStar","GravityBeat+1","StarlightTyphoon"],"picked":"SKIP","floor":22},{"not_picked":["DoubleSpark","ManaConvection","AsteroidBelt"],"picked":"SKIP","floor":24},{"not_picked":["LuminesStrike+1","IllusionStar+1"],"picked":"DoubleSpark+1","floor":27},{"not_picked":["Occultation","GrandCross"],"picked":"PowerUp+1","floor":29},{"not_picked":["TreasureHunter","BlazingStar"],"picked":"ManaRampage","floor":33},{"not_picked":["DoubleSpark","EventHorizon+1","EarthLightRay+1"],"picked":"SKIP","floor":35},{"not_picked":["OneTimeOff","PowerUp"],"picked":"DoubleSpark+1","floor":36},{"not_picked":["MachineGunSpark","UnstableBomb+1"],"picked":"DarkSpark+1","floor":37},{"not_picked":["GasGiant","MilkyWay"],"picked":"StarlightTyphoon+1","floor":39},{"not_picked":["GravityBeat","PropBag+1"],"picked":"DoubleSpark+1","floor":40},{"not_picked":["UnstableBomb","NonDirectionalLaser","GrandCross"],"picked":"SKIP","floor":42},{"not_picked":["ChargingUp+1","EnergyRecoil+1","6A"],"picked":"SKIP","floor":46},{"not_picked":["6A","Occultation+1"],"picked":"LuminesStrike+1","floor":47}],"player_experience":153439,"relics_obtained":[{"floor":6,"key":"conspire:BottledYoYo"},{"floor":9,"key":"Eternal Feather"},{"floor":10,"key":"Mummified Hand"},{"floor":26,"key":"HornCleat"},{"floor":37,"key":"Gambling Chip"},{"floor":40,"key":"Replay:Rubber Ducky"},{"floor":43,"key":"Meat on the Bone"},{"floor":47,"key":"hubris:FunFungus"}],"event_choices":[{"damage_healed":0,"gold_gain":175,"player_choice":"AGREE","damage_taken":128,"max_hp_gain":0,"max_hp_loss":0,"event_name":"betterThird:BetterSerpent","floor":3,"gold_loss":0},{"damage_healed":0,"gold_gain":0,"player_choice":"Simplicity","damage_taken":0,"max_hp_gain":0,"max_hp_loss":8,"event_name":"betterThird:BetterWriting","floor":30,"gold_loss":0},{"damage_healed":0,"gold_gain":0,"player_choice":"Fight","damage_taken":0,"max_hp_gain":0,"max_hp_loss":0,"event_name":"Mysterious Sphere","floor":37,"gold_loss":0},{"damage_healed":0,"gold_gain":3,"player_choice":"1","damage_taken":0,"max_hp_gain":0,"max_hp_loss":0,"event_name":"betterStone:BetterStone","floor":38,"gold_loss":0},{"damage_healed":0,"gold_gain":0,"player_choice":"Got Potions","damage_taken":0,"max_hp_gain":0,"max_hp_loss":0,"event_name":"Lab","floor":45,"gold_loss":0},{"damage_healed":0,"gold_gain":0,"player_choice":"Fight","damage_taken":0,"max_hp_gain":0,"max_hp_loss":0,"event_name":"MindBloom","floor":47,"gold_loss":0}],"is_beta":false,"boss_relics":[{"not_picked":["hubris:BlackHole","Runesmith:UraniumAnvil"],"picked":"ExperimentalFamiliar"},{"not_picked":["Pandora\u0027s Box","Replay:Wanted Poster"],"picked":"aspiration:PoetsPen_weak"}],"items_purged_floors":[5],"is_endless":false,"potions_floor_spawned":[2,8,11,13,16,21,22,24,27,29,33,35,36,37,39,40,42,46,47],"ascension_level":0}}