{"host":"55yei7x27djrlaep","time":1608292954,"event":{"mods":["Act Like it!","BaseMod","Better Third Choice","BetterRewards","Colored Map","Friendly Minions","GifTheSpireLib","Hermit","Infinite Spire","Marisa????????","Minty Spire (QoL Compilation)","Replay The Spire","StSLib","Stuff the Spire"],"gold_per_floor":[111,111,111,122,122,157,157,174,199,79,105,118,118,147,147,246,246,257,257,267,267,267,300,329,371,371,371,371,401,401,435,435,543,543,594,594,594,617,654,702,145,0,47,136,136,221,221,258,258,417,417,480,480,480,512,562,562,578,620,620,620,620,620,661,661,661,798,798,820,820,242,315,352,352,380,380,380,412,412,467,513,580,580,681,681,715,715,937,937,383,383,410,410,410,436,436,453,453,467,467,604,654,654],"floor_reached":102,"playtime":5209,"items_purged":["Pain","Defend_R","StuffTheSpire:GnomedCurse","Looming Evil","Sickly"],"score":2848,"play_id":"cfa049cb-6a34-4823-a365-14a883c78667","local_time":"20201218150234","is_ascension_mode":true,"campfire_choices":[{"floor":7.0,"key":"REST"},{"data":"ReplayTheSpireMod:Brewmster","floor":15.0,"key":"SMITH"},{"data":"Heavy Blade","floor":27.0,"key":"SMITH"},{"floor":32.0,"key":"REST"},{"floor":45.0,"key":"RECALL"},{"data":"Reaper","floor":47.0,"key":"SMITH"},{"data":"infinitespire:Punishment","floor":49.0,"key":"SMITH"},{"floor":57.0,"key":"REST"},{"data":"Replay:Many Hands","floor":62.0,"key":"SMITH"},{"data":"Eclipse","floor":62.0,"key":"SMITH"},{"data":"ReplayTheSpireMod:Faulty Equipment","floor":66.0,"key":"SMITH"},{"data":"Barricade","floor":66.0,"key":"SMITH"},{"data":"infinitespire:Menacing","floor":74,"key":"SMITH"},{"data":"Replay:Undeath\u0027s Touch","floor":74,"key":"SMITH"},{"data":"StuffTheSpire:Pyroclast","floor":79,"key":"SMITH"},{"data":"Whirlwind","floor":79,"key":"SMITH"},{"data":"StuffTheSpire:CopiaOfFamine","floor":83,"key":"SMITH"},{"data":"Flame Barrier","floor":83,"key":"SMITH"},{"data":"infinitespire:FutureSight","floor":91,"key":"SMITH"},{"data":"Replay:Fractal Strike","floor":91,"key":"SMITH"},{"data":"Shrug It Off","floor":93,"key":"SMITH"},{"data":"Whirlwind","floor":93,"key":"SMITH"},{"data":"infinitespire:Punishment","floor":100,"key":"SMITH"},{"data":"Bite","floor":100,"key":"SMITH"}],"circlet_count":1,"master_deck":["Defend_R","ReplayTheSpireMod:Brewmster+1","Rage","Uppercut+1","Whirlwind+1","Shrug It Off","Twin Strike","Heavy Blade+1","StuffTheSpire:Slingshot","Shrug It Off","Barricade+1","Sever Soul+1","StuffTheSpire:Incineration","Bite+1","Bite","Bite","Bite+1","Bite","Shrug It Off+1","Iron Wave+1","Shrug It Off+1","StuffTheSpire:CopiaOfFamine+1","Reaper+1","AbeCurse","CurseOfTheBell","ReplayTheSpireMod:Stacked+1","Heavy Blade+1","Eclipse+1","infinitespire:Punishment+1","Replay:Many Hands+1","Nirvana","Whirlwind+1","ReplayTheSpireMod:Splinters","Sever Soul","Wild Strike","Metallicize","Delirium","Doubt","Parasite","ReplayTheSpireMod:Splinters","Limit Break+1","infinitespire:Menacing+1","Flame Barrier+1","Parasite","Replay:Undeath\u0027s Touch+1","Languid","StuffTheSpire:Pyroclast+1","Exhume+1","Double Tap+1","Hemogenesis+1","infinitespire:FutureSight+1","Replay:Fractal Strike+1","Wraith","Amnesia","Wraith","Defy Death+1","infinitespire:Punishment+1","StuffTheSpire:GnomedCurse","Massacre+1","Looming Evil","Reaper+1"],"relics":["StuffTheSpire:OccultApparatus","Sling","infinitespire:Cubic Diamond","WarpedTongs","Art of War","Replay:Mystery Machine","Odd Mushroom","Ooze Armor","betterThird:NestCultRelic","Replay:Bandana","Whetstone","Sundial","Replay:Grab Bag","StuffTheSpire:RunicConfusion","Abe\u0027s Treasure","StuffTheSpire:Kangaroo","Calling Bell","Anchor","Gremlin Horn","Ginger","ReplayTheSpireMod:Ring of Collecting","Ring of Fury","StuffTheSpire:GreaterSneckoEye","ReplayTheSpireMod:Shallot","StuffTheSpire:Mouthbags","Lee\u0027s Waffle","Replay:Rubber Ducky","Red Mask","ReplayTheSpireMod:Ring of Challenge","Vajra","Centennial Puzzle","Ornamental Fan","infinitespire:Cupcake","Juzu Bracelet","Mango","Paper Frog","StuffTheSpire:Nightcore","Orichalcum","Ring of Greed","MealTicket","Golden Egg","Replay:Arrowhead","Blue Candle","Philosopher\u0027s Stone","Calipers","ClockworkSouvenir","Circlet","StuffTheSpire:OldFever","InkBottle","Ring of Misfortune","FossilizedHelix","Pet Ghost","StuffTheSpire:Barrel","Replay:Bronze Core","Replay:Lucky Slots","Letter Opener","infinitespire:PuzzleCube","Oddly Smooth Stone","ReplayTheSpireMod:Ring of Exchange","Bag of Marbles","infinitespire:Lucky Rock","Nunchaku","Tiny House"],"acts_visited":["TheCity","TheBeyond","Exordium","TheCity","TheBeyond","Exordium"],"potions_floor_usage":[69,75,81,97,99],"damage_taken":[{"damage":23.0,"enemies":"Jaw Worm","floor":1.0,"turns":4.0},{"damage":5.0,"enemies":"Small Slimes","floor":4.0,"turns":5.0},{"damage":8.0,"enemies":"Lagavulin","floor":6.0,"turns":6.0},{"damage":4.0,"enemies":"Cultist","floor":8.0,"turns":3.0},{"damage":4.0,"enemies":"Gremlin Nob","floor":11.0,"turns":3.0},{"damage":10.0,"enemies":"Red Slaver","floor":12.0,"turns":2.0},{"damage":6.0,"enemies":"The Mushroom Lair","floor":14.0,"turns":2.0},{"damage":26.0,"enemies":"The Guardian","floor":16.0,"turns":11.0},{"damage":0.0,"enemies":"Chosen","floor":18.0,"turns":4.0},{"damage":15.0,"enemies":"Shell Parasite","floor":20.0,"turns":5.0},{"damage":20.0,"enemies":"Nightmare","floor":23.0,"turns":6.0},{"damage":31.0,"enemies":"Sentry and Sphere","floor":24.0,"turns":6.0},{"damage":15.0,"enemies":"Replay:Snechameleon","floor":25.0,"turns":5.0},{"damage":0.0,"enemies":"Centurion and Healer","floor":29.0,"turns":7.0},{"damage":10.0,"enemies":"Chosen and Byrds","floor":31.0,"turns":7.0},{"damage":1.0,"enemies":"Champ","floor":33.0,"turns":10.0},{"damage":34.0,"enemies":"3 Shapes","floor":35.0,"turns":6.0},{"damage":17.0,"enemies":"3 Darklings","floor":38.0,"turns":4.0},{"damage":13.0,"enemies":"4 Shapes","floor":39.0,"turns":3.0},{"damage":0.0,"enemies":"R_Hoarder","floor":40.0,"turns":4.0},{"damage":0.0,"enemies":"Giant Head","floor":44.0,"turns":4.0},{"damage":19.0,"enemies":"Maw","floor":46.0,"turns":3.0},{"damage":0.0,"enemies":"Nightmare","floor":48.0,"turns":4.0},{"damage":14.0,"enemies":"Time Eater","floor":50.0,"turns":6.0},{"damage":2.0,"enemies":"2 Louse","floor":52.0,"turns":2.0},{"damage":0.0,"enemies":"Jaw Worm","floor":58.0,"turns":1.0},{"damage":0.0,"enemies":"3 Sentries","floor":59.0,"turns":2.0},{"damage":1.0,"enemies":"Gremlin Nob","floor":64.0,"turns":2.0},{"damage":4.0,"enemies":"The Guardian","floor":67.0,"turns":4.0},{"damage":1,"enemies":"3 Byrds","floor":69,"turns":4},{"damage":8,"enemies":"Masked Bandits","floor":72,"turns":2},{"damage":30,"enemies":"2 Thieves","floor":73,"turns":3},{"damage":6,"enemies":"Gremlin Leader","floor":75,"turns":4},{"damage":0,"enemies":"Book of Stabbing","floor":78,"turns":3},{"damage":0,"enemies":"Snecko","floor":80,"turns":2},{"damage":0,"enemies":"Shelled Parasite and Fungi","floor":81,"turns":2},{"damage":5,"enemies":"Nightmare","floor":82,"turns":4},{"damage":0,"enemies":"Champ","floor":84,"turns":4},{"damage":0,"enemies":"3 Shapes","floor":86,"turns":2},{"damage":0,"enemies":"R_Hoarder","floor":92,"turns":2},{"damage":0,"enemies":"3 Darklings","floor":95,"turns":2},{"damage":64,"enemies":"Nightmare","floor":97,"turns":4},{"damage":0,"enemies":"Maw","floor":99,"turns":3},{"damage":12,"enemies":"infinitespire:MassOfShapes","floor":101,"turns":3}],"seed_played":"9038027683555317795","potions_obtained":[{"floor":4.0,"key":"FearPotion"},{"floor":6.0,"key":"Elixir"},{"floor":11.0,"key":"Dexterity Potion"},{"floor":16.0,"key":"Energy Potion"},{"floor":18.0,"key":"Adrenaline Potion"},{"floor":25.0,"key":"DistilledChaos"},{"floor":35.0,"key":"infinitespire:BlackPotion"},{"floor":39.0,"key":"ColorlessPotion"},{"floor":46.0,"key":"DistilledChaos"},{"floor":52.0,"key":"SteroidPotion"},{"floor":54.0,"key":"Adrenaline Potion"},{"floor":64.0,"key":"FairyPotion"},{"floor":72,"key":"Toxic Potion"},{"floor":75,"key":"Death Potion"},{"floor":84,"key":"Fire Potion"},{"floor":101,"key":"Explosive Potion"}],"is_trial":false,"path_per_floor":["M","AVR","?","M","?","E","R","M","T","$","E","M","$","?","R","B",null,"M","?","M","?","?","NM","M","E","T","R","?","M","?","M","R_BF","B",null,"M","?","?","M","M","E","$","?","T","E","R","M","R","NM","R","B",null,"M","?","?","?","T","R","M","E","T","?","R","?","E","?","R","B",null,"M","?","$","?","M","R","E","?","T","E","R","M","M","NM","R_BF","B",null,"M","AVR","?","?","$","R","E","R","T","M","?","NM","?","M","R_BF","B",null],"character_chosen":"IRONCLAD","items_purchased":["Twin Strike","StuffTheSpire:Mouthbags","Lee\u0027s Waffle","Replay:Rubber Ducky","Calipers","ClockworkSouvenir","Letter Opener","infinitespire:PuzzleCube"],"campfire_rested":3,"item_purchase_floors":[10,41,41,41,71,71,90,90],"current_hp_per_floor":[39,39,39,34,34,26,50,46,46,46,42,32,32,26,26,31,80,80,80,65,65,56,45,32,28,28,28,8,23,14,19,37,51,61,41,41,21,10,4,39,68,68,68,68,68,49,49,58,58,62,68,66,43,43,23,23,47,47,49,49,49,49,42,41,41,41,41,82,82,82,82,77,51,51,80,64,64,64,64,66,66,83,83,87,87,87,87,87,87,87,87,87,87,87,87,66,24,24,32,32,22,92,92],"gold":654,"neow_bonus":"RANDOM_COLORLESS_2","is_daily":false,"chose_seed":false,"campfire_upgraded":20,"win_rate":0.0,"timestamp":1608292954,"path_taken":["M","AVR","?","M","?","E","R","M","T","$","E","?","?","?","R","BOSS","M","?","M","?","?","NM","M","E","T","R","?","?","?","M","R_BF","BOSS","M","?","?","M","?","E","?","?","T","E","R","M","R","NM","R","BOSS","M","?","?","?","?","R","M","E","T","?","R","?","E","?","R","BOSS","BOSS","M","?","$","?","M","R","E","?","T","E","R","M","M","NM","R_BF","BOSS","M","AVR","?","?","$","R","E","R","T","M","?","NM","?","M","R_BF","BOSS"],"items_purchased_type":["Card","Relic","Relic","Relic","Relic","Relic","Relic","Relic"],"build_version":"2020-12-13","purchased_purges":5,"victory":false,"max_hp_per_floor":[80,80,80,80,80,80,80,80,80,80,80,80,80,80,80,80,80,80,80,80,80,56,56,56,56,56,56,56,56,61,61,61,61,61,61,61,61,61,61,61,68,68,68,68,68,68,68,68,68,68,68,68,82,82,82,82,82,82,82,82,82,82,82,82,82,82,82,82,82,82,82,82,82,82,82,87,87,87,87,87,87,87,87,87,87,87,87,87,87,87,87,87,87,87,87,87,87,87,87,87,87,92,92],"card_choices":[{"not_picked":["Transmutation","Crow Ritual"],"picked":"ReplayTheSpireMod:Brewmster","floor":0.0},{"not_picked":["Headbutt","ReplayReversal"],"picked":"Rage","floor":1.0},{"not_picked":["StuffTheSpire:RockThrow","Flex"],"picked":"Uppercut","floor":4.0},{"not_picked":["True Grit","Flex"],"picked":"Whirlwind","floor":6.0},{"not_picked":["ReplayReversal","Clash"],"picked":"Shrug It Off","floor":8.0},{"not_picked":["Rupture","Thunderclap"],"picked":"Heavy Blade","floor":11.0},{"not_picked":["Twin Strike","Hemokinesis"],"picked":"StuffTheSpire:Slingshot","floor":12.0},{"not_picked":["Whirlwind","Rage"],"picked":"Shrug It Off","floor":14.0},{"not_picked":["StuffTheSpire:TitanForm","Bludgeon"],"picked":"Barricade","floor":16.0},{"not_picked":["Pommel Strike","Second Wind+1"],"picked":"Sever Soul+1","floor":18.0},{"not_picked":["Shockwave+1","Armaments"],"picked":"StuffTheSpire:Incineration","floor":20.0},{"not_picked":["Perfected Strike","Rage"],"picked":"Shrug It Off","floor":23.0},{"not_picked":["Shrug It Off","ReplayTheSpireMod:Muscle Training"],"picked":"Iron Wave+1","floor":24.0},{"not_picked":["Dual Wield+1","Thunderclap"],"picked":"Shrug It Off","floor":25.0},{"not_picked":["Clash","StuffTheSpire:Incineration+1","Iron Wave"],"picked":"SKIP","floor":29.0},{"not_picked":["StuffTheSpire:Resist","Burning Pact"],"picked":"Metallicize","floor":31.0},{"not_picked":["Berserk","Brutality"],"picked":"Reaper","floor":33.0},{"not_picked":["Pommel Strike","StuffTheSpire:RockThrow","Cleave+1"],"picked":"SKIP","floor":35.0},{"not_picked":["Dual Wield","Life Link"],"picked":"ReplayTheSpireMod:Stacked+1","floor":38.0},{"not_picked":["Body Slam","StuffTheSpire:RockThrow+1","ReplayTheSpireMod:LeadingStrike"],"picked":"SKIP","floor":39.0},{"not_picked":["Corruption","Thunderclap","Evolve+1"],"picked":"SKIP","floor":40.0},{"not_picked":["Corruption","Thunderclap","Evolve+1"],"picked":"SKIP","floor":40.0},{"not_picked":["Warcry+1","Spot Weakness"],"picked":"Heavy Blade+1","floor":44.0},{"not_picked":["Iron Wave+1","Thunderclap","StuffTheSpire:Incineration+1"],"picked":"SKIP","floor":46.0},{"not_picked":["ReplayTheSpireMod:LeadingStrike","Entrench"],"picked":"Eclipse","floor":48.0},{"not_picked":["infinitespire:Gouge","infinitespire:DeathsTouch"],"picked":"infinitespire:Punishment","floor":48.0},{"not_picked":["Eclipse","Impervious"],"picked":"Replay:Many Hands","floor":50.0},{"not_picked":["Iron Wave","Searing Blow","Anger"],"picked":"SKIP","floor":52.0},{"not_picked":["Evolve","Armaments"],"picked":"Whirlwind","floor":55.0},{"not_picked":["Shrug It Off","Spot Weakness","Reckless Charge"],"picked":"SKIP","floor":58.0},{"not_picked":["Evolve","Flex","Havoc"],"picked":"SKIP","floor":59.0},{"not_picked":["StuffTheSpire:RockThrow","ReplayTheSpireMod:Muscle Training"],"picked":"Sever Soul","floor":64.0},{"not_picked":["Berserk","Demon Form"],"picked":"Limit Break","floor":67},{"not_picked":["ReplayTheSpireMod:Echoes of Time","infinitespire:DeathsTouch"],"picked":"infinitespire:Menacing","floor":68},{"not_picked":["Iron Wave","Spot Weakness"],"picked":"Flame Barrier","floor":69},{"not_picked":["Shrug It Off","Body Slam"],"picked":"Replay:Undeath\u0027s Touch","floor":72},{"not_picked":["Run Through","Thunderclap","True Grit"],"picked":"SKIP","floor":73},{"not_picked":["Thunderclap","Clash"],"picked":"StuffTheSpire:Pyroclast","floor":75},{"not_picked":["Life Link","Wild Strike+1","Carnage+1"],"picked":"SKIP","floor":78},{"not_picked":["Whirlwind","Clash"],"picked":"Exhume","floor":80},{"not_picked":["Anger","Flex","Clothesline+1"],"picked":"SKIP","floor":81},{"not_picked":["Havoc","Evolve"],"picked":"Double Tap","floor":82},{"not_picked":["Fiend Fire","Juggernaut"],"picked":"Hemogenesis","floor":84},{"not_picked":["Heavy Blade","StuffTheSpire:Incineration","Shrug It Off+1"],"picked":"SKIP","floor":86},{"not_picked":["Defy Death+1","Run Through+1","Warcry"],"picked":"SKIP","floor":92},{"not_picked":["Run Through+1","Warcry"],"picked":"Defy Death+1","floor":92},{"not_picked":["Thunderclap","Armaments+1","Hemokinesis"],"picked":"SKIP","floor":95},{"not_picked":["ReplayTheSpireMod:Echoes of Time","infinitespire:UltimateForm"],"picked":"infinitespire:Punishment","floor":96},{"not_picked":["Double Tap","Massacre+1","StuffTheSpire:RockThrow+1"],"picked":"SKIP","floor":97},{"not_picked":["Double Tap","StuffTheSpire:RockThrow+1"],"picked":"Massacre+1","floor":97},{"not_picked":["Life Link","Sword Boomerang","Armaments"],"picked":"SKIP","floor":99},{"not_picked":["Bludgeon","Fiend Fire"],"picked":"Reaper","floor":101}],"player_experience":331099,"relics_obtained":[{"floor":6.0,"key":"Art of War"},{"floor":11.0,"key":"Replay:Mystery Machine"},{"floor":14.0,"key":"Odd Mushroom"},{"floor":23.0,"key":"Replay:Bandana"},{"floor":25.0,"key":"Whetstone"},{"floor":26.0,"key":"Sundial"},{"floor":34.0,"key":"Anchor"},{"floor":34.0,"key":"Gremlin Horn"},{"floor":34.0,"key":"Ginger"},{"floor":36.0,"key":"ReplayTheSpireMod:Ring of Collecting"},{"floor":36.0,"key":"Ring of Fury"},{"floor":37.0,"key":"StuffTheSpire:GreaterSneckoEye"},{"floor":40.0,"key":"ReplayTheSpireMod:Shallot"},{"floor":43.0,"key":"ReplayTheSpireMod:Ring of Challenge"},{"floor":43.0,"key":"Vajra"},{"floor":44.0,"key":"Centennial Puzzle"},{"floor":48.0,"key":"Ornamental Fan"},{"floor":52.0,"key":"Juzu Bracelet"},{"floor":55.0,"key":"StuffTheSpire:Nightcore"},{"floor":56.0,"key":"Orichalcum"},{"floor":56.0,"key":"Ring of Greed"},{"floor":56.0,"key":"MealTicket"},{"floor":56.0,"key":"Golden Egg"},{"floor":59.0,"key":"Replay:Arrowhead"},{"floor":64.0,"key":"Blue Candle"},{"floor":72,"key":"Circlet"},{"floor":73,"key":"StuffTheSpire:OldFever"},{"floor":75,"key":"InkBottle"},{"floor":77,"key":"Ring of Misfortune"},{"floor":77,"key":"FossilizedHelix"},{"floor":78,"key":"Pet Ghost"},{"floor":82,"key":"StuffTheSpire:Barrel"},{"floor":92,"key":"Oddly Smooth Stone"},{"floor":94,"key":"ReplayTheSpireMod:Ring of Exchange"},{"floor":94,"key":"Bag of Marbles"},{"floor":95,"key":"infinitespire:Lucky Rock"},{"floor":97,"key":"Nunchaku"}],"event_choices":[{"damage_healed":0.0,"max_hp_gain":0.0,"max_hp_loss":0.0,"gold_gain":0.0,"event_name":"Accursed Blacksmith","player_choice":"Rummage","floor":5.0,"gold_loss":0.0,"damage_taken":0.0,"relics_obtained":["WarpedTongs"],"cards_obtained":["Pain"]},{"damage_healed":0.0,"max_hp_gain":0.0,"max_hp_loss":0.0,"gold_gain":0.0,"event_name":"Mushrooms","player_choice":"Fought Mushrooms","floor":14.0,"gold_loss":0.0,"damage_taken":0.0},{"damage_healed":0.0,"max_hp_gain":0.0,"max_hp_loss":0.0,"gold_gain":0.0,"event_name":"betterThird:BetterNest","player_choice":"Madness","floor":21.0,"gold_loss":0.0,"damage_taken":0.0,"relics_obtained":["betterThird:NestCultRelic"]},{"damage_healed":0.0,"max_hp_gain":0.0,"max_hp_loss":24.0,"gold_gain":0.0,"event_name":"Vampires","player_choice":"Became a vampire","floor":22.0,"gold_loss":0.0,"damage_taken":0.0,"cards_obtained":["Bite","Bite","Bite","Bite","Bite"]},{"damage_healed":0.0,"max_hp_gain":5.0,"max_hp_loss":0.0,"gold_gain":0.0,"event_name":"Forgotten Altar","player_choice":"Shed Blood","floor":30.0,"gold_loss":0.0,"damage_taken":14.0},{"damage_healed":0.0,"max_hp_gain":0.0,"max_hp_loss":0.0,"gold_gain":0.0,"event_name":"Tomb of Lord Red Mask","player_choice":"Paid","floor":42.0,"gold_loss":145.0,"damage_taken":0.0,"relics_obtained":["Red Mask"]},{"damage_healed":0.0,"max_hp_gain":0.0,"max_hp_loss":0.0,"gold_gain":1.0,"event_name":"betterThird:BetterScrap","player_choice":"Relic Relic Card ","floor":53.0,"gold_loss":0.0,"damage_taken":37.0,"cards_obtained":["Nirvana","Atom Bomb"]},{"damage_healed":0.0,"max_hp_gain":0.0,"max_hp_loss":0.0,"gold_gain":0.0,"event_name":"Lab","player_choice":"Got Potions","floor":54.0,"gold_loss":0.0,"damage_taken":0.0},{"cards_removed":["Defend_R"],"damage_healed":0.0,"max_hp_gain":0.0,"max_hp_loss":0.0,"gold_gain":0.0,"event_name":"Golden Wing","player_choice":"Card Removal","floor":63.0,"gold_loss":0.0,"damage_taken":7.0},{"damage_healed":0.0,"max_hp_gain":0.0,"max_hp_loss":0.0,"gold_gain":0.0,"cards_transformed":["Defend_R"],"event_name":"Transmorgrifier","player_choice":"Transformed","floor":65.0,"gold_loss":0.0,"damage_taken":0.0,"cards_obtained":["Wild Strike"]},{"damage_healed":0,"gold_gain":0,"player_choice":"Fought Bandits","damage_taken":0,"max_hp_gain":0,"max_hp_loss":0,"event_name":"Masked Bandits","floor":72,"gold_loss":0},{"damage_healed":0,"gold_gain":0,"player_choice":"Shed Blood","damage_taken":21,"max_hp_gain":5,"max_hp_loss":0,"event_name":"Forgotten Altar","floor":76,"gold_loss":0},{"damage_healed":0,"gold_gain":222,"player_choice":"Wore Mask","damage_taken":0,"max_hp_gain":0,"max_hp_loss":0,"event_name":"Tomb of Lord Red Mask","floor":88,"gold_loss":0},{"damage_healed":0,"gold_gain":0,"player_choice":"Ignored","damage_taken":0,"max_hp_gain":0,"max_hp_loss":0,"event_name":"OrinTheCat","floor":89,"gold_loss":0},{"cards_removed":["Bash"],"damage_healed":0,"gold_gain":0,"player_choice":"Removed Attack","damage_taken":0,"max_hp_gain":0,"max_hp_loss":0,"event_name":"Falling","floor":98,"gold_loss":0}],"is_beta":false,"boss_relics":[{"not_picked":["Painkiller Herb","Black Star"],"picked":"Ooze Armor"},{"not_picked":["Replay:Wanted Poster","Honey Jar"],"picked":"Replay:Grab Bag"},{"not_picked":["StuffTheSpire:ModemDavis","Electric Blood"],"picked":"StuffTheSpire:RunicConfusion"},{"not_picked":["Coffee Dripper","ChewingGum"],"picked":"Abe\u0027s Treasure"},{"not_picked":["Replay:Drink Me","ReplayTheSpireMod:SealedPack"],"picked":"StuffTheSpire:Kangaroo"},{"not_picked":["Pandora\u0027s Box","StuffTheSpire:RunicHypercube"],"picked":"Calling Bell"},{"not_picked":["Replay:Ancient Bell","Cursed Key"],"picked":"infinitespire:Cupcake"},{"not_picked":["Runic Dome","SlaversCollar"],"picked":"Philosopher\u0027s Stone"},{"not_picked":["StuffTheSpire:RunicHypercube","Kintsugi"],"picked":"Replay:Bronze Core"},{"not_picked":["Cauldron","Runic Pyramid"],"picked":"Tiny House"}],"items_purged_floors":[10,41,71,87,90],"is_endless":true,"potions_floor_spawned":[4,6,11,16,18,20,25,35,39,46,52,64,72,75,84,95,101],"ascension_level":3}}