{"host":"d8hh7rr4yzitjeuj","time":1608270068,"event":{"mods":["2.2 Compatiblity","AchievementEnabler","BaseMod","CapriCore","Colored Map","Colored Powertips","Highlight Path","Keyboard Shortcuts","Minty Spire (QoL Compilation)","Permanent Neow","Quick Restart","StSLib","SuperFastMode"],"gold_per_floor":[114,189,200,210,221,221,221,24,48,58,69,87,87,106,106,106,106],"floor_reached":16,"playtime":464,"items_purged":[],"score":192,"play_id":"67dccdd0-74d0-48e9-b002-e855758099e1","local_time":"20201218144108","is_ascension_mode":true,"campfire_choices":[{"data":"Sunder","floor":6.0,"key":"SMITH"},{"data":"Self Repair","floor":13.0,"key":"SMITH"},{"data":"Go for the Eyes","floor":15,"key":"SMITH"}],"circlet_count":0,"master_deck":["AscendersBane","Strike_B","Strike_B","Strike_B","Strike_B","Defend_B","Defend_B","Defend_B","Defend_B","Zap","Dualcast","Sunder+1","Steam Power","Beam Cell","Rebound","Mayhem","Self Repair+1","Reinforced Body","Hello World","Go for the Eyes+1"],"relics":["Coffee Dripper","InkBottle","Dream Catcher"],"acts_visited":["Exordium"],"potions_floor_usage":[],"damage_taken":[{"damage":7.0,"enemies":"Jaw Worm","floor":1.0,"turns":3.0},{"damage":0.0,"enemies":"Small Slimes","floor":3.0,"turns":1.0},{"damage":1.0,"enemies":"Cultist","floor":4.0,"turns":4.0},{"damage":23.0,"enemies":"Exordium Wildlife","floor":5.0,"turns":5.0},{"damage":9.0,"enemies":"Gremlin Gang","floor":10.0,"turns":3.0},{"damage":12.0,"enemies":"3 Louse","floor":11.0,"turns":4.0},{"damage":0.0,"enemies":"Red Slaver","floor":12.0,"turns":1.0},{"damage":7,"enemies":"Exordium Wildlife","floor":14,"turns":4},{"damage":12,"enemies":"The Guardian","floor":16,"turns":9}],"seed_played":"7439964676739970643","potions_obtained":[{"floor":1.0,"key":"GamblersBrew"},{"floor":3.0,"key":"SkillPotion"},{"floor":4.0,"key":"Dexterity Potion"}],"is_trial":false,"path_per_floor":["M","?","M","M","M","R","T","$","T","M","M","M","R","M","R","B"],"character_chosen":"DEFECT","items_purchased":["Mayhem"],"campfire_rested":0,"item_purchase_floors":[8],"current_hp_per_floor":[57,46,46,45,22,22,22,22,22,13,8,8,8,11,11,0,0],"gold":106,"neow_bonus":"BOSS_RELIC","is_daily":false,"chose_seed":false,"campfire_upgraded":3,"win_rate":0.0,"timestamp":1608270068,"path_taken":["M","?","M","M","M","R","?","$","T","M","M","M","R","M","R","BOSS"],"items_purchased_type":["Card"],"build_version":"2020-12-13","purchased_purges":0,"victory":false,"max_hp_per_floor":[71,71,71,71,71,71,71,71,71,71,71,71,71,71,71,71,71],"card_choices":[{"not_picked":["Reinforced Body","Turbo"],"picked":"Sunder","floor":1.0},{"not_picked":["Static Discharge","Loop"],"picked":"Steam Power","floor":3.0},{"not_picked":["Blizzard","Streamline"],"picked":"Beam Cell","floor":4.0},{"not_picked":["Barrage","Conserve Battery"],"picked":"Rebound","floor":5.0},{"not_picked":["Reboot","Storm"],"picked":"Self Repair","floor":10.0},{"not_picked":["Hologram","Leap"],"picked":"Reinforced Body","floor":11.0},{"not_picked":["Rebound","Ball Lightning"],"picked":"Hello World","floor":12.0},{"not_picked":["Steam","Leap"],"picked":"Go for the Eyes","floor":14}],"player_experience":1358718,"relics_obtained":[{"floor":7.0,"key":"InkBottle"},{"floor":9.0,"key":"Dream Catcher"}],"event_choices":[{"damage_healed":0.0,"max_hp_gain":0.0,"max_hp_loss":0.0,"gold_gain":75.0,"event_name":"World of Goop","player_choice":"Gather Gold","floor":2.0,"gold_loss":0.0,"damage_taken":11.0}],"is_beta":false,"boss_relics":[],"items_purged_floors":[],"is_endless":false,"potions_floor_spawned":[1,3,4],"killed_by":"The Guardian","ascension_level":20}}