{"host":"15dd7v8o90xso62x","time":1608295906,"event":{"mods":["BaseMod","Minty Spire (QoL Compilation)","Quick Restart","StSLib"],"gold_per_floor":[19,19,169,38,50,79,79,94,164,164,195,195,219,234,234,330,330,350,250,271,100,116,116,116,116,141,141,141,159,159,159],"floor_reached":30,"playtime":715,"items_purged":["Doubt","Strike_G"],"score":476,"play_id":"ec2f0430-6aa5-4530-a58c-3780cc5ddd98","local_time":"20201218215146","is_ascension_mode":true,"campfire_choices":[{"data":"Terror","floor":7,"key":"SMITH"},{"floor":15,"key":"REST"},{"data":"Glass Knife","floor":23,"key":"SMITH"},{"data":"Tactician","floor":25,"key":"SMITH"},{"data":"Acrobatics","floor":27,"key":"SMITH"}],"circlet_count":0,"master_deck":["AscendersBane","Strike_G","Strike_G","Strike_G","Defend_G","Defend_G","Defend_G","Defend_G","Defend_G","Survivor","Neutralize","Blade Dance","Blade Dance","Terror+1","Acrobatics+1","Glass Knife+1","Tactician+1","Blur","Calculated Gamble"],"relics":["Ring of the Snake","Tough Bandages","Regal Pillow","HornCleat","Shuriken","Golden Idol","HoveringKite","Sling","Strawberry"],"acts_visited":["Exordium","TheCity"],"potions_floor_usage":[11,16,16,30],"damage_taken":[{"damage":0.0,"enemies":"Jaw Worm","floor":1.0,"turns":4.0},{"damage":0,"enemies":"2 Louse","floor":5,"turns":2},{"damage":22,"enemies":"Lagavulin","floor":6,"turns":7},{"damage":3,"enemies":"Small Slimes","floor":8,"turns":4},{"damage":15,"enemies":"3 Sentries","floor":11,"turns":8},{"damage":0,"enemies":"Blue Slaver","floor":13,"turns":3},{"damage":0,"enemies":"Red Slaver","floor":14,"turns":3},{"damage":18,"enemies":"Slime Boss","floor":16,"turns":8},{"damage":19,"enemies":"2 Thieves","floor":18,"turns":3},{"damage":10,"enemies":"Spheric Guardian","floor":20,"turns":4},{"damage":5,"enemies":"Snake Plant","floor":22,"turns":4},{"damage":21,"enemies":"Cultist and Chosen","floor":29,"turns":7},{"damage":12,"enemies":"Slavers","floor":30,"turns":1}],"seed_played":"7377439893267067639","potions_obtained":[{"floor":6,"key":"SpeedPotion"},{"floor":8,"key":"SkillPotion"},{"floor":11,"key":"ColorlessPotion"},{"floor":14,"key":"AttackPotion"},{"floor":29,"key":"PowerPotion"}],"is_trial":false,"path_per_floor":["M","?","?","$","M","E","R","M","T","?","E","?","M","M","R","B",null,"M","$","M","$","M","R","$","R","T","R","?","M","E"],"character_chosen":"THE_SILENT","items_purchased":["Blade Dance","Sling"],"campfire_rested":1,"item_purchase_floors":[4,21],"current_hp_per_floor":[59,59,59,59,59,37,37,34,34,56,41,18,18,18,52,34,58,39,39,29,29,24,24,24,24,31,31,31,10,0,0],"gold":159,"neow_bonus":"ONE_RARE_RELIC","is_daily":false,"chose_seed":false,"campfire_upgraded":4,"win_rate":0.0,"timestamp":1608295906,"path_taken":["M","?","?","$","M","E","R","M","T","?","E","?","M","M","R","BOSS","M","$","M","$","M","R","$","R","T","R","?","M","E"],"items_purchased_type":["Card","Relic"],"build_version":"2020-12-13","purchased_purges":2,"victory":false,"max_hp_per_floor":[66,66,66,66,66,66,66,66,66,66,66,66,66,66,66,66,66,66,66,66,66,66,66,66,66,73,73,73,73,73,73],"card_choices":[{"not_picked":["Underhanded Strike","Dagger Throw"],"picked":"Blade Dance","floor":1.0},{"not_picked":["Prepared","Bane"],"picked":"Terror","floor":5},{"not_picked":["Expertise","PiercingWail","Slice"],"picked":"SKIP","floor":6},{"not_picked":["Bane","Dagger Throw","Catalyst"],"picked":"SKIP","floor":8},{"not_picked":["Deadly Poison","Predator","Bane"],"picked":"SKIP","floor":11},{"not_picked":["Underhanded Strike","Terror"],"picked":"Acrobatics","floor":13},{"not_picked":["Acrobatics","Backflip","Expertise"],"picked":"SKIP","floor":14},{"not_picked":["Corpse Explosion","Wraith Form v2"],"picked":"Glass Knife","floor":16},{"not_picked":["Underhanded Strike","Acrobatics","Dash"],"picked":"SKIP","floor":18},{"not_picked":["Dodge and Roll","Deadly Poison+1"],"picked":"Tactician","floor":20},{"not_picked":["Outmaneuver","Blade Dance"],"picked":"Blur","floor":22},{"not_picked":["Sucker Punch","Dagger Throw"],"picked":"Calculated Gamble","floor":29}],"player_experience":923173,"relics_obtained":[{"floor":6,"key":"Regal Pillow"},{"floor":9,"key":"HornCleat"},{"floor":11,"key":"Shuriken"},{"floor":26,"key":"Strawberry"}],"event_choices":[{"cards_removed":["Strike_G"],"damage_healed":0,"gold_gain":0,"player_choice":"Forget","damage_taken":0,"max_hp_gain":0,"max_hp_loss":0,"event_name":"Living Wall","floor":2,"gold_loss":0},{"damage_healed":0,"gold_gain":150,"player_choice":"AGREE","damage_taken":0,"max_hp_gain":0,"max_hp_loss":0,"event_name":"Liars Game","floor":3,"gold_loss":0,"cards_obtained":["Doubt"]},{"damage_healed":22,"gold_gain":0,"player_choice":"Banana","damage_taken":0,"max_hp_gain":0,"max_hp_loss":0,"event_name":"Big Fish","floor":10,"gold_loss":0},{"damage_healed":0,"gold_gain":0,"player_choice":"Take Damage","damage_taken":23,"relics_obtained":["Golden Idol"],"max_hp_gain":0,"max_hp_loss":0,"event_name":"Golden Idol","floor":12,"gold_loss":0},{"damage_healed":0,"gold_gain":0,"player_choice":"Ignored","damage_taken":0,"max_hp_gain":0,"max_hp_loss":0,"event_name":"The Mausoleum","floor":28,"gold_loss":0}],"is_beta":false,"boss_relics":[{"not_picked":["SacredBark","Fusion Hammer"],"picked":"HoveringKite"}],"items_purged_floors":[4,19],"is_endless":false,"potions_floor_spawned":[6,8,11,14,29],"killed_by":"Slavers","ascension_level":20}}