{"host":"dvpvhz1t6etneyb3","time":1608326162,"event":{"mods":["AchievementEnabler","BaseMod","Colored Map","Highlight Path","Minty Spire (QoL Compilation)","Permanent Neow","Quick Restart"],"gold_per_floor":[362,512,14,28,28,57,57,89,138,138,138,164,180,199,199,275,275,275,275,30,30,30,30,30,30],"floor_reached":24,"playtime":981,"items_purged":["Doubt","Strike_B"],"score":404,"play_id":"75393849-ed13-4049-99a6-d1bdd80d3ced","local_time":"20201218161602","is_ascension_mode":true,"campfire_choices":[{"data":"Apotheosis","floor":7.0,"key":"SMITH"},{"floor":10.0,"key":"REST"},{"floor":15.0,"key":"REST"},{"floor":23,"key":"REST"}],"circlet_count":0,"master_deck":["AscendersBane","Strike_B","Strike_B","Defend_B","Defend_B","Defend_B","Defend_B","Zap","Dualcast","Sweeping Beam+1","Apotheosis+1","Sunder+1","Darkness","Multi-Cast","Redo","Go for the Eyes","Chaos","Reboot","Defragment","Conserve Battery","Sweeping Beam","Hologram"],"relics":["Cracked Core","Nunchaku","Anchor","PreservedInsect","Odd Mushroom","Ectoplasm","Red Mask"],"acts_visited":["Exordium","TheCity"],"potions_floor_usage":[21],"damage_taken":[{"damage":1.0,"enemies":"Small Slimes","floor":1.0,"turns":4.0},{"damage":0.0,"enemies":"2 Louse","floor":4.0,"turns":1.0},{"damage":12.0,"enemies":"Lagavulin","floor":6.0,"turns":5.0},{"damage":14.0,"enemies":"3 Sentries","floor":8.0,"turns":3.0},{"damage":11.0,"enemies":"The Mushroom Lair","floor":12.0,"turns":3.0},{"damage":0.0,"enemies":"Jaw Worm","floor":13.0,"turns":2.0},{"damage":0.0,"enemies":"Large Slime","floor":14.0,"turns":4.0},{"damage":28.0,"enemies":"Slime Boss","floor":16.0,"turns":8.0},{"damage":15.0,"enemies":"Shell Parasite","floor":18.0,"turns":5.0},{"damage":16.0,"enemies":"Spheric Guardian","floor":19.0,"turns":4.0},{"damage":12,"enemies":"Masked Bandits","floor":21,"turns":3},{"damage":42,"enemies":"Cultist and Chosen","floor":24,"turns":4}],"seed_played":"-3596782593159313334","potions_obtained":[{"floor":18.0,"key":"Strength Potion"}],"is_trial":false,"path_per_floor":["M","?","$","M","?","E","R","E","T","R","?","?","M","M","R","B",null,"M","M","$","?","?","R","M"],"character_chosen":"DEFECT","items_purchased":["Apotheosis","Sunder","Regen Potion","SteroidPotion","Defragment","Conserve Battery","Sweeping Beam"],"campfire_rested":3,"item_purchase_floors":[3,3,3,3,20,20,20],"current_hp_per_floor":[63,63,63,63,44,32,32,18,18,37,30,19,19,19,38,10,51,36,20,20,17,17,36,0,0],"gold":30,"neow_bonus":"TWO_FIFTY_GOLD","is_daily":false,"chose_seed":false,"campfire_upgraded":1,"win_rate":0.0,"timestamp":1608326162,"path_taken":["M","?","$","M","?","E","R","E","T","R","?","?","?","M","R","BOSS","M","M","$","?","?","R","M"],"items_purchased_type":["Card","Card","Potion","Potion","Card","Card","Card"],"build_version":"2020-12-13","purchased_purges":2,"victory":false,"max_hp_per_floor":[64,64,64,64,64,64,64,64,64,64,64,64,64,64,64,64,64,64,64,64,64,64,64,64,64],"card_choices":[{"not_picked":["Lockon","Compile Driver"],"picked":"Sweeping Beam","floor":1.0},{"not_picked":["White Noise","Go for the Eyes"],"picked":"Darkness","floor":4.0},{"not_picked":["Steam","Barrage"],"picked":"Multi-Cast","floor":6.0},{"not_picked":["Compile Driver","Beam Cell"],"picked":"Redo","floor":8.0},{"not_picked":["Compile Driver","Gash"],"picked":"Go for the Eyes","floor":12.0},{"not_picked":["Barrage","Consume"],"picked":"Chaos","floor":13.0},{"not_picked":["Streamline","Hello World","Stack"],"picked":"SKIP","floor":14.0},{"not_picked":["Hyperbeam","Thunder Strike"],"picked":"Reboot","floor":16.0},{"not_picked":["Rebound","Sweeping Beam","Doom and Gloom"],"picked":"SKIP","floor":18.0},{"not_picked":["Ball Lightning","Leap","Beam Cell"],"picked":"SKIP","floor":19.0},{"not_picked":["Ball Lightning+1","Hyperbeam"],"picked":"Hologram","floor":21}],"player_experience":1887908,"relics_obtained":[{"floor":6.0,"key":"Nunchaku"},{"floor":8.0,"key":"Anchor"},{"floor":9.0,"key":"PreservedInsect"},{"floor":12.0,"key":"Odd Mushroom"},{"floor":21,"key":"Red Mask"}],"event_choices":[{"damage_healed":0.0,"max_hp_gain":0.0,"max_hp_loss":0.0,"gold_gain":150.0,"event_name":"Liars Game","player_choice":"AGREE","floor":2.0,"gold_loss":0.0,"damage_taken":0.0,"cards_obtained":["Doubt"]},{"damage_healed":0.0,"max_hp_gain":0.0,"max_hp_loss":0.0,"gold_gain":0.0,"event_name":"Shining Light","player_choice":"Entered Light","floor":5.0,"gold_loss":0.0,"damage_taken":19.0,"cards_upgraded":["Sunder","Sweeping Beam"]},{"cards_removed":["Strike_B"],"damage_healed":0.0,"max_hp_gain":0.0,"max_hp_loss":0.0,"gold_gain":0.0,"event_name":"Golden Wing","player_choice":"Card Removal","floor":11.0,"gold_loss":0.0,"damage_taken":7.0},{"damage_healed":0.0,"max_hp_gain":0.0,"max_hp_loss":0.0,"gold_gain":0.0,"event_name":"Mushrooms","player_choice":"Fought Mushrooms","floor":12.0,"gold_loss":0.0,"damage_taken":0.0},{"damage_healed":0,"gold_gain":0,"player_choice":"Fought Bandits","damage_taken":0,"max_hp_gain":0,"max_hp_loss":0,"event_name":"Masked Bandits","floor":21,"gold_loss":0},{"damage_healed":0,"gold_gain":0,"player_choice":"Ignored","damage_taken":0,"max_hp_gain":0,"max_hp_loss":0,"event_name":"Vampires","floor":22,"gold_loss":0}],"is_beta":false,"boss_relics":[{"not_picked":["Snecko Eye","Philosopher\u0027s Stone"],"picked":"Ectoplasm"}],"items_purged_floors":[3,20],"is_endless":false,"potions_floor_spawned":[4,8,12,13,18,19],"killed_by":"Cultist and Chosen","ascension_level":20}}