{"host":"haozahzn9om5c7l8","time":1608286775,"event":{"mods":["Act Like it!","Alarm Clock","BaseMod","Better-Laid Plans","Colored Powertips","Minty Spire (QoL Compilation)","Quick Restart","Relic Stats","Replay The Spire","Spicy Shops","StSLib","The Poker Player","UnlockEverythingMod","óô»ðÖ¸ÄÏ"],"gold_per_floor":[111,111,111,129,129,149,168,188,188,240,271,288,301,328,328,428,428,444,384,112,131,131,131,156,156,182,196,211,245,258,284,284,380,380,380,380],"floor_reached":34,"playtime":3179,"items_purged":[],"score":499,"play_id":"be4abac1-42f8-4f33-9647-7e772fb4f983","local_time":"20201218181935","is_ascension_mode":false,"metric_token":918,"campfire_choices":[{"floor":15.0,"key":"REST"},{"data":"PokerPlayerMod:Raise","floor":23.0,"key":"SMITH"},{"floor":25.0,"key":"REST"},{"floor":32.0,"key":"REST"}],"circlet_count":0,"master_deck":["PokerPlayerMod:Diamond2","PokerPlayerMod:Diamond2","PokerPlayerMod:Diamond3","PokerPlayerMod:Diamond4","PokerPlayerMod:Diamond6","PokerPlayerMod:Spade1","PokerPlayerMod:Spade2","PokerPlayerMod:Spade3","PokerPlayerMod:Spade4","PokerPlayerMod:Club1","PokerPlayerMod:Club2","PokerPlayerMod:Heart2","PokerPlayerMod:TrumpStrike","PokerPlayerMod:BadJoker","PokerPlayerMod:Mulligan","PokerPlayerMod:Club10+","PokerPlayerMod:Trickery","PokerPlayerMod:Diamond3","PokerPlayerMod:DiamondStrike","PokerPlayerMod:ClubsClub","PokerPlayerMod:Spade4","PokerPlayerMod:Harden","PokerPlayerMod:Spade5","PokerPlayerMod:CardPrinter","PokerPlayerMod:Heart8","PokerPlayerMod:Diamond5","PokerPlayerMod:CardPrinter","PokerPlayerMod:SecondChance","PokerPlayerMod:Club8","PokerPlayerMod:HeartStrike+1","PokerPlayerMod:StackedDeck","Survey Options","PokerPlayerMod:Raise+1","PokerPlayerMod:PoorCopy","PokerPlayerMod:Mulligan","PokerPlayerMod:Raise","PokerPlayerMod:Spade4","PokerPlayerMod:FillThePot+1","PokerPlayerMod:ChangeRules","PokerPlayerMod:Heart5","PokerPlayerMod:Diamond9","PokerPlayerMod:FakeSymbols"],"relics":["PokerPlayerMod:DeckCase","NeowsBlessing","Blue Candle","Strawberry","Divine Protection","Bag of Marbles","Replay:Bronze Core","Pear","Tiny Chest","Orichalcum","Replay:PocketPolymizer","Replay:Grab Bag"],"acts_visited":["Exordium","TheCity"],"potions_floor_usage":[],"damage_taken":[{"damage":0.0,"enemies":"2 Louse","floor":1.0,"turns":1.0},{"damage":0.0,"enemies":"Small Slimes","floor":4.0,"turns":1.0},{"damage":0.0,"enemies":"Cultist","floor":6.0,"turns":1.0},{"damage":0.0,"enemies":"3 Louse","floor":7.0,"turns":1.0},{"damage":7.0,"enemies":"Blue Slaver","floor":8.0,"turns":2.0},{"damage":22.0,"enemies":"Lagavulin","floor":11.0,"turns":4.0},{"damage":0.0,"enemies":"Exordium Thugs","floor":12.0,"turns":2.0},{"damage":0.0,"enemies":"2 Fungi Beasts","floor":13.0,"turns":3.0},{"damage":0.0,"enemies":"Gremlin Nob","floor":14.0,"turns":4.0},{"damage":19.0,"enemies":"Fading Forest","floor":16.0,"turns":11.0},{"damage":0.0,"enemies":"Chosen","floor":18.0,"turns":7.0},{"damage":0.0,"enemies":"Spheric Guardian","floor":21.0,"turns":1.0},{"damage":24.0,"enemies":"Replay:Snechameleon","floor":24.0,"turns":5.0},{"damage":16.0,"enemies":"Cultist and Chosen","floor":27.0,"turns":6.0},{"damage":4.0,"enemies":"Shelled Parasite and Fungi","floor":28.0,"turns":8.0},{"damage":40.0,"enemies":"Book of Stabbing","floor":29.0,"turns":7.0},{"damage":23.0,"enemies":"Snake Plant","floor":30.0,"turns":6.0},{"damage":6.0,"enemies":"Slavers","floor":31.0,"turns":6.0},{"damage":52.0,"enemies":"Collector","floor":33.0,"turns":13.0}],"seed_played":"-1592499585110360934","potions_obtained":[{"floor":4.0,"key":"Fruit Juice"},{"floor":6.0,"key":"Doom Potion"},{"floor":11.0,"key":"SteroidPotion"},{"floor":13.0,"key":"SkillPotion"}],"is_trial":false,"path_per_floor":["M","?","?","M","?","M","M","M","T","T","E","M","M","E","R","B",null,"M","?","$","M","?","R","E","R","T","M","M","E","M","E","R","B",null],"character_chosen":"THE_POKER_PLAYER","items_purchased":["PokerPlayerMod:CardPrinter","PokerPlayerMod:SecondChance","PokerPlayerMod:Club8"],"campfire_rested":3,"item_purchase_floors":[20,20,20],"current_hp_per_floor":[52,42,42,42,42,42,42,35,35,42,23,26,33,35,54,59,64,64,64,64,64,64,64,53,74,74,74,74,44,40,59,74,41,41,41,41],"gold":380,"neow_bonus":"THREE_ENEMY_KILL","is_daily":false,"chose_seed":false,"campfire_upgraded":1,"win_rate":0.0,"timestamp":1608286775,"path_taken":["M","?","?","?","?","M","M","M","T","?","E","M","M","E","R","BOSS","M","?","$","M","?","R","E","R","T","M","M","E","?","E","R","BOSS"],"items_purchased_type":["Card","Card","Card"],"build_version":"2020-12-13","purchased_purges":0,"victory":false,"max_hp_per_floor":[52,52,52,52,52,52,52,52,52,59,59,59,64,64,64,64,64,64,64,64,64,64,64,74,74,74,74,74,74,74,74,74,74,74,74,74],"relic_stats":{"counters":[19,89],"Blue Candle":[0],"Tiny Chest":0,"Orichalcum":[90],"obtain_stats":[{"Divine Protection":11,"PokerPlayerMod:DeckCase":0,"Pear":24,"Replay:PocketPolymizer":31,"NeowsBlessing":0,"Blue Candle":9,"Strawberry":10,"Replay:Bronze Core":17,"Replay:Grab Bag":34,"Tiny Chest":26,"Bag of Marbles":14,"Orichalcum":29},{"Divine Protection":6,"PokerPlayerMod:DeckCase":0,"Pear":13,"Replay:PocketPolymizer":18,"NeowsBlessing":0,"Blue Candle":5,"Strawberry":5,"Replay:Bronze Core":10,"Replay:Grab Bag":19,"Tiny Chest":13,"Bag of Marbles":9,"Orichalcum":16},{"Divine Protection":10,"PokerPlayerMod:DeckCase":0,"Pear":43,"Replay:PocketPolymizer":76,"NeowsBlessing":0,"Blue Candle":6,"Strawberry":6,"Replay:Bronze Core":30,"Replay:Grab Bag":89,"Tiny Chest":43,"Bag of Marbles":19,"Orichalcum":64}]},"card_choices":[{"not_picked":["PokerPlayerMod:Fold","PokerPlayerMod:Diamond1"],"picked":"PokerPlayerMod:Club10+","floor":1.0},{"not_picked":["PokerPlayerMod:Diamond9","PokerPlayerMod:Diamond4"],"picked":"PokerPlayerMod:Trickery","floor":4.0},{"not_picked":["PokerPlayerMod:CardBurn","PokerPlayerMod:MagicTrick"],"picked":"PokerPlayerMod:Diamond3","floor":6.0},{"not_picked":["PokerPlayerMod:Spade2","PokerPlayerMod:Heart3"],"picked":"PokerPlayerMod:DiamondStrike","floor":7.0},{"not_picked":["PokerPlayerMod:CloakAndDiamond","PokerPlayerMod:Diamond1"],"picked":"PokerPlayerMod:ClubsClub","floor":8.0},{"not_picked":["PokerPlayerMod:CloakAndDiamond","PokerPlayerMod:Club1"],"picked":"PokerPlayerMod:Spade4","floor":11.0},{"not_picked":["PokerPlayerMod:Trickery","PokerPlayerMod:FlyingCard"],"picked":"PokerPlayerMod:Harden","floor":12.0},{"not_picked":["PokerPlayerMod:MagicTrick","PokerPlayerMod:Diamond3"],"picked":"PokerPlayerMod:Spade5","floor":13.0},{"not_picked":["PokerPlayerMod:Club2","PokerPlayerMod:Diamond1"],"picked":"PokerPlayerMod:CardPrinter","floor":14.0},{"not_picked":["PokerPlayerMod:FakeSymbols","PokerPlayerMod:VarietyAttack"],"picked":"PokerPlayerMod:Heart8","floor":16.0},{"not_picked":["PokerPlayerMod:Spade1","PokerPlayerMod:DiamondStrike"],"picked":"PokerPlayerMod:Diamond5","floor":18.0},{"not_picked":["PokerPlayerMod:Fold","PokerPlayerMod:PoorCopy"],"picked":"PokerPlayerMod:HeartStrike+1","floor":21.0},{"not_picked":["PokerPlayerMod:Diamond3","PokerPlayerMod:Spade2"],"picked":"PokerPlayerMod:Raise","floor":24.0},{"not_picked":["PokerPlayerMod:Spade2","PokerPlayerMod:Diamond4"],"picked":"PokerPlayerMod:Spade4","floor":27.0},{"not_picked":["PokerPlayerMod:Spade5","PokerPlayerMod:Spade2"],"picked":"PokerPlayerMod:FillThePot+1","floor":28.0},{"not_picked":["PokerPlayerMod:Club4","PokerPlayerMod:Diamond8"],"picked":"PokerPlayerMod:Diamond4","floor":29.0},{"not_picked":["PokerPlayerMod:Spade4","PokerPlayerMod:DartThrow"],"picked":"PokerPlayerMod:ChangeRules","floor":30.0},{"not_picked":["PokerPlayerMod:Manipulation","PokerPlayerMod:Promotion"],"picked":"PokerPlayerMod:Heart5","floor":31.0},{"not_picked":["PokerPlayerMod:WildCard","PokerPlayerMod:Club8"],"picked":"PokerPlayerMod:FakeSymbols","floor":33.0}],"player_experience":14922,"relics_obtained":[{"floor":9.0,"key":"Blue Candle"},{"floor":10.0,"key":"Strawberry"},{"floor":11.0,"key":"Divine Protection"},{"floor":14.0,"key":"Bag of Marbles"},{"floor":24.0,"key":"Pear"},{"floor":26.0,"key":"Tiny Chest"},{"floor":29.0,"key":"Orichalcum"},{"floor":31.0,"key":"Replay:PocketPolymizer"}],"event_choices":[{"damage_healed":0.0,"max_hp_gain":0.0,"max_hp_loss":0.0,"gold_gain":0.0,"event_name":"Shining Light","player_choice":"Entered Light","floor":2.0,"gold_loss":0.0,"damage_taken":10.0,"cards_upgraded":["PokerPlayerMod:Diamond6","PokerPlayerMod:Diamond2"]},{"damage_healed":0.0,"max_hp_gain":0.0,"max_hp_loss":0.0,"gold_gain":0.0,"event_name":"Wheel of Change","player_choice":"Cursed","floor":3.0,"gold_loss":0.0,"damage_taken":0.0,"cards_obtained":["Decay"]},{"cards_removed":["Decay"],"damage_healed":0.0,"max_hp_gain":0.0,"max_hp_loss":0.0,"gold_gain":0.0,"event_name":"Living Wall","player_choice":"Forget","floor":5.0,"gold_loss":0.0,"damage_taken":0.0},{"damage_healed":0.0,"max_hp_gain":0.0,"max_hp_loss":0.0,"gold_gain":0.0,"event_name":"Match and Keep!","player_choice":"5 cards matched","floor":22.0,"gold_loss":0.0,"damage_taken":0.0,"cards_obtained":["PokerPlayerMod:StackedDeck","Survey Options","PokerPlayerMod:Raise","PokerPlayerMod:PoorCopy","PokerPlayerMod:Mulligan"]}],"is_beta":false,"boss_relics":[{"not_picked":["ReplayTheSpireMod:DimensionalGlitch","Calling Bell"],"picked":"Replay:Bronze Core"},{"not_picked":["Astrolabe","Cursed Key"],"picked":"Replay:Grab Bag"}],"items_purged_floors":[],"is_endless":false,"potions_floor_spawned":[4,6,11,13,24,27,28,30],"ascension_level":0}}