{"host":"tvisvdzhdjky5zoz","time":1608305360,"event":{"mods":["BaseMod","Colored Powertips","Conspire","Friendly Minions","Hero for Fun","Humility","Kiyohime£¨Çå¼§£©","Library of Ruina","Library of Ruina Extra","Minty Spire (QoL Compilation)","Quick Restart","Spicy Shops","StSLib","Uncapped","Waifu the Spire","¡¾¹¦ÄÜMod¡¿Neow½±Àø"],"gold_per_floor":[11,25,39,114,114,145,145,161,161,161,177,177,177,177,177,302,302],"floor_reached":16,"playtime":210,"items_purged":[],"score":250,"play_id":"1af7cc1b-4a9d-4af2-af9c-f55fce047b43","local_time":"20201218232920","is_ascension_mode":false,"campfire_choices":[{"data":"Ignore","floor":7,"key":"SMITH"},{"data":"Serious_Punch","floor":12,"key":"SMITH"},{"data":"Strike_Y","floor":15,"key":"SMITH"}],"circlet_count":0,"master_deck":["Strike_Y+1","Strike_Y","Strike_Y","Strike_Y","Strike_Y","Defend_Y","Defend_Y","Defend_Y","Defend_Y","Defend_Y","Hip_Strike","Ignore","Ignore+1","Normal_Punch","Yawn+1","Serious_Punch+1","Terrifying_Presence"],"relics":["Cape","PageOfPinocchio","PageOfDeadButterflies","Bird Faced Urn","Golden Idol"],"acts_visited":["Exordium"],"potions_floor_usage":[],"damage_taken":[{"damage":0,"enemies":"Jaw Worm","floor":1,"turns":1},{"damage":0,"enemies":"2 Louse","floor":2,"turns":3},{"damage":0,"enemies":"conspire:RoseBush","floor":3,"turns":2},{"damage":0,"enemies":"Lagavulin","floor":6,"turns":1},{"damage":0,"enemies":"2 Fungi Beasts","floor":8,"turns":1},{"damage":0,"enemies":"Large Slime","floor":11,"turns":1},{"damage":0,"enemies":"The Guardian","floor":16,"turns":1}],"seed_played":"3989337207475868105","potions_obtained":[{"floor":1,"key":"Strength Potion"},{"floor":3,"key":"Regen Potion"},{"floor":11,"key":"SmokeBomb"}],"is_trial":false,"path_per_floor":["M","M","M","?","?","E","R","M","T","?","M","R","$","?","R","B"],"character_chosen":"OPM","items_purchased":[],"campfire_rested":0,"item_purchase_floors":[],"current_hp_per_floor":[999,999,999,999,999,999,999,999,999,999,999,999,999,999,999,999,999],"gold":302,"neow_bonus":"ONE_RANDOM_RARE_CARD","is_daily":false,"chose_seed":false,"campfire_upgraded":3,"win_rate":0.0,"timestamp":1608305360,"path_taken":["M","M","M","?","?","E","R","M","T","?","M","R","$","?","R","BOSS"],"items_purchased_type":[],"build_version":"2020-12-13","purchased_purges":0,"victory":false,"max_hp_per_floor":[999,999,999,999,999,999,999,999,999,999,999,999,999,999,999,999,999],"card_choices":[{"not_picked":["Yawn","Wear_Disguise"],"picked":"Ignore","floor":1},{"not_picked":["Hop","Yawn"],"picked":"Ignore","floor":2},{"not_picked":["Ignore","Hop"],"picked":"Normal_Punch","floor":3},{"not_picked":["Slap","Consecutive_Normal_Punch","Toss_Stone"],"picked":"SKIP","floor":6},{"not_picked":["Consecutive_Normal_Punch","Toss_Stone"],"picked":"Yawn","floor":8},{"not_picked":["Yawn","Hop"],"picked":"Serious_Punch","floor":11},{"not_picked":["Serious_Punch","Oh"],"picked":"Terrifying_Presence","floor":16}],"player_experience":51568,"relics_obtained":[{"floor":6,"key":"PageOfDeadButterflies"},{"floor":9,"key":"Bird Faced Urn"}],"event_choices":[{"damage_healed":0,"gold_gain":75,"player_choice":"Gather Gold","damage_taken":11,"max_hp_gain":0,"max_hp_loss":0,"event_name":"World of Goop","floor":4,"gold_loss":0},{"damage_healed":0,"gold_gain":0,"player_choice":"Success","damage_taken":12,"relics_obtained":["PageOfPinocchio"],"max_hp_gain":0,"max_hp_loss":0,"event_name":"Scrap Ooze","floor":5,"gold_loss":0},{"damage_healed":0,"gold_gain":0,"player_choice":"Grow","damage_taken":0,"max_hp_gain":0,"max_hp_loss":0,"event_name":"Living Wall","floor":10,"gold_loss":0,"cards_upgraded":["Yawn"]},{"damage_healed":0,"gold_gain":0,"player_choice":"Take Damage","damage_taken":249,"relics_obtained":["Golden Idol"],"max_hp_gain":0,"max_hp_loss":0,"event_name":"Golden Idol","floor":14,"gold_loss":0}],"is_beta":false,"boss_relics":[],"items_purged_floors":[],"is_endless":false,"potions_floor_spawned":[1,3,11],"killed_by":"The Guardian","ascension_level":0}}