{"host":"uwh382mre4waz4ff","time":1608294268,"event":{"mods":["AchievementEnabler","BaseMod","Better Note","Better Third Choice","BetterRewards","Highlight Path","HololiveMod","Minty Spire (QoL Compilation)","Shop Mod","StSLib"],"gold_per_floor":[76,92,107,117,132,164,164,189,212,243,255,271,271,305,305,376,376,395,410,423,348,361,361,361],"floor_reached":23,"playtime":1031,"items_purged":["Hololive_Strike"],"score":751,"play_id":"f58db46c-69ee-4dc2-bda7-c2407ab7924b","local_time":"20201218202428","is_ascension_mode":true,"campfire_choices":[{"data":"Hololive_MaximGun","floor":7,"key":"SMITH"},{"data":"Hololive_CocoNews","floor":13,"key":"SMITH"},{"data":"Hololive_CocoNews","floor":15,"key":"SMITH"}],"circlet_count":0,"master_deck":["AscendersBane","Hololive_CallHoushouMarine","Hololive_CallShiroganeNoel","Hololive_CallUruhaRushia","Hololive_CallShiranuiFlare","Hololive_CallUsadaPekora","Hololive_StrengthChampion","Hololive_Strike","Hololive_CallSakuraMiko","Hololive_DevilCharm+1","Hololive_MaximGun+1","Hololive_CocoNews+1","Hololive_CocoNews","Hololive_CallShirakamiFubuki","Hololive_CallYozoraMel","Hololive_CallShishiroBotan","Hololive_StrengthChampion","Hololive_Psychosis","Hololive_CallInugamiKorone","Hololive_CocoNews+1","Hololive_CallMurasakiShion","Hololive_CallNakiriAyame","Hololive_MaximGun","Hololive_CallAkiRosenthal+1","Hololive_StrengthChampion","Hololive_Psychosis","Hololive_CocoNews"],"relics":["Hololive_TheStar","Mango","Matryoshka","StoneCalendar","Bag of Preparation","Hololive_OneManArmy","MerchantsRug","Blood Vial","Pen Nib","War Paint","Lantern","Hololive_LightStick","Coffee Dripper"],"acts_visited":["Exordium","TheCity"],"potions_floor_usage":[8,8,19,20,23],"damage_taken":[{"damage":0,"enemies":"Cultist","floor":1,"turns":1},{"damage":0,"enemies":"Small Slimes","floor":2,"turns":1},{"damage":0,"enemies":"2 Louse","floor":3,"turns":2},{"damage":0,"enemies":"Blue Slaver","floor":4,"turns":2},{"damage":0,"enemies":"Large Slime","floor":5,"turns":3},{"damage":0,"enemies":"Gremlin Nob","floor":6,"turns":2},{"damage":9,"enemies":"3 Sentries","floor":8,"turns":3},{"damage":0,"enemies":"Gremlin Nob","floor":10,"turns":2},{"damage":0,"enemies":"Looter","floor":11,"turns":1},{"damage":0,"enemies":"Blue Slaver","floor":12,"turns":1},{"damage":9,"enemies":"Lagavulin","floor":14,"turns":6},{"damage":0,"enemies":"Slime Boss","floor":16,"turns":4},{"damage":0,"enemies":"Chosen","floor":18,"turns":2},{"damage":0,"enemies":"3 Byrds","floor":19,"turns":2},{"damage":7,"enemies":"Snake Plant","floor":20,"turns":2},{"damage":0,"enemies":"Sentry and Sphere","floor":22,"turns":3},{"damage":51,"enemies":"Gremlin Leader","floor":23,"turns":6}],"seed_played":"3699469575438708674","potions_obtained":[{"floor":1,"key":"BlessingOfTheForge"},{"floor":4,"key":"ColorlessPotion"},{"floor":8,"key":"FearPotion"},{"floor":10,"key":"AttackPotion"},{"floor":11,"key":"Block Potion"},{"floor":22,"key":"Swift Potion"}],"is_trial":false,"path_per_floor":["M","M","M","M","M","E","R","E","T","E","M","M","R","E","R","B",null,"M","M","M","?","M","E"],"character_chosen":"Hololive_HololiveCharacter","items_purchased":["Hololive_CallSakuraMiko","MerchantsRug"],"campfire_rested":0,"item_purchase_floors":[0,0],"current_hp_per_floor":[23,23,23,23,23,23,23,16,16,18,20,22,22,15,15,17,37,39,41,36,36,38,0,0],"gold":361,"neow_bonus":"","is_daily":false,"chose_seed":false,"campfire_upgraded":3,"win_rate":0.0,"timestamp":1608294268,"path_taken":["M","M","M","M","M","E","R","E","T","E","M","M","R","E","R","BOSS","M","M","M","?","M","E"],"items_purchased_type":["Card","Relic"],"build_version":"2020-12-13","purchased_purges":1,"victory":false,"max_hp_per_floor":[44,44,44,44,44,44,44,44,44,44,44,44,44,44,44,44,44,44,44,44,44,44,44,44],"card_choices":[{"not_picked":["Hololive_HuntDinosaur","Hololive_StrengthChampion","Hololive_Trident"],"picked":"Hololive_CocoNews","floor":1},{"not_picked":["Hololive_OvertimeWork","Hololive_CallOkamiMio","Hololive_Thief"],"picked":"Hololive_CallShirakamiFubuki","floor":2},{"not_picked":["Hololive_CallHimemoriLuna","Hololive_Sequa","Hololive_CallAiraniIofifteen"],"picked":"Hololive_CallYozoraMel","floor":3},{"not_picked":["Hololive_CallSpadeEcho","Hololive_Rebound","Hololive_CallHoushouMarine"],"picked":"Hololive_CallShishiroBotan","floor":4},{"not_picked":["Hololive_CallManoAloe","Hololive_CallKiryuuCoco","Hololive_RevenueBasedLive"],"picked":"Hololive_StrengthChampion","floor":5},{"not_picked":["Hololive_CallRoboco","Hololive_CallManoAloe","Hololive_FlareMind","Hololive_CallUsadaPekora"],"picked":"SKIP","floor":6},{"not_picked":["Hololive_Nanodesu","Hololive_CallAiraniIofifteen","Hololive_Sequa"],"picked":"Hololive_Psychosis","floor":8},{"not_picked":["Hololive_CallCivia","Hololive_CallShiroganeNoel","Hololive_CallAmaneKanata"],"picked":"Hololive_CallInugamiKorone","floor":10},{"not_picked":["Hololive_StrengthChampion","Hololive_Drill","Hololive_Breathe"],"picked":"Hololive_CocoNews","floor":11},{"not_picked":["Hololive_LuckPotion","Hololive_CallArtia","Hololive_OvertimeWork"],"picked":"Hololive_CallMurasakiShion","floor":12},{"not_picked":["Hololive_RevenueBasedLive","Hololive_Breathe","Hololive_CallSpadeEcho"],"picked":"Hololive_CallNakiriAyame","floor":14},{"not_picked":["Hololive_Thief","Hololive_ScarfAndHalo","Hololive_FlareMind"],"picked":"Hololive_MaximGun","floor":16},{"not_picked":["Hololive_SummonFox","Hololive_RevenueBasedLive","Hololive_Breathe"],"picked":"Hololive_CallAkiRosenthal+1","floor":18},{"not_picked":["Hololive_Rebound","Hololive_CallRoboco","Hololive_RevenueBasedLive"],"picked":"Hololive_StrengthChampion","floor":19},{"not_picked":["Hololive_CallAmaneKanata","Hololive_CallManoAloe","Hololive_CallSakuraMiko+1"],"picked":"Hololive_Psychosis","floor":20},{"not_picked":["Hololive_LuckPotion","Hololive_SoulCatcher","Hololive_RevenueBasedLive"],"picked":"Hololive_CocoNews","floor":22}],"player_experience":137534,"relics_obtained":[{"floor":6,"key":"Blood Vial"},{"floor":8,"key":"Pen Nib"},{"floor":9,"key":"War Paint"},{"floor":10,"key":"Lantern"},{"floor":14,"key":"Hololive_LightStick"}],"event_choices":[{"cards_removed":["Shame"],"damage_healed":0,"gold_gain":0,"player_choice":"Gave Gold","damage_taken":0,"max_hp_gain":0,"max_hp_loss":0,"event_name":"Beggar","floor":21,"gold_loss":75}],"is_beta":false,"boss_relics":[{"not_picked":["SlaversCollar","Velvet Choker"],"picked":"Coffee Dripper"}],"items_purged_floors":[0],"is_endless":false,"potions_floor_spawned":[1,4,6,8,10,11,22],"killed_by":"Gremlin Leader","ascension_level":14}}