{"host":"wwt2ezt6nhdbor27","time":1608253632,"event":{"mods":["Act Like it!","Bard","BaseMod","Beaked The Cultist","Colored Map","Glutton Mod","Hermit","Highlight Path","Jorbs\u0027s Wanderer Trilogy","Mad Scientist","Marisa????????","Minty Spire (QoL Compilation)","Relic Stats","StSLib","The Bug Knight","The Construct","The Cursed","The Mystic","The Servant 0.9.4","The Witch"],"gold_per_floor":[114,114,128,303,303,303,317,37,37,50,81,99,143,143,143,263,263,283,304,81,181,206,244,244,244,268,291,311,311,331,256,256,384,384,397,397,421,446,471,80,80,80],"floor_reached":41,"playtime":4652,"items_purged":["Doubt"],"score":550,"play_id":"133460ad-b4df-40cf-aac1-281e9c38f18a","local_time":"20201217170712","is_ascension_mode":false,"campfire_choices":[{"floor":6,"key":"REST"},{"floor":15,"key":"REST"},{"floor":24,"key":"REST"},{"floor":32,"key":"REST"}],"circlet_count":0,"master_deck":["Strike_S","Strike_S+1","Strike_S","Strike_S","Defend_S","Defend_S","Defend_S","Defend_S","KidneyShot","Exchange","Alleviate+1","Sunlight","Spin","InstantArmor","Rearm","Sabotage","Hightail","BottledTime","Contraction","LightFlow","Starlight","Sabotage+1","StarChef","SpecialFormula","Comet","Comet+1","SoulSculpture","FastForward","Defy","Luminosity","Defy","TheWorld","Spin+1","Mayhem","SilverBlades","Parasite","SoulSculpture","The Bomb","BestPractice","Read"],"relics":["Uniform","Golden Idol","Pear","Mango","Thread and Needle","Gremlin Horn","Runic Pyramid","Art of War","Dream Catcher","Snecko Eye","Membership Card","Oddly Smooth Stone"],"acts_visited":["Exordium","TheCity","TheBeyond"],"potions_floor_usage":[13,16,23,29,33,37,39,41],"damage_taken":[{"damage":3,"enemies":"Small Slimes","floor":1,"turns":5},{"damage":3,"enemies":"Jaw Worm","floor":3,"turns":5},{"damage":0,"enemies":"2 Louse","floor":7,"turns":3},{"damage":0,"enemies":"Looter","floor":10,"turns":2},{"damage":33,"enemies":"Lagavulin","floor":11,"turns":7},{"damage":5,"enemies":"3 Louse","floor":12,"turns":3},{"damage":29,"enemies":"Gremlin Nob","floor":13,"turns":6},{"damage":1,"enemies":"Slime Boss","floor":16,"turns":13},{"damage":1,"enemies":"Spheric Guardian","floor":18,"turns":12},{"damage":0,"enemies":"3 Byrds","floor":19,"turns":6},{"damage":1,"enemies":"Centurion and Healer","floor":22,"turns":9},{"damage":94,"enemies":"Book of Stabbing","floor":23,"turns":11},{"damage":0,"enemies":"Shelled Parasite and Fungi","floor":27,"turns":7},{"damage":2,"enemies":"Snake Plant","floor":28,"turns":7},{"damage":20,"enemies":"Colosseum Slavers","floor":29,"turns":8},{"damage":0,"enemies":"Centurion and Healer","floor":30,"turns":9},{"damage":0,"enemies":"Champ","floor":33,"turns":27},{"damage":2,"enemies":"Orb Walker","floor":35,"turns":4},{"damage":3,"enemies":"3 Darklings","floor":37,"turns":4},{"damage":58,"enemies":"Writhing Mass","floor":38,"turns":11},{"damage":38,"enemies":"Jaw Worm Horde","floor":39,"turns":6},{"damage":22,"enemies":"Giant Head","floor":41,"turns":8}],"seed_played":"9027064859983750758","potions_obtained":[{"floor":10,"key":"Swift Potion"},{"floor":11,"key":"Block Potion"},{"floor":13,"key":"Strength Potion"},{"floor":16,"key":"LiquidBronze"},{"floor":22,"key":"Dexterity Potion"},{"floor":27,"key":"DuplicationPotion"},{"floor":30,"key":"Ancient Potion"},{"floor":33,"key":"DuplicationPotion"}],"is_trial":false,"path_per_floor":["M","?","M","?","?","R","M","$","T","M","E","M","E","T","R","B",null,"M","M","$","?","M","E","R","?","T","M","M","?","M","?","R","B",null,"M","?","M","M","M","$","E"],"character_chosen":"THE_SERVANT","items_purchased":["InstantArmor","Rearm","SurpressingFire","Art of War","StarChef","Membership Card","Oddly Smooth Stone","The Bomb","BestPractice","Read"],"campfire_rested":4,"item_purchase_floors":[8,8,8,20,20,40,40,40,40,40],"current_hp_per_floor":[68,51,48,48,34,55,55,55,65,65,46,41,12,12,40,39,95,94,94,94,94,93,1,29,29,29,34,37,22,27,27,55,60,95,93,93,95,42,9,9,0,0],"gold":80,"neow_bonus":"TEN_PERCENT_HP_BONUS","is_daily":false,"chose_seed":false,"campfire_upgraded":0,"win_rate":0.0,"timestamp":1608253632,"path_taken":["M","?","M","?","?","R","M","$","T","M","E","M","E","?","R","BOSS","M","M","$","?","?","E","R","?","T","M","?","?","M","?","R","BOSS","M","?","M","M","M","$","E"],"items_purchased_type":["Card","Card","Card","Relic","Card","Relic","Relic","Card","Card","Card"],"build_version":"2020-12-13","purchased_purges":1,"victory":false,"max_hp_per_floor":[71,71,71,71,71,71,71,71,81,81,95,95,95,95,95,95,95,95,95,95,95,95,95,95,95,95,95,95,95,95,95,95,95,95,95,95,95,95,95,95,95,95],"relic_stats":{"Dream Catcher":2,"Gremlin Horn":[12,12],"counters":[22,173],"Golden Idol":130,"Snecko Eye":[44,55,40,41],"Art of War":[14],"obtain_stats":[{"Dream Catcher":23,"Pear":9,"Gremlin Horn":14,"Golden Idol":2,"Snecko Eye":34,"Oddly Smooth Stone":40,"Mango":11,"Thread and Needle":13,"Uniform":0,"Art of War":20,"Membership Card":40,"Runic Pyramid":17},{"Dream Catcher":12,"Pear":3,"Gremlin Horn":7,"Golden Idol":1,"Snecko Eye":17,"Oddly Smooth Stone":21,"Mango":5,"Thread and Needle":7,"Uniform":0,"Art of War":10,"Membership Card":21,"Runic Pyramid":8},{"Dream Catcher":82,"Pear":13,"Gremlin Horn":31,"Golden Idol":5,"Snecko Eye":140,"Oddly Smooth Stone":165,"Mango":22,"Thread and Needle":31,"Uniform":0,"Art of War":62,"Membership Card":165,"Runic Pyramid":44}]},"card_choices":[{"not_picked":["DoubleEdge","Potential"],"picked":"Alleviate","floor":1},{"not_picked":["Defy","SurpressingFire"],"picked":"Sunlight","floor":3},{"not_picked":["DualDimension","DoubleEdge"],"picked":"Spin","floor":7},{"not_picked":["Potential","Rewind"],"picked":"Sabotage","floor":10},{"not_picked":["Sunlight","MoonPhase"],"picked":"Hightail","floor":11},{"not_picked":["TimeWarp","ShatteredReality"],"picked":"BottledTime","floor":12},{"not_picked":["Desolation","Replace"],"picked":"Contraction","floor":13},{"not_picked":["FlawlessForm","PendulumOfEternity"],"picked":"LightFlow","floor":16},{"not_picked":["Misdirection","SurpressingFire"],"picked":"Starlight","floor":18},{"not_picked":["DualDimension","Potential"],"picked":"Sabotage+1","floor":19},{"not_picked":["Alleviate","ShatteredReality"],"picked":"SpecialFormula","floor":22},{"not_picked":["SilverBlades","Revamp"],"picked":"Comet","floor":23},{"not_picked":["Potential","DoubleEdge"],"picked":"Comet+1","floor":24},{"not_picked":["DoubleEdge","Gouge+1"],"picked":"FastForward","floor":27},{"not_picked":["Contraction","Starlight+1"],"picked":"Defy","floor":28},{"not_picked":["Embodiment","DoubleEdge"],"picked":"Luminosity","floor":30},{"not_picked":["Replace","DualDimension"],"picked":"Defy","floor":32},{"not_picked":["Embodiment","LightFlow"],"picked":"TheWorld","floor":33},{"not_picked":["Snipe+1","Replace"],"picked":"Spin+1","floor":35},{"not_picked":["Flash of Steel","Madness"],"picked":"Mayhem","floor":36},{"not_picked":["Potential+1","Ricochet"],"picked":"SilverBlades","floor":37},{"not_picked":["DoubleEdge","Unruled"],"picked":"SoulSculpture","floor":38},{"not_picked":["BottledTime","StarChef","ShatteredReality"],"picked":"SKIP","floor":39}],"player_experience":178056,"relics_obtained":[{"floor":9,"key":"Pear"},{"floor":11,"key":"Mango"},{"floor":13,"key":"Thread and Needle"},{"floor":14,"key":"Gremlin Horn"},{"floor":23,"key":"Dream Catcher"}],"event_choices":[{"damage_healed":0,"gold_gain":0,"player_choice":"Take Damage","damage_taken":17,"relics_obtained":["Golden Idol"],"max_hp_gain":0,"max_hp_loss":0,"event_name":"Golden Idol","floor":2,"gold_loss":0},{"damage_healed":0,"gold_gain":175,"player_choice":"AGREE","damage_taken":0,"max_hp_gain":0,"max_hp_loss":0,"event_name":"Liars Game","floor":4,"gold_loss":0,"cards_obtained":["Doubt"]},{"damage_healed":0,"gold_gain":0,"player_choice":"Entered Light","damage_taken":14,"max_hp_gain":0,"max_hp_loss":0,"event_name":"Shining Light","floor":5,"gold_loss":0,"cards_upgraded":["Alleviate","Strike_S"]},{"damage_healed":0,"gold_gain":100,"player_choice":"Pray","damage_taken":0,"max_hp_gain":0,"max_hp_loss":0,"event_name":"Golden Shrine","floor":21,"gold_loss":0},{"damage_healed":0,"gold_gain":0,"player_choice":"1 cards matched","damage_taken":0,"max_hp_gain":0,"max_hp_loss":0,"event_name":"Match and Keep!","floor":25,"gold_loss":0,"cards_obtained":["SoulSculpture"]},{"damage_healed":0,"gold_gain":0,"player_choice":"Fight","damage_taken":0,"max_hp_gain":0,"max_hp_loss":0,"event_name":"Colosseum","floor":29,"gold_loss":0},{"damage_healed":0,"gold_gain":0,"player_choice":"Fled From Nobs","damage_taken":0,"max_hp_gain":0,"max_hp_loss":0,"event_name":"Colosseum","floor":29,"gold_loss":0},{"cards_removed":["SurpressingFire"],"damage_healed":0,"gold_gain":0,"player_choice":"Gave Gold","damage_taken":0,"max_hp_gain":0,"max_hp_loss":0,"event_name":"Beggar","floor":31,"gold_loss":75},{"damage_healed":0,"gold_gain":0,"player_choice":"Memory 1","damage_taken":0,"max_hp_gain":0,"max_hp_loss":0,"event_name":"SensoryStone","floor":36,"gold_loss":0}],"is_beta":false,"boss_relics":[{"not_picked":["Coffee Dripper","SacredBark"],"picked":"Runic Pyramid"},{"not_picked":["Busted Crown","Tiny House"],"picked":"Snecko Eye"}],"items_purged_floors":[8],"is_endless":false,"potions_floor_spawned":[10,11,13,16,22,27,30,33],"killed_by":"Giant Head","ascension_level":0}}