{"host":"k6qwgpygxbgz06bg","time":1608321664,"event":{"mods":["BaseMod","Beaked The Cultist","Better Third Choice","BetterRewards","Clockwork Mod","Colored Map","Downfall","Friendly Minions","Infinite Spire","Marisa????????","Minty Spire (QoL Compilation)","Replay The Spire","StSLib","The Administrix","The Bug Knight","The Cursed","The Gatherer","The Mystic","The Witch"],"gold_per_floor":[99,9,9,9,28,28,51,51,84,84,101,118,118,118,137,22,33,128,128,128,128,128,36,36,55,55,55,55,55,55],"floor_reached":29,"playtime":1812,"items_purged":["sneckomod:Strike","sneckomod:Strike"],"score":267,"play_id":"b94b77ea-aec9-4381-a85e-60d5ed9b9d7b","local_time":"20201218210104","is_ascension_mode":false,"campfire_choices":[{"data":"expansioncontent:PolyBeam","floor":1,"key":"SMITH"},{"data":"sneckomod:UnknownStrength","floor":4,"key":"SMITH"},{"data":"sneckomod:CheapStock","floor":8,"key":"SMITH"},{"data":"sneckomod:UnknownClassMARISA_COLOR","floor":10,"key":"SMITH"},{"data":"sneckomod:SoulExchange","floor":24,"key":"SMITH"},{"data":"sneckomod:UnknownUncommonPower","floor":28,"key":"SMITH"}],"circlet_count":0,"master_deck":["sneckomod:Strike","sneckomod:Defend","sneckomod:Defend","sneckomod:TailWhip","sneckomod:SnekBite","sneckomod:Unknown","sneckomod:Unknown","expansioncontent:PolyBeam+1","sneckomod:UnknownStrength+1","sneckomod:CheapStock+1","sneckomod:UnknownClassMARISA_COLOR+1","sneckomod:UnknownClassBLUE","sneckomod:UnknownUncommonPower","sneckomod:SoulRoll","sneckomod:UnknownClassGUARDIAN","sneckomod:WideSting","sneckomod:SoulExchange+1","sneckomod:MorePower","sneckomod:UnknownRareAttack","sneckomod:UnknownUncommonPower+1","sneckomod:UnknownUncommonPower+1","sneckomod:UnknownX+1","infinitespire:NeuralNetwork"],"relics":["sneckomod:SneckoSoul","Oddly Smooth Stone","Mirror","beaked:SacredDeck","Ice Cream"],"acts_visited":["Exordium","TheCity"],"potions_floor_usage":[17],"damage_taken":[{"damage":0,"enemies":"downfall:FleeingMerchant","floor":2,"turns":4},{"damage":1,"enemies":"Cultist","floor":5,"turns":3},{"damage":0,"enemies":"HollowMod:MossKnight","floor":9,"turns":5},{"damage":11,"enemies":"Jaw Worm","floor":11,"turns":5},{"damage":1,"enemies":"infinitespire:Voidling","floor":12,"turns":3},{"damage":17,"enemies":"Gremlin Gang","floor":15,"turns":6},{"damage":5,"enemies":"downfall:FleeingMerchant","floor":16,"turns":4},{"damage":10,"enemies":"Exordium Thugs","floor":17,"turns":3},{"damage":31,"enemies":"downfall:Silent","floor":18,"turns":18},{"damage":15,"enemies":"downfall:FleeingMerchant","floor":23,"turns":4},{"damage":24,"enemies":"Shell Parasite","floor":25,"turns":7},{"damage":46,"enemies":"Nightmare","floor":29,"turns":7}],"seed_played":"8510142761255823591","potions_obtained":[{"floor":9,"key":"Elixir"},{"floor":11,"key":"champ:CounterPotion"},{"floor":12,"key":"Doom Potion"},{"floor":15,"key":"Adrenaline Potion"},{"floor":25,"key":"ColorlessPotion"}],"is_trial":false,"path_per_floor":["R","$","?","R","M","?","T","R","E","R","M","M","PTL","PTL","M","$","M","B",null,"R_BF","?","?","$","R","M","T","AVR","R","NM"],"character_chosen":"THE_SNECKO","items_purchased":["sneckomod:UnknownUncommonPower"],"campfire_rested":0,"item_purchase_floors":[23],"current_hp_per_floor":[90,91,91,91,90,91,91,91,92,92,82,82,82,82,65,61,54,23,98,99,99,79,66,66,43,43,43,43,0,0],"gold":55,"neow_bonus":"RANDOM_COLORLESS","is_daily":false,"chose_seed":false,"campfire_upgraded":6,"win_rate":0.0,"timestamp":1608321664,"path_taken":["R","$","?","R","M","?","T","R","E","R","M","M","PTL","PTL","?","?","M","BOSS","R_BF","?","?","$","R","M","T","AVR","R","NM"],"items_purchased_type":["Card"],"build_version":"2020-12-13","purchased_purges":2,"victory":false,"max_hp_per_floor":[90,91,91,91,91,91,91,91,92,92,93,94,94,94,94,95,98,98,98,99,99,104,106,106,107,107,107,107,107,107],"card_choices":[{"not_picked":["Replay:SS_hec_1","Replay:SS_forest_5"],"picked":"expansioncontent:PolyBeam","floor":0},{"not_picked":["sneckomod:TrashToTreasure","sneckomod:UnknownStrike"],"picked":"sneckomod:UnknownStrength","floor":2},{"not_picked":["sneckomod:DiceBoulder","sneckomod:Rotation"],"picked":"sneckomod:CheapStock","floor":5},{"not_picked":["sneckomod:MasterEye","sneckomod:UnknownCommonSkill"],"picked":"sneckomod:UnknownClassMARISA_COLOR","floor":9},{"not_picked":["sneckomod:UnknownClassMARISA_COLOR","sneckomod:DiceCrush"],"picked":"sneckomod:UnknownClassBLUE","floor":11},{"not_picked":["sneckomod:ImprovisedAttack","sneckomod:UnknownStrike"],"picked":"sneckomod:UnknownUncommonPower","floor":12},{"not_picked":["sneckomod:UnknownBlock","sneckomod:UnknownStrike"],"picked":"sneckomod:SoulRoll","floor":15},{"not_picked":["sneckomod:SnakeSap","sneckomod:UnknownClassMYSTIC_PURPLE"],"picked":"sneckomod:UnknownClassGUARDIAN","floor":16},{"not_picked":["sneckomod:QuickBite","sneckomod:UnknownClassGUARDIAN"],"picked":"sneckomod:WideSting","floor":17},{"not_picked":["sneckomod:UnknownRareAttack","sneckomod:Mudshield"],"picked":"sneckomod:SoulExchange","floor":18},{"not_picked":["sneckomod:UnknownClassMARISA_COLOR+1","sneckomod:UnknownClassWITCH+1"],"picked":"sneckomod:UnknownUncommonPower+1","floor":23},{"not_picked":["sneckomod:IronFang","sneckomod:UnknownCommonAttack","sneckomod:DiceCrush"],"picked":"SKIP","floor":23},{"not_picked":["sneckomod:UnknownWeak+1","sneckomod:UnknownClassBLUE+1"],"picked":"sneckomod:UnknownX+1","floor":25},{"not_picked":["sneckomod:UnknownBlock","sneckomod:SlitherStrike","sneckomod:UnknownCommonSkill"],"picked":"SKIP","floor":25}],"player_experience":228548,"relics_obtained":[{"floor":7,"key":"Oddly Smooth Stone"},{"floor":9,"key":"Mirror"},{"floor":26,"key":"Ice Cream"}],"event_choices":[{"damage_healed":1,"gold_gain":0,"player_choice":"Full Heal","damage_taken":0,"max_hp_gain":0,"max_hp_loss":0,"event_name":"Wheel of Change","floor":6,"gold_loss":0},{"damage_healed":0,"gold_gain":0,"player_choice":"Ignored","damage_taken":0,"max_hp_gain":0,"max_hp_loss":0,"event_name":"Ghosts","floor":21,"gold_loss":0}],"is_beta":false,"boss_relics":[{"not_picked":["Painkiller Herb","Replay:Bronze Core"],"picked":"beaked:SacredDeck"}],"items_purged_floors":[2,16],"is_endless":false,"potions_floor_spawned":[9,11,12,15,25],"killed_by":"Nightmare","ascension_level":0}}