{"host":"15ff3ltgpietarej","time":1608321240,"event":{"mods":["BaseMod","Downfall","Highlight Path","Minty Spire (QoL Compilation)","StSLib"],"gold_per_floor":[111,125,52,71,83,83,108,126,126,137,137,157,191,209,209,311,311,326,31,31,31,31,66,41,41,41,41,66,66,82,93,93,194,194,206,206,224,235,248,248,268,268,295,295,345,345,345,355,355,355,355,355,41,73,73],"floor_reached":56,"playtime":3419,"items_purged":["FollowUp"],"score":1236,"play_id":"4094d003-3a2c-44c0-8132-9cf03cc39fe1","local_time":"20201218205400","is_ascension_mode":true,"campfire_choices":[{"floor":6.0,"key":"REST"},{"floor":11.0,"key":"REST"},{"floor":15.0,"key":"RECALL"},{"floor":25,"key":"REST"},{"floor":27,"key":"REST"},{"floor":29,"key":"REST"},{"floor":32,"key":"REST"},{"floor":40,"key":"REST"},{"floor":42,"key":"REST"},{"floor":44,"key":"REST"},{"floor":49,"key":"REST"},{"data":"expansioncontent:AwakenDeath","floor":52,"key":"SMITH"}],"circlet_count":0,"master_deck":["Strike_P+1","Strike_P+1","Defend_P+1","Defend_P+1","Defend_P+1","Eruption+1","Vigilance+1","LessonLearned+1","LessonLearned+1","SpiritShield+1","Evaluate+1","BattleHymn+1","Worship+1","Collect+1","Establishment+1","FlurryOfBlows+1","Meditate+1","FlurryOfBlows+1","InnerPeace+1","Devotion+1","ClearTheMind+1","Wireheading+1","ThirdEye+1","Prostrate+1","BowlingBash+1","SpiritShield+1","Parasite","ReachHeaven+1","Study+1","expansioncontent:AwakenDeath+1","CarveReality+1","CarveReality+1"],"relics":["Astrolabe","Toy Ornithopter","Pantograph","WingedGreaves","Runic Pyramid","Membership Card","Guardian:PocketSentry","Bag of Preparation","Molten Egg 2","Ancient Tea Set","SlaversCollar","Gremlin Horn","Happy Flower","Mango","Pen Nib","StrikeDummy","ClockworkSouvenir","Damaru"],"acts_visited":["Exordium","TheCity","TheBeyond","TheEnding"],"potions_floor_usage":[33,39,48,50,50,55],"damage_taken":[{"damage":0.0,"enemies":"Small Slimes","floor":1.0,"turns":4.0},{"damage":0.0,"enemies":"2 Louse","floor":2.0,"turns":5.0},{"damage":16.0,"enemies":"Jaw Worm","floor":4.0,"turns":4.0},{"damage":34.0,"enemies":"Gremlin Gang","floor":5.0,"turns":4.0},{"damage":9.0,"enemies":"3 Sentries","floor":7.0,"turns":5.0},{"damage":10.0,"enemies":"Exordium Wildlife","floor":8.0,"turns":3.0},{"damage":2.0,"enemies":"Red Slaver","floor":10.0,"turns":3.0},{"damage":0.0,"enemies":"Looter","floor":12.0,"turns":2.0},{"damage":2.0,"enemies":"Gremlin Nob","floor":13.0,"turns":4.0},{"damage":6.0,"enemies":"Large Slime","floor":14.0,"turns":3.0},{"damage":32.0,"enemies":"The Guardian","floor":16.0,"turns":5.0},{"damage":26.0,"enemies":"2 Thieves","floor":18.0,"turns":5.0},{"damage":43,"enemies":"Slavers","floor":23,"turns":4},{"damage":11,"enemies":"Book of Stabbing","floor":28,"turns":5},{"damage":0,"enemies":"Spheric Guardian","floor":30,"turns":3},{"damage":13,"enemies":"Snake Plant","floor":31,"turns":4},{"damage":6,"enemies":"Collector","floor":33,"turns":6},{"damage":1,"enemies":"Orb Walker","floor":35,"turns":5},{"damage":4,"enemies":"3 Shapes","floor":37,"turns":4},{"damage":41,"enemies":"3 Darklings","floor":38,"turns":3},{"damage":25,"enemies":"Spire Growth","floor":39,"turns":5},{"damage":0,"enemies":"Writhing Mass","floor":41,"turns":3},{"damage":6,"enemies":"Mind Bloom Boss Battle","floor":45,"turns":4},{"damage":43,"enemies":"Transient","floor":48,"turns":5},{"damage":90,"enemies":"Time Eater","floor":50,"turns":12},{"damage":38,"enemies":"Shield and Spear","floor":54,"turns":4},{"damage":146,"enemies":"The Heart","floor":55,"turns":11}],"seed_played":"-6588999568309734436","potions_obtained":[{"floor":2.0,"key":"SteroidPotion"},{"floor":5.0,"key":"Dexterity Potion"},{"floor":7.0,"key":"SkillPotion"},{"floor":12.0,"key":"Dexterity Potion"},{"floor":14.0,"key":"PowerPotion"},{"floor":30,"key":"SteroidPotion"},{"floor":31,"key":"Swift Potion"},{"floor":35,"key":"FairyPotion"},{"floor":37,"key":"Slimebound:ThreeZeroPotion"},{"floor":39,"key":"StancePotion"},{"floor":48,"key":"PowerPotion"},{"floor":54,"key":"LiquidMemories"}],"is_trial":false,"path_per_floor":["M","M","$","M","M","R","E","M","T","M","R","M","E","M","R","B",null,"M","$","?","?","T","E","$","R","T","R","E","R","M","M","R","B",null,"M","?","M","M","M","R","M","R","T","R","?","?","?","M","R","B",null,"R","$","E","B",null],"character_chosen":"WATCHER","items_purchased":["Worship","Membership Card","Guardian:PocketSentry","Energy Potion","ThirdEye","Pen Nib","StrikeDummy","ClockworkSouvenir","CarveReality+1"],"campfire_rested":10,"item_purchase_floors":[3,19,19,19,24,53,53,53,53],"current_hp_per_floor":[72,72,72,56,22,43,34,24,24,22,43,43,51,45,45,40,72,46,46,46,46,46,3,3,24,24,45,34,55,55,42,63,66,72,71,71,67,26,6,27,27,48,48,69,80,80,80,42,67,1,86,86,86,48,70],"gold":73,"neow_bonus":"BOSS_RELIC","is_daily":false,"chose_seed":false,"campfire_upgraded":1,"win_rate":0.0,"timestamp":1608321240,"path_taken":["M","M","$","M","M","R","E","M","T","M","R","M","E","M","R","BOSS","M","$","?","?","?","E","$","R","T","R","E","R","M","?","R","BOSS","M","?","M","M","?","R","M","R","T","R","?","?","?","M","R","BOSS","R","$","E","BOSS"],"items_purchased_type":["Card","Relic","Relic","Potion","Card","Relic","Relic","Relic","Card"],"build_version":"2020-12-13","purchased_purges":1,"victory":true,"max_hp_per_floor":[72,72,72,72,72,72,72,72,72,72,72,72,72,72,72,72,72,72,72,72,72,72,72,72,72,72,72,72,72,72,72,72,72,72,72,72,72,72,72,72,72,72,72,72,86,86,86,86,86,86,86,86,86,86,86],"card_choices":[{"not_picked":["EmptyMind","MentalFortress"],"picked":"Evaluate","floor":1.0},{"not_picked":["ForeignInfluence","Crescendo"],"picked":"BattleHymn","floor":2.0},{"not_picked":["FlyingSleeves","BowlingBash"],"picked":"Collect","floor":4.0},{"not_picked":["FlurryOfBlows","Halt"],"picked":"FollowUp","floor":5.0},{"not_picked":["PathToVictory","Halt"],"picked":"Establishment","floor":7.0},{"not_picked":["CutThroughFate","Crescendo"],"picked":"FlurryOfBlows","floor":8.0},{"not_picked":["SashWhip","CutThroughFate","SignatureMove"],"picked":"SKIP","floor":10.0},{"not_picked":["CrushJoints","FollowUp"],"picked":"Meditate","floor":12.0},{"not_picked":["CrushJoints","Wish"],"picked":"FlurryOfBlows","floor":13.0},{"not_picked":["FlurryOfBlows","ForeignInfluence"],"picked":"InnerPeace","floor":14.0},{"not_picked":["Scrawl","Judgement"],"picked":"Devotion","floor":16.0},{"not_picked":["JustLucky","ThirdEye"],"picked":"ClearTheMind","floor":18.0},{"not_picked":["Indignation","FollowUp"],"picked":"Wireheading","floor":23},{"not_picked":["Meditate+1","SashWhip+1"],"picked":"Prostrate","floor":28},{"not_picked":["Halt","MasterReality"],"picked":"BowlingBash+1","floor":30},{"not_picked":["EmptyBody","Prostrate","WaveOfTheHand"],"picked":"SKIP","floor":31},{"not_picked":["Vault","Omniscience"],"picked":"SpiritShield","floor":33},{"not_picked":["ThirdEye","Sanctity","PathToVictory+1"],"picked":"SKIP","floor":35},{"not_picked":["PathToVictory+1","ClearTheMind+1","Fasting2+1"],"picked":"SKIP","floor":37},{"not_picked":["ThirdEye","EmptyFist+1","Prostrate"],"picked":"SKIP","floor":38},{"not_picked":["JustLucky+1","Evaluate+1","Fasting2+1"],"picked":"SKIP","floor":39},{"not_picked":["Study","PathToVictory+1"],"picked":"ReachHeaven+1","floor":41},{"not_picked":["Evaluate","EmptyFist+1"],"picked":"Study","floor":45},{"not_picked":["expansioncontent:BronzeBeam+1","expansioncontent:ChargeUp"],"picked":"expansioncontent:AwakenDeath","floor":46},{"not_picked":["FlurryOfBlows+1","Prostrate","Crescendo"],"picked":"SKIP","floor":48},{"not_picked":["EmptyFist+1","Establishment"],"picked":"CarveReality+1","floor":54}],"player_experience":397532,"relics_obtained":[{"floor":7.0,"key":"Toy Ornithopter"},{"floor":9.0,"key":"Pantograph"},{"floor":13.0,"key":"WingedGreaves"},{"floor":23,"key":"Bag of Preparation"},{"floor":26,"key":"Molten Egg 2"},{"floor":28,"key":"Ancient Tea Set"},{"floor":43,"key":"Happy Flower"},{"floor":45,"key":"Mango"},{"floor":54,"key":"Damaru"}],"event_choices":[{"damage_healed":0.0,"max_hp_gain":0.0,"max_hp_loss":0.0,"gold_gain":0.0,"event_name":"Cursed Tome","player_choice":"Ignored","floor":21.0,"gold_loss":0.0,"damage_taken":0.0},{"damage_healed":0,"gold_gain":0,"player_choice":"Gave Potion","damage_taken":0,"relics_obtained":["Gremlin Horn"],"max_hp_gain":0,"max_hp_loss":0,"event_name":"WeMeetAgain","floor":36,"gold_loss":0},{"damage_healed":0,"gold_gain":0,"player_choice":"Fight","damage_taken":0,"max_hp_gain":0,"max_hp_loss":0,"event_name":"MindBloom","floor":45,"gold_loss":0},{"damage_healed":0,"gold_gain":0,"player_choice":"Memory 1","damage_taken":0,"max_hp_gain":0,"max_hp_loss":0,"event_name":"SensoryStone","floor":46,"gold_loss":0},{"damage_healed":0,"gold_gain":0,"player_choice":"Ignored","damage_taken":0,"max_hp_gain":0,"max_hp_loss":0,"event_name":"Tomb of Lord Red Mask","floor":47,"gold_loss":0}],"is_beta":false,"boss_relics":[{"not_picked":["Pandora\u0027s Box","Coffee Dripper"],"picked":"Runic Pyramid"},{"not_picked":["Black Star","VioletLotus"],"picked":"SlaversCollar"}],"items_purged_floors":[19],"is_endless":false,"potions_floor_spawned":[2,5,7,12,14,30,31,35,37,39,41,48,54],"ascension_level":2}}