{"host":"345fbjaiqlx301na","time":1608288361,"event":{"mods":["AchievementEnabler","Act Like it!","BaseMod","Bestiary","Better Note","Better Sensory Stone","Better Third Choice","Colored Powertips","Downfall","Ekko","Minty Spire (QoL Compilation)","Replay The Spire","StSLib","The Animator","The Death Knight","The Dragon Tamer","The Necromancer","The Senshi"],"gold_per_floor":[111,131,146,146,28,60,60,13,13,13,29,43,63,138,138,242,242,260,260,164,177,177,177,177,251,251,251,270,281,281,295,295,397,397,416,430,447,13,27,27,55,55,135,0,19,37,51,17,17,17],"floor_reached":51,"playtime":3822,"items_purged":[],"score":681,"play_id":"a26ef108-59c7-4692-8fbf-eabfd66a47b5","local_time":"20201218054601","is_ascension_mode":false,"campfire_choices":[{"floor":7,"key":"REST"},{"data":"ekkoTheBoyWhoShatteredTime:NeedlesslyLargeRod","floor":10,"key":"SMITH"},{"data":"ekkoTheBoyWhoShatteredTime:DodgeTraining","floor":15,"key":"SMITH"},{"data":"ekkoTheBoyWhoShatteredTime:PhaseDive","floor":23,"key":"SMITH"},{"data":"ekkoTheBoyWhoShatteredTime:TrinityForce","floor":27,"key":"SMITH"},{"data":"ekkoTheBoyWhoShatteredTime:Leap","floor":30,"key":"SMITH"},{"data":"ekkoTheBoyWhoShatteredTime:NeedlesslyLargeRod","floor":32,"key":"SMITH"},{"data":"ekkoTheBoyWhoShatteredTime:NashorsTooth","floor":40,"key":"SMITH"},{"data":"ekkoTheBoyWhoShatteredTime:NeedlesslyLargeRod","floor":40,"key":"SMITH"},{"floor":42,"key":"REST"}],"circlet_count":0,"master_deck":["ekkoTheBoyWhoShatteredTime:Strike+1","ekkoTheBoyWhoShatteredTime:Strike+1","ekkoTheBoyWhoShatteredTime:Strike+1","ekkoTheBoyWhoShatteredTime:Strike+1","ekkoTheBoyWhoShatteredTime:Strike+1","ekkoTheBoyWhoShatteredTime:Defend+1","ekkoTheBoyWhoShatteredTime:Defend+1","ekkoTheBoyWhoShatteredTime:Defend","ekkoTheBoyWhoShatteredTime:TimeMaster+1","ekkoTheBoyWhoShatteredTime:HextechProtobelt","ekkoTheBoyWhoShatteredTime:CommittedStrike","ekkoTheBoyWhoShatteredTime:Resocharge","ekkoTheBoyWhoShatteredTime:NeedlesslyLargeRod+1","ekkoTheBoyWhoShatteredTime:Timewinder","ekkoTheBoyWhoShatteredTime:Greed","ekkoTheBoyWhoShatteredTime:NeedlesslyLargeRod+1","ekkoTheBoyWhoShatteredTime:AfterimageTimeWrap","ekkoTheBoyWhoShatteredTime:DodgeTraining+1","ekkoTheBoyWhoShatteredTime:NaggingBlow","ekkoTheBoyWhoShatteredTime:TrinityForce+1","ekkoTheBoyWhoShatteredTime:AfterimageDualStroke+1","ekkoTheBoyWhoShatteredTime:TimeIndustry+1","ekkoTheBoyWhoShatteredTime:PhaseDive+1","ekkoTheBoyWhoShatteredTime:PhaseDive+1","ekkoTheBoyWhoShatteredTime:NeedlesslyLargeRod+1","ekkoTheBoyWhoShatteredTime:Resocharge","ekkoTheBoyWhoShatteredTime:CommittedStrike","ekkoTheBoyWhoShatteredTime:Leap+1","ekkoTheBoyWhoShatteredTime:Greed+1","ekkoTheBoyWhoShatteredTime:WideSlice+1","ReplayTheSpireMod:Splinters","animator:Curse_GriefSeed","Injury","ekkoTheBoyWhoShatteredTime:HauntingGuise+1","ekkoTheBoyWhoShatteredTime:SpHit+1","ekkoTheBoyWhoShatteredTime:Discharge+1","ekkoTheBoyWhoShatteredTime:NashorsTooth+1","ekkoTheBoyWhoShatteredTime:HextechProtobelt+1","ekkoTheBoyWhoShatteredTime:HextechProtobelt+1","ekkoTheBoyWhoShatteredTime:QuickBreak","ekkoTheBoyWhoShatteredTime:PhaseDive+1","ekkoTheBoyWhoShatteredTime:QuickBreak","ekkoTheBoyWhoShatteredTime:HauntingGuise+1","ekkoTheBoyWhoShatteredTime:TimeRecall+1","ekkoTheBoyWhoShatteredTime:Timewinder+1","ekkoTheBoyWhoShatteredTime:HextechProtobelt+1"],"relics":["ekkoTheBoyWhoShatteredTime:zDriveResonance","TungstenRod","theSenshi:FeatherClipsRelic","War Paint","Replay:Grab Bag","Philosopher\u0027s Stone","Busted Crown","Astrolabe","SlaversCollar","Molten Egg 2","Replay:Bottled Eggs","Replay:Ancient Bell","Happy Flower","Shuriken","Replay:Arrowhead","Replay:Bottled Steam","DeathKnight:SindragosasSkull","Iron Hammer","Red Mask"],"acts_visited":["Exordium","TheCity","TheBeyond"],"potions_floor_usage":[16,16,33,33,33,41,41,47,50,50],"damage_taken":[{"damage":0,"enemies":"Small Slimes","floor":1,"turns":5},{"damage":0,"enemies":"Cultist","floor":2,"turns":4},{"damage":2,"enemies":"2 Louse","floor":3,"turns":2},{"damage":27,"enemies":"Gremlin Nob","floor":6,"turns":5},{"damage":0,"enemies":"Large Slime","floor":11,"turns":3},{"damage":13,"enemies":"Blue Slaver","floor":12,"turns":2},{"damage":1,"enemies":"Looter","floor":13,"turns":3},{"damage":13,"enemies":"Fading Forest","floor":16,"turns":11},{"damage":0,"enemies":"Chosen","floor":18,"turns":3},{"damage":24,"enemies":"2 Thieves","floor":21,"turns":4},{"damage":2,"enemies":"3 Cultists","floor":28,"turns":3},{"damage":10,"enemies":"Snake Plant","floor":29,"turns":3},{"damage":2,"enemies":"Snecko","floor":31,"turns":3},{"damage":39,"enemies":"Collector","floor":33,"turns":4},{"damage":16,"enemies":"Orb Walker","floor":35,"turns":2},{"damage":13,"enemies":"3 Shapes","floor":36,"turns":3},{"damage":0,"enemies":"Transient","floor":37,"turns":5},{"damage":38,"enemies":"Writhing Mass","floor":39,"turns":3},{"damage":30,"enemies":"Giant Head","floor":41,"turns":6},{"damage":7,"enemies":"Jaw Worm Horde","floor":45,"turns":2},{"damage":15,"enemies":"Maw","floor":46,"turns":4},{"damage":6,"enemies":"4 Shapes","floor":47,"turns":2},{"damage":28,"enemies":"Time Eater","floor":50,"turns":6}],"seed_played":"-4256731385095111006","potions_obtained":[{"floor":2,"key":"Elixir"},{"floor":3,"key":"FearPotion"},{"floor":13,"key":"Block Potion"},{"floor":16,"key":"SteroidPotion"},{"floor":18,"key":"SteroidPotion"},{"floor":33,"key":"CultistPotion"},{"floor":36,"key":"sneckomod:MuddlingPotion"},{"floor":39,"key":"SteroidPotion"},{"floor":45,"key":"Energy Potion"},{"floor":46,"key":"Weak Potion"},{"floor":47,"key":"champ:CounterPotion"}],"is_trial":false,"path_per_floor":["M","M","M","?","$","E","R","$","T","R","M","M","M","?","R","B",null,"M","?","$","M","?","R","?","T","T","R","M","M","R","M","R","B",null,"M","M","M","$","M","R","E","R","T","?","M","M","M","$","R","B",null],"character_chosen":"EKKO_THE_BOY_WHO_SHATTERED_TIME","items_purchased":["ekkoTheBoyWhoShatteredTime:NeedlesslyLargeRod","ekkoTheBoyWhoShatteredTime:Timewinder","ekkoTheBoyWhoShatteredTime:NeedlesslyLargeRod","ekkoTheBoyWhoShatteredTime:NeedlesslyLargeRod","ekkoTheBoyWhoShatteredTime:Resocharge","ekkoTheBoyWhoShatteredTime:NashorsTooth","ekkoTheBoyWhoShatteredTime:HextechProtobelt+1","ekkoTheBoyWhoShatteredTime:QuickBreak","Replay:Bottled Steam","ekkoTheBoyWhoShatteredTime:HextechProtobelt+1"],"campfire_rested":2,"item_purchase_floors":[5,5,8,20,20,38,38,38,38,48],"current_hp_per_floor":[78,78,76,76,76,49,72,72,72,72,78,71,76,66,66,59,78,78,78,78,60,60,60,60,60,60,60,64,60,60,64,64,31,78,68,61,67,67,35,35,11,34,34,34,33,24,24,24,47,25],"gold":17,"neow_bonus":"ONE_RARE_RELIC","is_daily":false,"chose_seed":false,"campfire_upgraded":8,"win_rate":0.0,"timestamp":1608288361,"path_taken":["M","M","M","?","$","E","R","$","T","R","M","M","?","?","R","BOSS","M","?","$","M","?","R","?","?","T","R","M","M","R","M","R","BOSS","M","M","M","$","M","R","E","R","T","?","M","M","M","$","R","BOSS"],"items_purchased_type":["Card","Card","Card","Card","Card","Card","Card","Card","Relic","Card"],"build_version":"2020-12-13","purchased_purges":0,"victory":true,"max_hp_per_floor":[78,78,78,78,78,78,78,78,78,78,78,78,78,78,78,78,78,78,78,78,78,78,78,78,78,78,78,78,78,78,78,78,78,78,78,78,78,78,78,78,78,78,78,78,78,78,78,78,78,78],"card_choices":[{"not_picked":["ekkoTheBoyWhoShatteredTime:SneakHit","ekkoTheBoyWhoShatteredTime:HauntingGuise"],"picked":"ekkoTheBoyWhoShatteredTime:HextechProtobelt","floor":1},{"not_picked":["ekkoTheBoyWhoShatteredTime:Vibin","ekkoTheBoyWhoShatteredTime:HauntedAfterimage"],"picked":"ekkoTheBoyWhoShatteredTime:CommittedStrike","floor":2},{"not_picked":["ekkoTheBoyWhoShatteredTime:TimeRecall","ekkoTheBoyWhoShatteredTime:FeelIt"],"picked":"ekkoTheBoyWhoShatteredTime:Resocharge","floor":3},{"not_picked":["ekkoTheBoyWhoShatteredTime:FeelIt","ekkoTheBoyWhoShatteredTime:DodgeTraining"],"picked":"ekkoTheBoyWhoShatteredTime:Greed","floor":6},{"not_picked":["ekkoTheBoyWhoShatteredTime:HauntingGuise","ekkoTheBoyWhoShatteredTime:AfterimageSetup"],"picked":"ekkoTheBoyWhoShatteredTime:AfterimageTimeWrap","floor":11},{"not_picked":["ekkoTheBoyWhoShatteredTime:ComeAtMe","ekkoTheBoyWhoShatteredTime:SneakHit"],"picked":"ekkoTheBoyWhoShatteredTime:DodgeTraining","floor":12},{"not_picked":["ekkoTheBoyWhoShatteredTime:ZhonyasHourglass","ekkoTheBoyWhoShatteredTime:WideSlice"],"picked":"ekkoTheBoyWhoShatteredTime:NaggingBlow","floor":13},{"not_picked":["ekkoTheBoyWhoShatteredTime:ProjectPreference","ekkoTheBoyWhoShatteredTime:Unleashed"],"picked":"ekkoTheBoyWhoShatteredTime:TrinityForce","floor":16},{"not_picked":[],"picked":"ekkoTheBoyWhoShatteredTime:PhaseDive","floor":18},{"not_picked":[],"picked":"ekkoTheBoyWhoShatteredTime:CommittedStrike","floor":21},{"not_picked":[],"picked":"ekkoTheBoyWhoShatteredTime:Leap","floor":28},{"not_picked":[],"picked":"ekkoTheBoyWhoShatteredTime:Greed+1","floor":29},{"not_picked":[],"picked":"ekkoTheBoyWhoShatteredTime:WideSlice+1","floor":31},{"not_picked":[],"picked":"ReplayTheSpireMod:Splinters","floor":34},{"not_picked":[],"picked":"animator:Curse_GriefSeed","floor":34},{"not_picked":[],"picked":"Injury","floor":34},{"not_picked":[],"picked":"ekkoTheBoyWhoShatteredTime:HauntingGuise","floor":35},{"not_picked":[],"picked":"ekkoTheBoyWhoShatteredTime:SpHit+1","floor":36},{"not_picked":[],"picked":"ekkoTheBoyWhoShatteredTime:Discharge+1","floor":37},{"not_picked":[],"picked":"ekkoTheBoyWhoShatteredTime:PhaseDive+1","floor":39},{"not_picked":[],"picked":"ekkoTheBoyWhoShatteredTime:QuickBreak","floor":41},{"not_picked":[],"picked":"ekkoTheBoyWhoShatteredTime:HauntingGuise+1","floor":45},{"not_picked":[],"picked":"ekkoTheBoyWhoShatteredTime:TimeRecall+1","floor":46},{"not_picked":[],"picked":"ekkoTheBoyWhoShatteredTime:Timewinder+1","floor":47}],"player_experience":72106,"relics_obtained":[{"floor":6,"key":"theSenshi:FeatherClipsRelic"},{"floor":9,"key":"War Paint"},{"floor":25,"key":"Molten Egg 2"},{"floor":26,"key":"Replay:Bottled Eggs"},{"floor":41,"key":"DeathKnight:SindragosasSkull"},{"floor":43,"key":"Iron Hammer"}],"event_choices":[{"damage_healed":0,"gold_gain":0,"player_choice":"Upgraded","damage_taken":0,"max_hp_gain":0,"max_hp_loss":0,"event_name":"Upgrade Shrine","floor":4,"gold_loss":0,"cards_upgraded":["ekkoTheBoyWhoShatteredTime:TimeMaster"]},{"damage_healed":0,"gold_gain":75,"player_choice":"Gold","damage_taken":11,"max_hp_gain":0,"max_hp_loss":0,"event_name":"betterThird:BetterGoop","floor":14,"gold_loss":0},{"damage_healed":0,"gold_gain":0,"player_choice":"Bought 0 Potions","damage_taken":0,"max_hp_gain":0,"max_hp_loss":0,"event_name":"The Woman in Blue","floor":19,"gold_loss":0},{"damage_healed":0,"gold_gain":0,"player_choice":"Ignored","damage_taken":0,"max_hp_gain":0,"max_hp_loss":0,"event_name":"betterNote:BetterNote","floor":22,"gold_loss":0,"cards_obtained":["Strike_W"]},{"damage_healed":0,"gold_gain":0,"player_choice":"Paid","damage_taken":0,"relics_obtained":["Red Mask"],"max_hp_gain":0,"max_hp_loss":0,"event_name":"Tomb of Lord Red Mask","floor":44,"gold_loss":135}],"is_beta":false,"boss_relics":[{"not_picked":["ChewingGum","Empty Cage"],"picked":"Replay:Grab Bag"},{"not_picked":["Cursed Key","Replay:Wanted Poster"],"picked":"Philosopher\u0027s Stone"},{"not_picked":["ReplayTheSpireMod:Onyx Gauntlets","ReplayTheSpireMod:DimensionalGlitch"],"picked":"Busted Crown"},{"not_picked":["Kintsugi","Snecko Eye"],"picked":"Astrolabe"},{"not_picked":["Black Star","SacredBark"],"picked":"SlaversCollar"},{"not_picked":["Tiny House","Velvet Choker"],"picked":"Replay:Ancient Bell"},{"not_picked":["Grinning Jar","Bag of Marbles"],"picked":"Happy Flower"},{"not_picked":["Question Card","Pantograph"],"picked":"Shuriken"},{"not_picked":["WingedGreaves","Counterbalance"],"picked":"Replay:Arrowhead"}],"items_purged_floors":[],"is_endless":false,"potions_floor_spawned":[2,3,13,16,18,28,33,36,39,45,46,47],"ascension_level":0}}