{"host":"l85rtarfuh0ld3b1","time":1608293874,"event":{"mods":["Act Like it!","BaseMod","BetterRewards","CapriCore","Chen","Decade(王小明)","Gensokyo","KinomotoSakuraMod(木之本樱)","Koishi","Marisa（F雨　魔理沙）","Minty Spire (QoL Compilation)","Nova Terra(诺娃・泰拉)","Permanent Neow","Reimu（博丽灵梦）","Remilia（蕾米莉亚）","Shop Mod","StSLib","TestMod","The Administrix","The Immortal","The Servant 0.9.4","【东方二次创作】八云紫mod"],"gold_per_floor":[114,114,4603,4603,4612,6190,6190,6219,6292,6321,6321,6354,6439,6279,6279,6364,6364,6376,6451,6465,6745,6625,6625,6633,6658,6658,6674,6674,6714,6743,6760,6760,6836,6836,6850,6129,6148,6148,5806,5833,5833,5833,5833,5135,5154,5154,5181,8716,8716,8716,8716,8716,8504,8537,8537],"floor_reached":56,"playtime":3660,"items_purged":["Strike_MRS","Strike_MRS","Defend_MRS","Strike_MRS","Defend_MRS","Defend_MRS","Defend_MRS","Defend_MRS","Defend_MRS","UpSweep","UpSweep","Defend_MRS","Defend_MRS","Strike_MRS","Strike_MRS","MasterSpark","MasterSpark","ClowCardTheFly","StarlightTyphoon+1","StarlightTyphoon+1","Injury","Gensokyo:AllTheWorldsEvil","Injury","Injury","Panache+1","Greed_TH","Greed_TH","AdministrixMod:BishamonBlessing+1","IllusionStar+1","JA+1"],"score":3030,"play_id":"44463fbf-a442-4338-af21-8ef217e2fc8e","local_time":"20201218201754","is_ascension_mode":true,"campfire_choices":[{"floor":7,"key":"RECALL"},{"data":"1","floor":11,"key":"LIFT"},{"data":"WitchLeyline","floor":15,"key":"SMITH"},{"data":"2","floor":23,"key":"LIFT"},{"data":"3","floor":28,"key":"LIFT"},{"data":"SatelliteIllusion+1","floor":32,"key":"PURGE"},{"data":"FlawlessForm+1","floor":41,"key":"PURGE"},{"data":"Moondial+1","floor":46,"key":"PURGE"},{"data":"Offering+1","floor":49,"key":"PURGE"},{"data":"Orbital+1","floor":52,"key":"PURGE"}],"circlet_count":0,"master_deck":["SakuraCardTheLight+","SakuraCardTheDash+","SakuraCardTheBubbles+","AscendersBane","WitchLeyline+1","ManaRampage+1","ManaConvection+1","Panache+1","Orbital+1","ClowCardTheFly+1","Adrenaline+1","Adrenaline+1","HeartBreak+1"],"relics":["MiniHakkero","testmod-TestBox","testmod-Fanaticism","MerchantsRug","testmod-HeartOfDaVinci","Membership Card","Juzu Bracelet","testmod-CrystalShield","testmod-CyclicPeriapt","AdministrixMod:PrescriptionBottle","Toxic Egg 2","KSMOD_SealedBook","Medical Kit","Ice Cream","Bottled Flame","Mastiff:ReiMu","Girya","Tiny Chest","AdministrixMod:GoldenChickadee","Peace Pipe","SimpleLauncher","testmod-Charity","White Beast Statue","KSMOD_MoonBell","ClockworkSouvenir","Gungnir","Chemical X","KSMOD_SealedWand","Question Card","HandmadeGrimoire","Darkstone Periapt","CeramicFish","Incense Burner","Bottled Lightning","testmod-IndustrialRevolution","Letter Opener","KSMOD_TomoyosHeart","testmod-Acrobat","Molten Egg 2","KSMOD_Compass","KSMOD_TaoistSuit","KSMOD_TeddyBear","Memoryfragments_purpleEX","KSMOD_TouyasBicycle","Frozen Egg 2","FossilizedHelix","Blue Candle","Toy Ornithopter","AmplifyWand","KSMOD_Cerberus","AntiCross","testmod-Laevatain","Singing Bowl","Bottled Tornado","Lizard Tail","testmod-ObsoleteBoomerang","FairyMaid","Gensokyo:OccultBall","BigShroomBag","Paper Crane","Bow_fan:ReiMu","SkyOrb:ReiMu","Thread and Needle","Enchiridion","Runic Pyramid","Gensokyo:LionMask","Cables","AdministrixMod:KeyOfKings","Turnip","Black Star","SproutingBranch","testmod-TheFather","testmod-Déjàvu","PureWhite:ReiMu","SproutingBranch","Emotion Chip","Unceasing Top","testmod-InjuryResistance","testmod-Maize","Du-Vu Doll","KSMOD_Yue","MokouMod:PhoenixFeather","Champion Belt","testmod-Muramasa","PocketWatch","Magic Flower","Decadriver"],"acts_visited":["Gensokyo:Gensokyo","Gensokyo:Gensokyoer","TheBeyond","TheEnding"],"potions_floor_usage":[0,0,0,0,0,0,0,0,0,0,0,0,0,0,0,0,0,21],"damage_taken":[{"damage":0,"enemies":"Gensokyo:3_Fairies","floor":1,"turns":2},{"damage":0,"enemies":"Gensokyo:Python","floor":5,"turns":1},{"damage":254,"enemies":"Gensokyo:Mamizou","floor":6,"turns":1},{"damage":47,"enemies":"Gensokyo:Cirno","floor":8,"turns":4},{"damage":0,"enemies":"Gensokyo:Mamizou","floor":10,"turns":1},{"damage":73,"enemies":"Gensokyo:Aya","floor":12,"turns":1},{"damage":0,"enemies":"Gensokyo:Reimu","floor":16,"turns":1},{"damage":0,"enemies":"Gensokyo:CosmicMonolith","floor":18,"turns":1},{"damage":0,"enemies":"Gensokyo:AngelMirror","floor":20,"turns":1},{"damage":0,"enemies":"Gensokyo:Reisen","floor":25,"turns":1},{"damage":0,"enemies":"Gensokyo:Slime_Group","floor":27,"turns":1},{"damage":0,"enemies":"Gensokyo:Koishi","floor":30,"turns":2},{"damage":9,"enemies":"Gensokyo:Chomper_and_Gloop","floor":31,"turns":1},{"damage":2,"enemies":"Gensokyo:Kaguya","floor":33,"turns":1},{"damage":5,"enemies":"3 Darklings","floor":35,"turns":1},{"damage":0,"enemies":"Orb Walker","floor":37,"turns":1},{"damage":0,"enemies":"Reptomancer","floor":40,"turns":2},{"damage":2,"enemies":"4 Shapes","floor":45,"turns":1},{"damage":0,"enemies":"Nemesis","floor":47,"turns":1},{"damage":271,"enemies":"3 Darklings","floor":48,"turns":1},{"damage":62,"enemies":"Time Eater","floor":50,"turns":2},{"damage":0,"enemies":"Shield and Spear","floor":54,"turns":1},{"damage":2,"enemies":"The Heart","floor":55,"turns":1}],"seed_played":"-6387964136908794285","potions_obtained":[{"floor":0,"key":"MagicPotion:ReiMu"},{"floor":0,"key":"Regen Potion"},{"floor":0,"key":"Fruit Juice"},{"floor":0,"key":"Dexterity Potion"},{"floor":0,"key":"DuplicationPotion"},{"floor":0,"key":"MagicPotion:ReiMu"},{"floor":0,"key":"Regen Potion"},{"floor":0,"key":"Fruit Juice"},{"floor":0,"key":"Dexterity Potion"},{"floor":0,"key":"DuplicationPotion"},{"floor":1,"key":"SkillPotion"},{"floor":5,"key":"DuplicationPotion"},{"floor":6,"key":"Swift Potion"},{"floor":8,"key":"Dexterity Potion"},{"floor":10,"key":"Strength Potion"},{"floor":12,"key":"Explosive Potion"},{"floor":16,"key":"SkillPotion"},{"floor":18,"key":"SneckoOil"},{"floor":20,"key":"BottledSpark"},{"floor":25,"key":"Ancient Potion"},{"floor":27,"key":"Block Potion"},{"floor":30,"key":"SkillPotion"},{"floor":31,"key":"DuplicationPotion"},{"floor":33,"key":"Energy Potion"},{"floor":35,"key":"DuplicationPotion"},{"floor":37,"key":"DuplicationPotion"},{"floor":40,"key":"PowerPotion"},{"floor":45,"key":"ZuzhouPotion:ReiMu"},{"floor":48,"key":"AttackPotion"},{"floor":54,"key":"GrandPatriotsElixir:ReiMu"}],"is_trial":false,"path_per_floor":["M","?","$","?","M","E","R","E","T","E","R","E","$","?","R","B",null,"M","T","M","$","?","R","?","E","T","M","R","$","E","M","R","B",null,"M","$","M","T","$","E","R","?","T","$","M","R","E","M","R","B",null,"R","$","E","B",null],"character_chosen":"MARISA","items_purchased":["MerchantsRug","testmod-HeartOfDaVinci","Membership Card","WingedGreaves","Lee\u0027s Waffle","Ancient Tea Set","Shuriken","Juzu Bracelet","Bag of Preparation","WitchLeyline","testmod-IWantAll","Omamori","TwistedFunnel","Gremlin Horn","testmod-CrystalShield","testmod-SpacePotion","Meat on the Bone","KneeBrace","testmod-Register","Koishi:ImaginaryFriend","PreservedInsect","Frozen Eye","testmod-LifeArmor","AdministrixMod:AbandonedRose","Sling","Akabeko","Boot","testmod-CyclicPeriapt","Matryoshka","KSMOD_YukitosBentoBox","TheEssenceOfRealm","testmod-SpacePotion","testmod-ArcanaOfDestiny","Mummified Hand","testmod-MagicalMallet","testmod-InfectionSource","AdministrixMod:PrescriptionBottle","TheAbacus","Fruit Juice","testmod-Antiphasic","KSMOD_RollerSkates","Boundary_crack","MealTicket","KSMOD_GemBrooch","Toxic Egg 2","ManaRampage+1","OrangePellets","KSMOD_SealedBook","InkBottle","Strange Spoon","Medical Kit","Dream Catcher","Ice Cream","EntropicBrew","Bottled Flame","Pan","Mastiff:ReiMu","Koishi:AHoleWhereASisterShouldBe","PrismaticShard","EscapeVelocity","Toolbox","ManaConvection+1","testmod-SpacePotion","Girya","Tiny Chest","Centennial Puzzle","Tea:ReiMu","AdministrixMod:GoldenChickadee","testmod-Faith","Anchor","Peace Pipe","Fruit Juice","Sundial","Cauldron","testmod-SpacePotion","Antimatter_spacedebris","StarlightTyphoon+1","Pantograph","TentaclePot:ReiMu","Broom","testmod-Motorcycle","testmod-ThousandKnives","testmod-AssaultLearning","Fruit Juice","Brimstone","Orichalcum","SimpleLauncher","testmod-Hope","Bag of Marbles","Blood Vial","testmod-TurbochargingSystem","Panache","testmod-Charity","testmod-Brilliant","War Paint","White Beast Statue","KSMOD_MoonBell","ClockworkSouvenir","testmod-SpacePotion","testmod-DragonStarHat","Oddly Smooth Stone","testmod-BouquetWithThorns","Gungnir","Chemical X","Strawberry","Pocketwatch","KSMOD_SealedWand","Question Card","RomanBracelet","HandmadeGrimoire","CrazyTorch:ReiMu","Orbital+1","ScarletDevilRocket","Nunchaku","Mango","Happy Flower","Darkstone Periapt","Eternal Feather","DollysMirror","CeramicFish","ShroomBag","Lantern","Calipers","Pen Nib","Pear","TungstenRod","HornCleat","Ornamental Fan","Incense Burner","HandDrill","Bottled Lightning","EntropicBrew","PaperSwan","BreadOfAWashokuLover","testmod-IndustrialRevolution","Snake Skull","Letter Opener","Bronze Scales","KSMOD_SwordJade","RedBat","KSMOD_TomoyosHeart","testmod-Acrobat","NovaMod:GhostSuit","Molten Egg 2","Tingsha","KSMOD_Compass","Potion Belt","KSMOD_TaoistSuit","Vajra","Ninja Scroll","KSMOD_TeddyBear","Memoryfragments_purpleEX","KSMOD_TouyasBicycle","Frozen Egg 2","testmod-OneHitWonder","Art of War","FossilizedHelix","JA+1","Fruit Juice","Blue Candle","Toy Ornithopter","AmplifyWand","RuthlessExorcism:ReiMu","KSMOD_Cerberus","StrikeDummy","AntiCross","Paper Frog","Regal Pillow","Mercury Hourglass","testmod-Laevatain","ThegodofHakurei_purpleEX","Fruit Juice","Singing Bowl","Panache+1","Orrery","TypeBBloodRedTea","Bottled Tornado","testmod-RealStoneCalender","Torii","EntropicBrew","Kunai","Lizard Tail","testmod-ObsoleteBoomerang","EntropicBrew","FairyMaid","BigShroomBag","testmod-SpacePotion","SproutingBranch","testmod-TheFather","PureWhite:ReiMu","SproutingBranch","testmod-Maize","Du-Vu Doll","ShroomBrew","Champion Belt","testmod-Muramasa","PocketWatch"],"campfire_rested":0,"item_purchase_floors":[0,0,0,0,0,0,0,0,0,0,0,0,0,0,0,0,0,0,0,0,0,0,0,0,0,0,0,0,0,0,0,0,0,0,0,0,0,0,0,0,0,0,0,0,0,0,0,0,0,0,0,0,0,0,0,0,0,0,0,0,0,0,0,0,0,0,0,0,0,0,0,0,0,0,0,0,0,0,0,0,0,0,0,0,0,0,0,0,0,0,0,0,0,0,0,0,0,0,0,0,0,0,0,0,0,0,0,0,0,0,0,0,0,0,0,0,0,0,0,0,0,0,0,0,0,0,0,0,0,0,0,0,0,0,0,0,0,0,0,0,0,0,0,0,0,0,0,0,0,0,0,0,0,0,0,0,0,0,0,0,0,0,0,0,0,0,0,0,0,0,0,0,0,0,0,0,0,0,0,0,0,0,0,0,0,3,21,36,36,39,39,44,44,53,53,53,53],"current_hp_per_floor":[188,188,307,307,311,235,235,222,223,230,230,165,170,170,170,191,358,364,365,374,386,386,386,387,394,394,403,403,405,415,421,421,436,465,471,471,481,481,481,514,514,514,514,514,532,532,544,560,560,573,573,573,583,599,614],"gold":8537,"neow_bonus":"","is_daily":false,"chose_seed":false,"campfire_upgraded":1,"win_rate":0.0,"timestamp":1608293874,"path_taken":["M","?","$","?","M","E","R","E","T","E","R","E","$","?","R","BOSS","M","?","M","$","?","R","?","E","T","M","R","?","E","M","R","BOSS","M","$","M","?","?","E","R","?","T","$","M","R","E","M","R","BOSS","R","$","E","BOSS"],"items_purchased_type":["Relic","Relic","Relic","Relic","Relic","Relic","Relic","Relic","Relic","Card","Relic","Relic","Relic","Relic","Relic","Potion","Relic","Relic","Relic","Relic","Relic","Relic","Relic","Relic","Relic","Relic","Relic","Relic","Relic","Relic","Relic","Potion","Relic","Relic","Relic","Relic","Relic","Relic","Potion","Relic","Relic","Relic","Relic","Relic","Relic","Card","Relic","Relic","Relic","Relic","Relic","Relic","Relic","Potion","Relic","Relic","Relic","Relic","Relic","Card","Relic","Card","Potion","Relic","Relic","Relic","Relic","Relic","Relic","Relic","Relic","Potion","Relic","Relic","Potion","Relic","Card","Relic","Relic","Relic","Relic","Relic","Relic","Potion","Relic","Relic","Relic","Relic","Relic","Relic","Relic","Card","Relic","Relic","Relic","Relic","Relic","Relic","Potion","Relic","Relic","Relic","Relic","Relic","Relic","Relic","Relic","Relic","Relic","Relic","Relic","Card","Relic","Relic","Relic","Relic","Relic","Relic","Relic","Relic","Relic","Relic","Relic","Relic","Relic","Relic","Relic","Relic","Relic","Relic","Relic","Potion","Relic","Relic","Relic","Relic","Relic","Relic","Relic","Relic","Relic","Relic","Relic","Relic","Relic","Relic","Relic","Relic","Relic","Relic","Relic","Relic","Relic","Relic","Relic","Relic","Relic","Card","Potion","Relic","Relic","Relic","Relic","Relic","Relic","Relic","Relic","Relic","Relic","Relic","Relic","Potion","Relic","Card","Relic","Relic","Relic","Relic","Relic","Potion","Relic","Relic","Relic","Potion","Relic","Relic","Potion","Relic","Relic","Relic","Relic","Relic","Relic","Potion","Relic","Relic","Relic"],"build_version":"2020-12-13","purchased_purges":30,"victory":true,"max_hp_per_floor":[243,243,347,347,351,360,360,377,378,385,385,390,395,395,395,413,413,417,418,423,430,430,430,431,437,437,444,444,446,451,460,460,475,475,481,481,490,490,490,514,514,514,514,514,534,534,544,560,560,573,573,573,583,599,614],"card_choices":[{"not_picked":["Armaments+1","Chen:Instinct+1","Boundary_ObjectiveBoundary_purple+1","ManaRampage+1"],"picked":"Singing Bowl","floor":0},{"not_picked":["ConjureBlade+1","EmptyFist+1","NineCharacters:ReiMu+1","HellCatastrophe+1"],"picked":"Singing Bowl","floor":0},{"not_picked":["StateDuplicate_purple+1","ScarletDream+1","NovaMod:Bioaugmentation+1","Pommel Strike+1"],"picked":"Singing Bowl","floor":0},{"not_picked":["6A+1","Moonlight+1","FormRideFlame+1","Fancifulhole_purple+1"],"picked":"Singing Bowl","floor":0},{"not_picked":["Sucker Punch+1","Barrage+1","ManaConvection+1","Caltrops+1"],"picked":"Singing Bowl","floor":0},{"not_picked":["ClowCardTheSnow+1","ClowCardTheChange+1","Decade_Invisible+1","WitchOfGreed+1"],"picked":"Singing Bowl","floor":1},{"not_picked":["WitchLeyline+1","GrandCross+1","AsteroidBelt+1","UnstableBomb+1"],"picked":"Singing Bowl","floor":5},{"not_picked":["OortCloud+1","WitchOfGreed+1","GravityBeat+1","SporeBomb+1"],"picked":"Singing Bowl","floor":6},{"not_picked":["LuminesStrike+1","DoubleSpark+1","WitchLeyline+1","SporeBomb+1"],"picked":"Singing Bowl","floor":8},{"not_picked":["ShootingEcho+1","BlazingStar+1","IllusionStar+1","LuminesStrike+1"],"picked":"Singing Bowl","floor":10},{"not_picked":["PowerUp+1","ShootingEcho+1","WitchLeyline+1","OneTimeOff+1"],"picked":"Singing Bowl","floor":12},{"not_picked":["FinalSpark+1","EscapeVelocity+1","CollectingQuirk+1"],"picked":"SatelliteIllusion+1","floor":16},{"not_picked":["Acceleration+1","MagicChant+1","WitchLeyline+1","DoubleSpark+1"],"picked":"Singing Bowl","floor":18},{"not_picked":["AsteroidBelt+1","UnstableBomb+1","MilkyWay+1","OrrerysSun+1"],"picked":"Singing Bowl","floor":20},{"not_picked":["AsteroidBelt+1","UnstableBomb+1","PropBag+1","Acceleration+1"],"picked":"Singing Bowl","floor":25},{"not_picked":["LuminesStrike+1","DeepEcoloBomb+1","ChargingUp+1","EnergyRecoil+1"],"picked":"Singing Bowl","floor":27},{"not_picked":["PropBag+1","SprinkleStarSeal+1","ShootTheMoon+1","ManaConvection+1"],"picked":"Singing Bowl","floor":30},{"not_picked":["GrandCross+1","DoubleSpark+1","OneTimeOff+1","DC+1"],"picked":"Singing Bowl","floor":31},{"not_picked":["BigCrunch+1","SatelliteIllusion+1","SuperNova+1","BinaryStars+1"],"picked":"Singing Bowl","floor":33},{"not_picked":["MysteriousBeam+1","WitchOfGreed+1","SporeBomb+1","SuperPerseids+1"],"picked":"Singing Bowl","floor":35},{"not_picked":["AsteroidBelt+1","UnstableBomb+1","ShootTheMoon+1","OrrerysSun+1"],"picked":"Singing Bowl","floor":37},{"not_picked":["NonDirectionalLaser+1","BlazingStar+1","ShootingEcho+1","MilkyWay+1"],"picked":"Singing Bowl","floor":40},{"not_picked":["StarBarrage+1","DC+1","SporeBomb+1","ChargingUp+1"],"picked":"Singing Bowl","floor":45},{"not_picked":["PulseMagic+1","WitchOfGreed+1","GasGiant+1","UnstableBomb+1"],"picked":"Singing Bowl","floor":47},{"not_picked":["GalacticHalo+1","OortCloud+1","DC+1","AsteroidBelt+1"],"picked":"Singing Bowl","floor":48},{"not_picked":["BlazeAway+1","NonDirectionalLaser+1","BigCrunch+1","Acceleration+1"],"picked":"Singing Bowl","floor":54}],"player_experience":589418,"relics_obtained":[{"floor":6,"key":"Paper Crane"},{"floor":8,"key":"Bow_fan:ReiMu"},{"floor":9,"key":"SkyOrb:ReiMu"},{"floor":10,"key":"Thread and Needle"},{"floor":12,"key":"Symbiotic Virus"},{"floor":16,"key":"Gensokyo:OccultBall"},{"floor":19,"key":"Koishi:TeethAndClaws"},{"floor":19,"key":"Self Forming Clay"},{"floor":25,"key":"Cables"},{"floor":26,"key":"AdministrixMod:KeyOfKings"},{"floor":30,"key":"Turnip"},{"floor":33,"key":"Gensokyo:OccultBall"},{"floor":35,"key":"Gensokyo:OccultBall"},{"floor":38,"key":"testmod-Déjàvu"},{"floor":40,"key":"Emotion Chip"},{"floor":40,"key":"Unceasing Top"},{"floor":43,"key":"testmod-InjuryResistance"},{"floor":45,"key":"Gensokyo:OccultBall"},{"floor":47,"key":"Gensokyo:OccultBall"},{"floor":47,"key":"KSMOD_Yue"},{"floor":47,"key":"MokouMod:PhoenixFeather"},{"floor":54,"key":"Magic Flower"},{"floor":54,"key":"Decadriver"}],"event_choices":[{"cards_removed":["EscapeVelocity"],"damage_healed":0,"gold_gain":0,"player_choice":"Purged","damage_taken":0,"max_hp_gain":0,"max_hp_loss":0,"event_name":"Purifier","floor":42,"gold_loss":0}],"is_beta":false,"boss_relics":[{"not_picked":["testmod-KeyOfTheVoid","SplendidAttire"],"picked":"Runic Pyramid"},{"not_picked":["Runic Cube","ScarletEmblem"],"picked":"Black Star"}],"items_purged_floors":[0,0,0,0,0,0,0,0,0,0,0,0,0,0,0,0,0,0,0,0,0,0,0,0,0,0,0,3,36,44],"is_endless":false,"potions_floor_spawned":[1,5,6,8,10,12,16,18,20,25,27,30,31,33,35,37,40,45,48,54],"ascension_level":14}}