{"host":"nmxkoih8gpfa0ew7","time":1608263575,"event":{"mods":["AchievementEnabler","BaseMod","Better Third Choice","Colored Map","Colored Powertips","Minty Spire (QoL Compilation)","Slay-I","StSLib"],"gold_per_floor":[112,37,37,49,49,77,77,104,104,122,152,8,22,22,22,123,123,137,137,154,173,173,173,202,202,227,142,142,173,173,188,188,188,188],"floor_reached":33,"playtime":2329,"items_purged":["Regret"],"score":477,"play_id":"824cefe9-1684-4f55-9da3-6630424d3797","local_time":"20201217195255","is_ascension_mode":true,"campfire_choices":[{"data":"Wild Strike","floor":7,"key":"SMITH"},{"floor":15,"key":"RECALL"},{"floor":23,"key":"REST"},{"floor":32,"key":"REST"}],"circlet_count":0,"master_deck":["AscendersBane","Strike_R","Strike_R","Strike_R","Strike_R","Strike_R","Defend_R","Defend_R","Defend_R","Defend_R","Iron Wave","Wild Strike+1","Power Through","Finesse","Clash","Armaments","Power Through","Pommel Strike+1","Clothesline","Reaper","Shrug It Off","Heavy Blade","Dropkick+1","Iron Wave","Ghostly","Ghostly","Ghostly","Ghostly","Ghostly","Pommel Strike+1","Armaments"],"relics":["Burning Blood","InkBottle","Darkstone Periapt","Shuriken","Pear","Medical Kit","Fusion Hammer","Blood Vial","The Courier","Ancient Tea Set","Juzu Bracelet","Paper Frog"],"acts_visited":["Exordium","TheCity"],"potions_floor_usage":[6,8,11,21,24,33],"damage_taken":[{"damage":23,"enemies":"Jaw Worm","floor":1,"turns":5},{"damage":10,"enemies":"Small Slimes","floor":4,"turns":4},{"damage":23,"enemies":"Lagavulin","floor":6,"turns":8},{"damage":23,"enemies":"3 Sentries","floor":8,"turns":7},{"damage":0,"enemies":"Cultist","floor":10,"turns":3},{"damage":9,"enemies":"Lagavulin","floor":11,"turns":8},{"damage":2,"enemies":"Red Slaver","floor":13,"turns":3},{"damage":30,"enemies":"Hexaghost","floor":16,"turns":16},{"damage":13,"enemies":"3 Byrds","floor":18,"turns":7},{"damage":22,"enemies":"Shell Parasite","floor":20,"turns":8},{"damage":20,"enemies":"Cultist and Chosen","floor":21,"turns":9},{"damage":50,"enemies":"Slavers","floor":24,"turns":7},{"damage":44,"enemies":"Book of Stabbing","floor":29,"turns":9},{"damage":13,"enemies":"Snake Plant","floor":31,"turns":7},{"damage":44,"enemies":"Collector","floor":33,"turns":8}],"seed_played":"2913363334962880840","potions_obtained":[{"floor":4,"key":"ColorlessPotion"},{"floor":6,"key":"Energy Potion"},{"floor":8,"key":"CultistPotion"},{"floor":18,"key":"Block Potion"},{"floor":21,"key":"SteroidPotion"},{"floor":31,"key":"FearPotion"}],"is_trial":false,"path_per_floor":["M","$","?","M","?","E","R","E","T","M","E","$","M","$","R","B",null,"M","?","M","M","?","R","E","?","T","?","?","E","?","M","R","B"],"character_chosen":"IRONCLAD","items_purchased":["Medical Kit"],"campfire_rested":2,"item_purchase_floors":[12],"current_hp_per_floor":[55,55,55,51,51,34,34,17,17,23,30,30,34,34,34,10,70,69,69,55,51,33,61,46,46,46,46,46,12,12,12,26,0,0],"gold":188,"neow_bonus":"RANDOM_COLORLESS_2","is_daily":false,"chose_seed":false,"campfire_upgraded":1,"win_rate":0.0,"timestamp":1608263575,"path_taken":["M","$","?","M","?","E","R","E","T","?","E","$","M","?","R","BOSS","M","?","M","M","?","R","E","?","T","?","?","E","?","M","R","BOSS"],"items_purchased_type":["Relic"],"build_version":"2020-12-13","purchased_purges":1,"victory":false,"max_hp_per_floor":[80,80,80,80,80,80,80,80,80,80,90,90,90,90,90,90,90,90,90,90,90,95,95,95,47,47,47,47,47,47,47,47,47,47],"card_choices":[{"not_picked":["Secret Weapon","Magnetism"],"picked":"Sadistic Nature","floor":0},{"not_picked":["Wild Strike","Whirlwind"],"picked":"Iron Wave","floor":1},{"not_picked":["Pommel Strike","Blood for Blood"],"picked":"Power Through","floor":4},{"not_picked":["Warcry","Seeing Red"],"picked":"Clash","floor":6},{"not_picked":["Iron Wave","Shrug It Off"],"picked":"Armaments","floor":8},{"not_picked":["Havoc","Twin Strike"],"picked":"Power Through","floor":10},{"not_picked":["Iron Wave","Combust"],"picked":"Pommel Strike","floor":11},{"not_picked":["Sentinel","Evolve"],"picked":"Clothesline","floor":13},{"not_picked":["Offering","Limit Break"],"picked":"Reaper","floor":16},{"not_picked":["Carnage","Dual Wield+1"],"picked":"Shrug It Off","floor":18},{"not_picked":["Cleave","Havoc"],"picked":"Heavy Blade","floor":20},{"not_picked":["Searing Blow","Body Slam"],"picked":"Dropkick+1","floor":21},{"not_picked":["Sentinel","Perfected Strike"],"picked":"Iron Wave","floor":24},{"not_picked":["Sword Boomerang","Headbutt"],"picked":"Pommel Strike+1","floor":29},{"not_picked":["Searing Blow+1","Dual Wield"],"picked":"Armaments","floor":31}],"player_experience":490627,"relics_obtained":[{"floor":6,"key":"InkBottle"},{"floor":8,"key":"Darkstone Periapt"},{"floor":9,"key":"Shuriken"},{"floor":11,"key":"Pear"},{"floor":24,"key":"The Courier"},{"floor":26,"key":"Ancient Tea Set"},{"floor":29,"key":"Paper Frog"}],"event_choices":[{"damage_healed":0,"gold_gain":0,"cards_transformed":["Bash"],"player_choice":"Change","damage_taken":0,"max_hp_gain":0,"max_hp_loss":0,"event_name":"Living Wall","floor":3,"gold_loss":0,"cards_obtained":["Wild Strike"]},{"damage_healed":0,"gold_gain":0,"cards_transformed":["Sadistic Nature"],"player_choice":"Transformed","damage_taken":0,"max_hp_gain":0,"max_hp_loss":0,"event_name":"Transmorgrifier","floor":5,"gold_loss":0,"cards_obtained":["Finesse"]},{"damage_healed":0,"gold_gain":0,"player_choice":"Opened","damage_taken":0,"relics_obtained":["Blood Vial"],"max_hp_gain":0,"max_hp_loss":0,"event_name":"The Mausoleum","floor":19,"gold_loss":0},{"damage_healed":0,"gold_gain":0,"player_choice":"Shed Blood","damage_taken":23,"max_hp_gain":5,"max_hp_loss":0,"event_name":"Forgotten Altar","floor":22,"gold_loss":0},{"damage_healed":0,"gold_gain":0,"player_choice":"Became a Ghost","damage_taken":0,"max_hp_gain":0,"max_hp_loss":48,"event_name":"Ghosts","floor":25,"gold_loss":0,"cards_obtained":["Ghostly","Ghostly","Ghostly","Ghostly","Ghostly"]},{"damage_healed":0,"gold_gain":0,"player_choice":"Obtained Relic","damage_taken":0,"relics_obtained":["Juzu Bracelet"],"max_hp_gain":0,"max_hp_loss":0,"event_name":"Addict","floor":27,"gold_loss":85},{"damage_healed":0,"gold_gain":0,"player_choice":"Upgraded","damage_taken":0,"max_hp_gain":0,"max_hp_loss":0,"event_name":"Upgrade Shrine","floor":28,"gold_loss":0,"cards_upgraded":["Pommel Strike"]},{"damage_healed":0,"gold_gain":0,"player_choice":"Ignored","damage_taken":0,"max_hp_gain":0,"max_hp_loss":0,"event_name":"Beggar","floor":30,"gold_loss":0}],"is_beta":false,"boss_relics":[{"not_picked":["Astrolabe","Coffee Dripper"],"picked":"Fusion Hammer"}],"items_purged_floors":[2],"is_endless":false,"potions_floor_spawned":[4,6,8,18,21,31],"killed_by":"Collector","ascension_level":10}}