{"host":"KYO","time":1608280947,"event":{"mods":["BaseMod","BetterRewards","Minty Spire (QoL Compilation)","Robot Space Explorer","StSLib","SuperFastMode","[IsaacMod]ÒÔÈö¼âËþ"],"gold_per_floor":[113,113,123,137,137,166,184,201,201,232,251,251,270,301,301,406,406,422,431,540,540,540],"floor_reached":21,"playtime":1302,"items_purged":["RobotSpaceExplorer:Defend","Injury"],"score":301,"play_id":"f4a01f6f-8604-4e22-a014-8c1f96551e67","local_time":"20201218164227","is_ascension_mode":false,"campfire_choices":[{"data":"RobotSpaceExplorer:ExhaustFan","floor":12,"key":"SMITH"},{"data":"DoctorFetus","floor":15,"key":"SMITH"}],"circlet_count":0,"master_deck":["RobotSpaceExplorer:Strike","RobotSpaceExplorer:Strike","RobotSpaceExplorer:Strike","RobotSpaceExplorer:Strike","RobotSpaceExplorer:Defend","RobotSpaceExplorer:Defend","RobotSpaceExplorer:Scan","RobotSpaceExplorer:MiniLasers","DoctorFetus+1","Flash of Steel","RobotSpaceExplorer:ExhaustFan+1","RobotSpaceExplorer:ScrapToss","RobotSpaceExplorer:GearShield+1","RobotSpaceExplorer:RigExplosive+1","RobotSpaceExplorer:PowerCollector"],"relics":["RobotSpaceExplorer:RoboCore","HushsDoor","GuppysPaw","Toxic Egg 2","SatanicBible","Sling","Pen Nib","DeathBook","Darkstone Periapt","Molten Egg 2","Runic Pyramid","BelialBook","Damocles","CeramicFish"],"acts_visited":["Exordium","TheCity"],"potions_floor_usage":[6,11,16],"damage_taken":[{"damage":6.0,"enemies":"Jaw Worm","floor":1.0,"turns":5.0},{"damage":0,"enemies":"Cultist","floor":3,"turns":3},{"damage":0,"enemies":"2 Louse","floor":4,"turns":3},{"damage":0,"enemies":"Gremlin Nob","floor":6,"turns":2},{"damage":2,"enemies":"Red Slaver","floor":7,"turns":3},{"damage":0,"enemies":"2 Fungi Beasts","floor":8,"turns":3},{"damage":26,"enemies":"Lagavulin","floor":10,"turns":4},{"damage":0,"enemies":"Large Slime","floor":11,"turns":6},{"damage":0,"enemies":"Looter","floor":13,"turns":3},{"damage":0,"enemies":"3 Sentries","floor":14,"turns":1},{"damage":0,"enemies":"Slime Boss","floor":16,"turns":5},{"damage":0,"enemies":"Chosen","floor":18,"turns":3}],"seed_played":"8308649390559746218","potions_obtained":[{"floor":3,"key":"Swift Potion"},{"floor":4,"key":"Explosive Potion"},{"floor":6,"key":"Fire Potion"},{"floor":10,"key":"Strength Potion"},{"floor":14,"key":"Fire Potion"},{"floor":16,"key":"FearPotion"},{"floor":18,"key":"RobotSpaceExplorer:RecyclePotion"}],"is_trial":false,"path_per_floor":["M","?","M","M","?","E","M","M","T","E","M","R","M","E","R","B",null,"M","?","?","?"],"character_chosen":"RobotSpaceExplorer","items_purchased":["Toxic Egg 2","SatanicBible","Flash of Steel","Sling","RobotSpaceExplorer:ExhaustFan","BelialBook","Damocles"],"campfire_rested":0,"item_purchase_floors":[0,0,0,0,0,17,17],"current_hp_per_floor":[69,74,74,74,74,74,72,72,72,46,46,46,46,46,46,46,55,55,55,55,0,0],"gold":540,"neow_bonus":"","is_daily":false,"chose_seed":false,"campfire_upgraded":2,"win_rate":0.0,"timestamp":1608280947,"path_taken":["M","?","?","M","?","E","M","M","T","E","M","R","M","E","R","BOSS","M","?","?","?"],"items_purchased_type":["Relic","Relic","Card","Relic","Card","Relic","Relic"],"build_version":"2020-12-17","purchased_purges":2,"victory":false,"max_hp_per_floor":[75,80,80,80,80,80,80,80,80,80,80,80,80,80,80,80,55,55,55,55,55,55],"card_choices":[{"not_picked":[],"picked":"DoctorFetus","floor":0.0},{"not_picked":["RobotSpaceExplorer:LuckyStrike","RobotSpaceExplorer:PowerGlove"],"picked":"RobotSpaceExplorer:ScrapToss","floor":1.0},{"not_picked":["RobotSpaceExplorer:Calculate+1","RobotSpaceExplorer:ShockKick","RobotSpaceExplorer:SwiftStep+1"],"picked":"SKIP","floor":3},{"not_picked":["RobotSpaceExplorer:Pulsar+1","RobotSpaceExplorer:MakeshiftVolley","RobotSpaceExplorer:StunGrenade"],"picked":"SKIP","floor":4},{"not_picked":["RobotSpaceExplorer:Jetpack+1","RobotSpaceExplorer:IronShell+1","RobotSpaceExplorer:Ammunition+1"],"picked":"SKIP","floor":6},{"not_picked":["RobotSpaceExplorer:ScrapMissile","RobotSpaceExplorer:SwiftStep+1","RobotSpaceExplorer:ShockMissile"],"picked":"SKIP","floor":7},{"not_picked":["RobotSpaceExplorer:Pulsar+1","RobotSpaceExplorer:GlueShot+1","RobotSpaceExplorer:MetalStrike"],"picked":"SKIP","floor":8},{"not_picked":["RobotSpaceExplorer:BigMissile","RobotSpaceExplorer:SwiftStep+1","RobotSpaceExplorer:PowerGlove"],"picked":"SKIP","floor":10},{"not_picked":["RobotSpaceExplorer:SurgingStrike","RobotSpaceExplorer:DoubleBlock+1"],"picked":"RobotSpaceExplorer:GearShield+1","floor":11},{"not_picked":["RobotSpaceExplorer:GearShield+1","RobotSpaceExplorer:SlimeMissile","RobotSpaceExplorer:DoubleBlock+1"],"picked":"SKIP","floor":13},{"not_picked":["RobotSpaceExplorer:SurgingStrike+1","RobotSpaceExplorer:DoubleBlock+1","RobotSpaceExplorer:StunGrenade+1"],"picked":"SKIP","floor":14},{"not_picked":["RobotSpaceExplorer:Explosion+1","RobotSpaceExplorer:ChargingLaser+1"],"picked":"RobotSpaceExplorer:Wormhole+1","floor":16},{"not_picked":["RobotSpaceExplorer:GearShield+1","RobotSpaceExplorer:SurgingStrike+1","RobotSpaceExplorer:SurgingShield+1"],"picked":"SKIP","floor":18},{"not_picked":["RobotSpaceExplorer:IronShell+1","RobotSpaceExplorer:GlueShot+1"],"picked":"RobotSpaceExplorer:PowerCollector","floor":20}],"player_experience":544603,"relics_obtained":[{"floor":6,"key":"Pen Nib"},{"floor":9,"key":"DeathBook"},{"floor":10,"key":"Darkstone Periapt"},{"floor":14,"key":"Molten Egg 2"},{"floor":18,"key":"CeramicFish"}],"event_choices":[{"damage_healed":0,"gold_gain":0,"player_choice":"Donut","damage_taken":0,"max_hp_gain":5,"max_hp_loss":0,"event_name":"Big Fish","floor":2,"gold_loss":0},{"damage_healed":0,"gold_gain":0,"player_choice":"Read","damage_taken":0,"max_hp_gain":0,"max_hp_loss":0,"event_name":"The Library","floor":19,"gold_loss":0,"cards_obtained":["RobotSpaceExplorer:RigExplosive"]}],"is_beta":true,"boss_relics":[{"not_picked":["Velvet Choker","Calling Bell"],"picked":"Runic Pyramid"},{"not_picked":[]}],"items_purged_floors":[0,17],"is_endless":false,"potions_floor_spawned":[3,4,6,10,14,16,18],"ascension_level":0}}