{"host":"5w5nlj9te6rhm47m","time":1608300244,"event":{"mods":["BaseMod","Downfall","Hermit","Minty Spire (QoL Compilation)","Replay The Spire","Shop Mod","StSLib"],"gold_per_floor":[99,128,186,30,30,60,84,103,134,134,134,5,15,0,15,110,110,110,122,122,139,155,155,155,155,155],"floor_reached":25,"playtime":1491,"items_purged":[],"score":278,"play_id":"0dad0384-7281-4584-be82-8096c05dd161","local_time":"20201218220404","is_ascension_mode":true,"campfire_choices":[{"data":"Slimebound:Grow","floor":10,"key":"SMITH"},{"data":"Slimebound:SelfFormingGoo","floor":18,"key":"SMITH"}],"circlet_count":0,"master_deck":["Slimebound:Strike_Slimebound","Slimebound:Strike_Slimebound","Slimebound:Strike_Slimebound","Slimebound:Tackle","Slimebound:Defend_Slimebound","Slimebound:Defend_Slimebound","Slimebound:Defend_Slimebound","Slimebound:Defend_Slimebound","Slimebound:Split","Slimebound:CorrosiveSpit","Slimebound:LivingWall","Slimebound:Grow+1","Slimebound:GrowthPunch","Slimebound:SplitBruiser","Slimebound:TongueLash+1","Slimebound:LeechingTouch","Slimebound:Gluttony","Slimebound:SplitLeeching","Slimebound:PressTheAttack","Slimebound:ViciousTackle","Slimebound:Schlurp","Slimebound:SelfFormingGoo+1","Slimebound:SplitMire","Pain","Slimebound:SplitMire+1","Slimebound:SplitMire"],"relics":["Slimebound:AbsorbEndCombat","downfall:HeartsMalice","Simple Rune","Bag of Marbles","Pantograph","Pet Ghost","Chameleon Ring","Replay:Mystery Machine","Replay:Wax Seal","Sozu","Tiny Chest","Letter Opener","InkBottle"],"acts_visited":["Exordium","TheCity"],"potions_floor_usage":[16,25],"damage_taken":[{"damage":0,"enemies":"Lagavulin","floor":2,"turns":1},{"damage":0,"enemies":"downfall:FleeingMerchant","floor":4,"turns":1},{"damage":0,"enemies":"2 Louse","floor":5,"turns":1},{"damage":16,"enemies":"Small Slimes","floor":8,"turns":4},{"damage":36,"enemies":"3 Sentries","floor":9,"turns":9},{"damage":11,"enemies":"downfall:FleeingMerchant","floor":12,"turns":4},{"damage":11,"enemies":"Jaw Worm","floor":13,"turns":3},{"damage":9,"enemies":"downfall:FleeingMerchant","floor":14,"turns":4},{"damage":30,"enemies":"Exordium Wildlife","floor":15,"turns":5},{"damage":60,"enemies":"downfall:Watcher","floor":16,"turns":7},{"damage":26,"enemies":"Spheric Guardian","floor":19,"turns":4},{"damage":50,"enemies":"Centurion and Healer","floor":21,"turns":5},{"damage":34,"enemies":"Snake Plant","floor":22,"turns":4},{"damage":50,"enemies":"Slavers","floor":25,"turns":4}],"seed_played":"1569954159840138058","potions_obtained":[{"floor":3,"key":"FearPotion"},{"floor":9,"key":"Fire Potion"},{"floor":13,"key":"Strength Potion"},{"floor":15,"key":"SkillPotion"}],"is_trial":false,"path_per_floor":["R","E","?","$","M","?","T","M","E","R","?","$","M","$","M","B",null,"R","M","?","M","M","T","T","E"],"character_chosen":"SLIMEBOUND","items_purchased":["Pet Ghost","Slimebound:Gluttony","Slimebound:SplitLeeching"],"campfire_rested":0,"item_purchase_floors":[4,12,12],"current_hp_per_floor":[48,48,33,33,33,33,33,37,37,37,37,46,51,60,54,42,60,60,46,46,40,38,38,38,0,0],"gold":155,"neow_bonus":"THREE_ENEMY_KILL","is_daily":false,"chose_seed":false,"campfire_upgraded":2,"win_rate":0.0,"timestamp":1608300244,"path_taken":["R","E","?","?","M","?","T","M","E","R","?","?","M","$","M","BOSS","R","M","?","M","?","?","T","E"],"items_purchased_type":["Relic","Card","Card"],"build_version":"2020-12-13","purchased_purges":0,"victory":false,"max_hp_per_floor":[60,60,60,60,60,60,60,60,60,60,60,60,60,60,60,60,60,60,60,60,60,60,60,60,60,60],"card_choices":[{"not_picked":["Slimebound:RollThrough","Slimebound:Prepare"],"picked":"Slimebound:LivingWall","floor":2},{"not_picked":["Slimebound:PressTheAttack","Slimebound:GoopSpray"],"picked":"Slimebound:SplitLeeching","floor":3},{"not_picked":["Slimebound:GoopTackle","Slimebound:RollThrough"],"picked":"Slimebound:Grow","floor":4},{"not_picked":["Slimebound:ComboTackle","Slimebound:FormOfPuddle"],"picked":"Slimebound:GrowthPunch","floor":5},{"not_picked":["Slimebound:ComboTackle","Slimebound:SlimeSpikes"],"picked":"Slimebound:SplitBruiser","floor":8},{"not_picked":["Slimebound:TongueLash","Slimebound:ServeAndProtect","Slimebound:DivideAndConquer"],"picked":"SKIP","floor":9},{"not_picked":["Slimebound:Replication","Slimebound:DuplicatedForm"],"picked":"Slimebound:LeechingTouch","floor":12},{"not_picked":["Slimebound:GoopTackle","Slimebound:FinishingTackle"],"picked":"Slimebound:PressTheAttack","floor":13},{"not_picked":["Slimebound:SpikyOuterGoop","Slimebound:DouseInSlime"],"picked":"Slimebound:ViciousTackle","floor":14},{"not_picked":["Slimebound:SamplingLick","Slimebound:ProtectTheBoss"],"picked":"Slimebound:Schlurp","floor":15},{"not_picked":["Slimebound:RallyTheTroops","Slimebound:SlimeSlap"],"picked":"Slimebound:SelfFormingGoo","floor":16},{"not_picked":["Slimebound:HauntingLick","Slimebound:SplitLeeching"],"picked":"Slimebound:SplitMire","floor":19},{"not_picked":["Slimebound:LeechEnergy","Slimebound:GrowthPunch"],"picked":"Slimebound:SplitMire+1","floor":21},{"not_picked":["Slimebound:ComboTackle","Slimebound:SlimeSpikes"],"picked":"Slimebound:SplitMire","floor":22}],"player_experience":173400,"relics_obtained":[{"floor":2,"key":"Bag of Marbles"},{"floor":3,"key":"Pantograph"},{"floor":7,"key":"Replay:Mystery Machine"},{"floor":9,"key":"Replay:Wax Seal"},{"floor":23,"key":"Letter Opener"},{"floor":24,"key":"InkBottle"}],"event_choices":[{"damage_healed":0,"gold_gain":0,"player_choice":"Success","damage_taken":12,"relics_obtained":["Simple Rune"],"max_hp_gain":0,"max_hp_loss":0,"event_name":"Scrap Ooze","floor":1,"gold_loss":0}],"is_beta":false,"boss_relics":[{"not_picked":["Philosopher\u0027s Stone","SlaversCollar"],"picked":"Sozu"}],"items_purged_floors":[],"is_endless":false,"potions_floor_spawned":[9,13,15,21,22],"killed_by":"Slavers","ascension_level":4}}