{"host":"2lrkmsuh7nz013qb","time":1608282569,"event":{"mods":["BaseMod","Colored Map","DeckTracker","Minty Spire (QoL Compilation)","SuperFastMode","everything is the same but u backflip on backflip"],"gold_per_floor":[216,229,241,241,251,277,33,50,50,50,15,45,99,112,112,216,216,228,248,262,187,30,30,30,50,96,110,10,10,42,54,54,54,54],"floor_reached":33,"playtime":1033,"items_purged":["Defend_B","Strike_B"],"score":388,"play_id":"9699ff4f-3b50-4988-b371-eaa03f54de96","local_time":"20201218180929","is_ascension_mode":true,"campfire_choices":[{"floor":10,"key":"REST"},{"floor":15,"key":"REST"},{"data":"Coolheaded","floor":24,"key":"SMITH"},{"floor":32,"key":"REST"}],"circlet_count":0,"master_deck":["Strike_B","Strike_B","Defend_B","Defend_B","Defend_B","Zap","Dualcast","Rip and Tear","Beam Cell+1","Coolheaded","Sweeping Beam","Ball Lightning","Storm+1","Coolheaded+1","Conserve Battery","Core Surge","Biased Cognition+1","Cold Snap","Compile Driver","Heatsinks+1","Coolheaded","Coolheaded"],"relics":["FrozenCore","Vajra","Frozen Egg 2","Orichalcum","Anchor","Dream Catcher","Mummified Hand"],"acts_visited":["Exordium","TheCity"],"potions_floor_usage":[6,6,25,30,31,31,33],"damage_taken":[{"damage":0,"enemies":"Small Slimes","floor":1,"turns":3},{"damage":0,"enemies":"Cultist","floor":2,"turns":2},{"damage":7,"enemies":"2 Louse","floor":3,"turns":2},{"damage":9,"enemies":"Blue Slaver","floor":5,"turns":3},{"damage":25,"enemies":"Lagavulin","floor":6,"turns":5},{"damage":21,"enemies":"Gremlin Gang","floor":8,"turns":3},{"damage":30,"enemies":"Gremlin Nob","floor":12,"turns":4},{"damage":0,"enemies":"Looter","floor":14,"turns":2},{"damage":10,"enemies":"Slime Boss","floor":16,"turns":8},{"damage":0,"enemies":"Spheric Guardian","floor":18,"turns":3},{"damage":4,"enemies":"Shell Parasite","floor":19,"turns":3},{"damage":6,"enemies":"Centurion and Healer","floor":20,"turns":7},{"damage":0,"enemies":"Cultist and Chosen","floor":25,"turns":4},{"damage":10,"enemies":"Snake Plant","floor":27,"turns":4},{"damage":33,"enemies":"Gremlin Leader","floor":30,"turns":9},{"damage":4,"enemies":"Chosen and Byrds","floor":31,"turns":5},{"damage":40,"enemies":"Collector","floor":33,"turns":6}],"seed_played":"-5443812479100170706","potions_obtained":[{"floor":1,"key":"SkillPotion"},{"floor":3,"key":"PowerPotion"},{"floor":14,"key":"SpeedPotion"},{"floor":18,"key":"Dexterity Potion"},{"floor":23,"key":"CultistPotion"},{"floor":23,"key":"DuplicationPotion"},{"floor":25,"key":"Energy Potion"},{"floor":30,"key":"SteroidPotion"}],"is_trial":false,"path_per_floor":["M","M","M","?","M","E","$","M","T","R","?","E","T","M","R","B",null,"M","M","M","?","$","?","R","M","T","M","$","$","E","M","R","B"],"character_chosen":"DEFECT","items_purchased":["Frozen Egg 2","Heatsinks+1"],"campfire_rested":3,"item_purchase_floors":[7,22],"current_hp_per_floor":[68,68,61,61,52,27,27,6,6,28,46,16,16,16,38,28,63,63,59,53,53,53,53,53,53,53,43,43,43,10,6,28,0,0],"gold":54,"neow_bonus":"HUNDRED_GOLD","is_daily":false,"chose_seed":false,"campfire_upgraded":1,"win_rate":0.0,"timestamp":1608282569,"path_taken":["M","M","M","?","M","E","$","?","T","R","?","E","?","M","R","BOSS","M","M","?","?","$","?","R","M","T","?","?","$","E","M","R","BOSS"],"items_purchased_type":["Relic","Card"],"build_version":"2020-12-13","purchased_purges":2,"victory":false,"max_hp_per_floor":[75,75,75,75,75,75,75,75,75,75,75,75,75,75,75,75,75,75,75,75,75,75,75,75,75,75,75,75,75,75,75,75,75,75],"card_choices":[{"not_picked":["Lockon","Undo"],"picked":"Rip and Tear","floor":1},{"not_picked":["Compile Driver","Heatsinks"],"picked":"Beam Cell","floor":2},{"not_picked":["Doom and Gloom","Beam Cell"],"picked":"Coolheaded","floor":3},{"not_picked":["Beam Cell","Streamline"],"picked":"Sweeping Beam","floor":5},{"not_picked":["Go for the Eyes","Steam Power"],"picked":"Ball Lightning","floor":6},{"not_picked":["Doom and Gloom","All For One"],"picked":"Storm+1","floor":8},{"not_picked":["Leap","Chill"],"picked":"Coolheaded","floor":12},{"not_picked":["Stack","Sunder"],"picked":"Conserve Battery","floor":14},{"not_picked":["Cold Snap","Hologram"],"picked":"Core Surge","floor":15},{"not_picked":["Thunder Strike","Fission"],"picked":"Biased Cognition+1","floor":16},{"not_picked":["Reinforced Body+1","Cold Snap","Conserve Battery"],"picked":"SKIP","floor":18},{"not_picked":["Steam","Gash"],"picked":"Cold Snap","floor":19},{"not_picked":["Redo","Leap+1"],"picked":"Compile Driver","floor":20},{"not_picked":["Sweeping Beam","Leap","Gash"],"picked":"SKIP","floor":25},{"not_picked":["Sweeping Beam","Leap","Gash"],"picked":"SKIP","floor":25},{"not_picked":["Gash","Reprogram"],"picked":"Coolheaded","floor":27},{"not_picked":["Steam","Redo","Cold Snap+1"],"picked":"SKIP","floor":30},{"not_picked":["Compile Driver","Stack","Melter"],"picked":"SKIP","floor":31},{"not_picked":["All For One","Conserve Battery"],"picked":"Coolheaded","floor":32}],"player_experience":678686,"relics_obtained":[{"floor":6,"key":"Vajra"},{"floor":9,"key":"Orichalcum"},{"floor":12,"key":"Anchor"},{"floor":13,"key":"Dream Catcher"},{"floor":30,"key":"Mummified Hand"}],"event_choices":[{"damage_healed":0,"gold_gain":0,"player_choice":"Upgraded","damage_taken":0,"max_hp_gain":0,"max_hp_loss":0,"event_name":"Upgrade Shrine","floor":4,"gold_loss":0,"cards_upgraded":["Beam Cell"]},{"damage_healed":18,"gold_gain":0,"player_choice":"Healed","damage_taken":0,"max_hp_gain":0,"max_hp_loss":0,"event_name":"The Cleric","floor":11,"gold_loss":35},{"cards_removed":["Strike_B"],"damage_healed":0,"gold_gain":0,"player_choice":"Gave Gold","damage_taken":0,"max_hp_gain":0,"max_hp_loss":0,"event_name":"Beggar","floor":21,"gold_loss":75},{"damage_healed":0,"gold_gain":0,"player_choice":"Got Potions","damage_taken":0,"max_hp_gain":0,"max_hp_loss":0,"event_name":"Lab","floor":23,"gold_loss":0}],"is_beta":false,"boss_relics":[{"not_picked":["Busted Crown","Tiny House"],"picked":"FrozenCore"}],"items_purged_floors":[22,28],"is_endless":false,"potions_floor_spawned":[1,3,14,18,25,27,30],"killed_by":"Collector","ascension_level":6}}