{"host":"bq4pt811tk9yrmjl","time":1608316308,"event":{"mods":["AchievementEnabler","BaseMod","Colored Map","Colored Powertips","Defuse TimeMaze Blight","Minty Spire (QoL Compilation)","StSLib","SuperFastMode","UnlockEverythingMod"],"gold_per_floor":[117,292,308,308,308,308,346,346,346,346,146,182,182,203,203,203,203],"floor_reached":16,"playtime":261,"items_purged":[],"score":164,"play_id":"5096bb5a-6c7a-40ba-a30e-ee8093a1fd38","local_time":"20201218163148","is_ascension_mode":true,"campfire_choices":[{"data":"Eruption","floor":6,"key":"SMITH"},{"data":"SignatureMove","floor":8,"key":"SMITH"},{"data":"JustLucky","floor":10,"key":"SMITH"},{"data":"Pray","floor":13,"key":"SMITH"},{"data":"Prostrate","floor":15,"key":"SMITH"}],"circlet_count":0,"master_deck":["Strike_P","Strike_P","Strike_P","Strike_P","Defend_P","Defend_P","Defend_P","Defend_P","Eruption+1","Vigilance+1","JustLucky+1","Doubt","SignatureMove+1","Pray+1","Prostrate+1"],"relics":["PureWater","NeowsBlessing","CeramicFish","ClockworkSouvenir","Lantern"],"acts_visited":["Exordium"],"potions_floor_usage":[12,12,16],"damage_taken":[{"damage":0,"enemies":"2 Louse","floor":1,"turns":1},{"damage":0,"enemies":"Small Slimes","floor":3,"turns":1},{"damage":0,"enemies":"3 Sentries","floor":7,"turns":1},{"damage":18,"enemies":"Lagavulin","floor":12,"turns":6},{"damage":0,"enemies":"Jaw Worm","floor":14,"turns":2},{"damage":60,"enemies":"Hexaghost","floor":16,"turns":11}],"seed_played":"5847480732035339884","potions_obtained":[{"floor":7,"key":"DistilledChaos"},{"floor":12,"key":"Weak Potion"},{"floor":14,"key":"SmokeBomb"}],"is_trial":false,"path_per_floor":["M","?","M","?","?","R","E","R","T","R","$","E","R","M","R","B"],"character_chosen":"WATCHER","items_purchased":["ClockworkSouvenir","PowerPotion"],"campfire_rested":0,"item_purchase_floors":[11,11],"current_hp_per_floor":[72,72,72,72,77,77,77,77,77,77,77,59,59,59,59,0,0],"gold":203,"neow_bonus":"THREE_ENEMY_KILL","is_daily":false,"chose_seed":false,"campfire_upgraded":5,"win_rate":0.0,"timestamp":1608316308,"path_taken":["M","?","M","?","?","R","E","R","T","R","?","E","R","M","R","BOSS"],"items_purchased_type":["Relic","Potion"],"build_version":"2020-12-13","purchased_purges":0,"victory":false,"max_hp_per_floor":[72,72,72,72,77,77,77,77,77,77,77,77,77,77,77,77,77],"card_choices":[{"not_picked":["LikeWater","SashWhip"],"picked":"JustLucky","floor":1},{"not_picked":["CutThroughFate","Scrawl","EmptyBody"],"picked":"SKIP","floor":3},{"not_picked":["Weave","CutThroughFate"],"picked":"SignatureMove","floor":7},{"not_picked":["Crescendo","Weave"],"picked":"Pray","floor":12},{"not_picked":["Halt","Meditate"],"picked":"Prostrate","floor":14}],"player_experience":72182,"relics_obtained":[{"floor":7,"key":"CeramicFish"},{"floor":12,"key":"Lantern"}],"event_choices":[{"damage_healed":0,"gold_gain":175,"player_choice":"AGREE","damage_taken":0,"max_hp_gain":0,"max_hp_loss":0,"event_name":"Liars Game","floor":2,"gold_loss":0,"cards_obtained":["Doubt"]},{"damage_healed":0,"gold_gain":0,"player_choice":"Grow","damage_taken":0,"max_hp_gain":0,"max_hp_loss":0,"event_name":"Living Wall","floor":4,"gold_loss":0,"cards_upgraded":["Vigilance"]},{"damage_healed":0,"gold_gain":0,"player_choice":"Donut","damage_taken":0,"max_hp_gain":5,"max_hp_loss":0,"event_name":"Big Fish","floor":5,"gold_loss":0}],"is_beta":false,"boss_relics":[],"items_purged_floors":[],"is_endless":false,"potions_floor_spawned":[7,12,14],"killed_by":"Hexaghost","ascension_level":1}}