{"host":"2461dio7vetlq1z3","time":1608272326,"event":{"mods":["2.2 Compatiblity","AchievementEnabler","BaseMod","Better Third Choice","Hermit","Minty Spire (QoL Compilation)","Relic Stats","Spicy Shops","StSLib","The Animator","Waifu the Spire"],"gold_per_floor":[111,36,55,55,75,75,101,111,111,111,111,132,132,132,132,221,221,245,170,170,194,208,208,208,208,208],"floor_reached":25,"playtime":976,"items_purged":[],"score":372,"play_id":"b98c9ed6-f195-4cc5-bd5c-876424b81b9e","local_time":"20201218071846","is_ascension_mode":true,"campfire_choices":[{"data":"Quick Slash","floor":6,"key":"SMITH"},{"data":"Neutralize","floor":10,"key":"SMITH"},{"data":"Footwork","floor":15,"key":"SMITH"},{"floor":23,"key":"REST"}],"circlet_count":0,"master_deck":["AscendersBane","Strike_G","Strike_G","Strike_G","Defend_G+1","Defend_G","Defend_G","Defend_G","Defend_G","Survivor+1","Neutralize+1","Quick Slash+1","Dagger Throw+1","Underhanded Strike","PiercingWail+1","Footwork+1","Corpse Explosion","Dagger Throw","Footwork+1","Reflex","Acrobatics"],"relics":["SacredBark","Nunchaku","War Paint","Golden Idol","Ginger","Black Star"],"acts_visited":["Exordium","TheCity"],"potions_floor_usage":[7,8,22,25],"damage_taken":[{"damage":0,"enemies":"Small Slimes","floor":1,"turns":5},{"damage":6,"enemies":"Jaw Worm","floor":3,"turns":5},{"damage":0,"enemies":"2 Louse","floor":5,"turns":4},{"damage":14,"enemies":"3 Sentries","floor":7,"turns":7},{"damage":1,"enemies":"Exordium Wildlife","floor":8,"turns":3},{"damage":9,"enemies":"3 Louse","floor":12,"turns":3},{"damage":8,"enemies":"The Guardian","floor":16,"turns":15},{"damage":7,"enemies":"3 Byrds","floor":18,"turns":3},{"damage":12,"enemies":"Shell Parasite","floor":21,"turns":10},{"damage":20,"enemies":"Snecko","floor":22,"turns":7},{"damage":30,"enemies":"Gremlin Leader","floor":25,"turns":13}],"seed_played":"5181713936924201244","potions_obtained":[{"floor":3,"key":"AttackPotion"},{"floor":7,"key":"Fire Potion"},{"floor":16,"key":"AttackPotion"},{"floor":21,"key":"PowerPotion"}],"is_trial":false,"path_per_floor":["M","?","M","?","M","R","E","M","T","R","?","M","?","T","R","B",null,"M","?","?","M","M","R","?","E"],"character_chosen":"THE_SILENT","items_purchased":[],"campfire_rested":1,"item_purchase_floors":[],"current_hp_per_floor":[59,59,53,58,58,58,44,43,43,43,43,34,15,15,15,7,50,43,43,43,31,11,30,30,0,0],"gold":208,"neow_bonus":"BOSS_RELIC","is_daily":false,"chose_seed":false,"campfire_upgraded":3,"win_rate":0.0,"timestamp":1608272326,"path_taken":["M","?","M","?","M","R","E","M","T","R","?","?","?","?","R","BOSS","M","?","?","M","?","R","?","E"],"items_purchased_type":[],"build_version":"2020-12-13","purchased_purges":0,"victory":false,"max_hp_per_floor":[66,66,66,71,71,71,71,71,71,71,64,64,64,64,64,64,64,64,64,64,64,64,64,64,64,64],"relic_stats":{"Nunchaku":[10],"counters":[11,75],"Golden Idol":35,"Black Star":0,"Ginger":[6],"War Paint":["PiercingWail","Defend_G"],"obtain_stats":[{"Nunchaku":7,"Golden Idol":11,"SacredBark":0,"Black Star":17,"Ginger":14,"War Paint":9,"Ring of the Snake":0},{"Nunchaku":4,"Golden Idol":5,"SacredBark":0,"Black Star":7,"Ginger":6,"War Paint":5,"Ring of the Snake":0},{"Nunchaku":21,"Golden Idol":24,"SacredBark":0,"Black Star":42,"Ginger":27,"War Paint":24,"Ring of the Snake":0}]},"card_choices":[{"not_picked":["Dagger Throw","Bane"],"picked":"Quick Slash","floor":1},{"not_picked":["Backflip","Distraction"],"picked":"Dagger Throw","floor":3},{"not_picked":["Finisher","Bane"],"picked":"Underhanded Strike","floor":5},{"not_picked":["Accuracy","Choke","Bane"],"picked":"SKIP","floor":7},{"not_picked":["Concentrate","Underhanded Strike"],"picked":"PiercingWail","floor":8},{"not_picked":["Cloak And Dagger","Crippling Poison"],"picked":"Footwork","floor":12},{"not_picked":["Die Die Die","Malaise"],"picked":"Corpse Explosion","floor":16},{"not_picked":["Slice","Concentrate"],"picked":"Dagger Throw","floor":18},{"not_picked":["Leg Sweep","Escape Plan"],"picked":"Reflex","floor":21},{"not_picked":["Skewer","Dagger Spray"],"picked":"Acrobatics","floor":22}],"player_experience":793636,"relics_obtained":[{"floor":7,"key":"Nunchaku"},{"floor":9,"key":"War Paint"},{"floor":14,"key":"Ginger"}],"event_choices":[{"cards_removed":["Strike_G"],"damage_healed":0,"gold_gain":0,"player_choice":"Card Removal","damage_taken":0,"max_hp_gain":0,"max_hp_loss":0,"event_name":"The Cleric","floor":2,"gold_loss":75},{"damage_healed":0,"gold_gain":0,"player_choice":"Donut","damage_taken":0,"max_hp_gain":5,"max_hp_loss":0,"event_name":"Big Fish","floor":4,"gold_loss":0},{"damage_healed":0,"gold_gain":0,"player_choice":"Lose Max HP","damage_taken":0,"relics_obtained":["Golden Idol"],"max_hp_gain":0,"max_hp_loss":7,"event_name":"Golden Idol","floor":11,"gold_loss":0},{"damage_healed":34,"gold_gain":0,"player_choice":"Upgrade","damage_taken":19,"max_hp_gain":0,"max_hp_loss":64,"event_name":"betterThird:BetterShining","floor":13,"gold_loss":0,"cards_upgraded":["Survivor","Dagger Throw"]},{"cards_removed":["Strike_G"],"damage_healed":0,"gold_gain":0,"player_choice":"Gave Gold","damage_taken":0,"max_hp_gain":0,"max_hp_loss":0,"event_name":"Beggar","floor":19,"gold_loss":75},{"damage_healed":0,"gold_gain":0,"player_choice":"Copied","damage_taken":0,"max_hp_gain":0,"max_hp_loss":0,"event_name":"Duplicator","floor":20,"gold_loss":0,"cards_obtained":["Footwork"]},{"damage_healed":0,"gold_gain":0,"player_choice":"Ignored","damage_taken":0,"max_hp_gain":0,"max_hp_loss":0,"event_name":"The Mausoleum","floor":24,"gold_loss":0}],"is_beta":false,"boss_relics":[{"not_picked":["Velvet Choker","Cursed Key"],"picked":"Black Star"}],"items_purged_floors":[],"is_endless":false,"potions_floor_spawned":[3,7,16,21],"killed_by":"Gremlin Leader","ascension_level":17}}