{"host":"r0ye8pdzuq6zwfvs","time":1608285100,"event":{"mods":["AchievementEnabler","BaseMod","BetterRewards","CapriCore","Card Forge","Colored Map","Colored Powertips","Custom Start","DeckTracker","HololiveMod","Luminous","Minty Spire (QoL Compilation)","Permanent Neow","Prisma Mod","Quick Restart","Relic Stats","Robot Space Explorer","Shop Mod","Spicy Shops","StSLib","SuperFastMode","Swap Starting Deck Mod","The Alterego","The Immortal","Uncapped"],"gold_per_floor":[112,130,130,147,158,190,203,219,219,237,249,249,249,260,260,361,361,373,388,400,315,334,334,364,364,415,435,460,460,138,154,154,250,250,263,283,301,319,53,85,104,114,114,145,161,211,241,241,241,241,241,241,121,154,154],"floor_reached":56,"playtime":2584,"items_purged":[],"score":1689,"play_id":"617c5752-bca0-4cc3-a580-a6c964fd57fe","local_time":"20201218025140","is_ascension_mode":false,"campfire_choices":[{"floor":12,"key":"RECALL"},{"floor":15,"key":"REST"},{"data":"Capacitor+1","floor":49,"key":"PURGE"},{"data":"Capacitor+1","floor":52,"key":"PURGE"}],"circlet_count":0,"master_deck":["PrismaMod:IllyaUberDefendChannel+1","PrismaMod:IllyaGrail+1","PrismaMod:IllyaUberAttackChannel+1","PrismaMod:IllyaGrail+1","PrismaMod:IllyaUberAttackChannel+1","PrismaMod:IllyaUberDefendChannel+1","PrismaMod:IllyaGrail+1","PrismaMod:IllyaGrail+1","PrismaMod:IllyaInstallForeigner","PrismaMod:IllyaRubysPotion+1","Echo Form+1","Capacitor+1","Capacitor+1"],"relics":["PrismaMod:PrismaRuby","Hammer of Thor","Seething Fire","Anvil of the Gods","Nunchaku","Coffee Dripper","The Courier","Thread and Needle","Orichalcum","Ginger","Bottled Lightning","Bag of Preparation","SlaversCollar","Matryoshka","MealTicket","Boot","Toy Ornithopter","Blood Vial","Letter Opener","Peace Pipe","Meat on the Bone","Art of War","Bottled Tornado"],"acts_visited":["Exordium","TheCity","TheBeyond","TheEnding"],"potions_floor_usage":[37,55,55,55],"damage_taken":[{"damage":0,"enemies":"2 Louse","floor":1,"turns":4},{"damage":0,"enemies":"Jaw Worm","floor":2,"turns":3},{"damage":0,"enemies":"Cultist","floor":4,"turns":1},{"damage":0,"enemies":"Large Slime","floor":5,"turns":1},{"damage":0,"enemies":"Lagavulin","floor":6,"turns":1},{"damage":6,"enemies":"Gremlin Gang","floor":7,"turns":2},{"damage":0,"enemies":"Red Slaver","floor":8,"turns":1},{"damage":5,"enemies":"Exordium Thugs","floor":10,"turns":2},{"damage":0,"enemies":"Blue Slaver","floor":11,"turns":2},{"damage":0,"enemies":"Looter","floor":14,"turns":1},{"damage":0,"enemies":"The Guardian","floor":16,"turns":2},{"damage":0,"enemies":"Shell Parasite","floor":18,"turns":2},{"damage":0,"enemies":"Spheric Guardian","floor":19,"turns":1},{"damage":0,"enemies":"Centurion and Healer","floor":20,"turns":2},{"damage":0,"enemies":"Snake Plant","floor":22,"turns":1},{"damage":0,"enemies":"Slavers","floor":24,"turns":1},{"damage":0,"enemies":"Snecko","floor":27,"turns":1},{"damage":0,"enemies":"Book of Stabbing","floor":28,"turns":2},{"damage":0,"enemies":"Shelled Parasite and Fungi","floor":31,"turns":1},{"damage":0,"enemies":"Automaton","floor":33,"turns":1},{"damage":0,"enemies":"3 Darklings","floor":35,"turns":1},{"damage":0,"enemies":"Orb Walker","floor":36,"turns":1},{"damage":0,"enemies":"Writhing Mass","floor":37,"turns":1},{"damage":0,"enemies":"3 Darklings","floor":38,"turns":1},{"damage":0,"enemies":"Nemesis","floor":40,"turns":1},{"damage":0,"enemies":"4 Shapes","floor":41,"turns":1},{"damage":0,"enemies":"Maw","floor":42,"turns":1},{"damage":0,"enemies":"Reptomancer","floor":44,"turns":1},{"damage":0,"enemies":"3 Darklings","floor":45,"turns":1},{"damage":0,"enemies":"2 Orb Walkers","floor":46,"turns":1},{"damage":0,"enemies":"Nemesis","floor":47,"turns":1},{"damage":0,"enemies":"Awakened One","floor":50,"turns":3},{"damage":0,"enemies":"Shield and Spear","floor":54,"turns":1},{"damage":36,"enemies":"The Heart","floor":55,"turns":4}],"seed_played":"1979385119751175880","potions_obtained":[{"floor":0,"key":"Ancient Potion"},{"floor":0,"key":"EssenceOfSteel"},{"floor":0,"key":"BlessingOfTheForge"},{"floor":37,"key":"Fruit Juice"},{"floor":41,"key":"Block Potion"}],"is_trial":false,"path_per_floor":["M","M","?","M","M","E","M","M","T","M","M","R","?","M","R","B",null,"M","M","M","?","M","?","E","R","T","M","E","R","$","M","R","B",null,"M","M","M","M","$","E","M","M","T","E","M","?","E","?","R","B",null,"R","$","E","B",null],"character_chosen":"ILLYA","items_purchased":["Bottled Lightning","Bag of Preparation","Matryoshka","MealTicket","Art of War"],"campfire_rested":1,"item_purchase_floors":[30,30,39,39,53],"current_hp_per_floor":[75,75,75,75,75,75,69,69,69,64,69,69,69,74,75,75,75,75,75,75,75,75,75,75,75,75,75,75,75,75,75,75,75,75,75,75,80,80,80,80,80,80,80,80,80,80,80,80,80,80,80,80,80,80,54],"gold":154,"neow_bonus":"THREE_SMALL_POTIONS","is_daily":false,"chose_seed":false,"campfire_upgraded":0,"win_rate":0.0,"timestamp":1608285100,"path_taken":["M","M","?","M","M","E","M","M","T","M","M","R","?","M","R","BOSS","M","M","M","?","M","?","E","R","T","M","E","R","$","M","R","BOSS","M","M","?","M","$","E","M","M","T","E","M","?","E","?","R","BOSS","R","$","E","BOSS"],"items_purchased_type":["Relic","Relic","Relic","Relic","Relic"],"build_version":"2020-12-13","purchased_purges":0,"victory":true,"max_hp_per_floor":[75,75,75,75,75,75,75,75,75,75,75,75,75,75,75,75,75,75,75,75,75,75,75,75,75,75,75,75,75,75,75,75,75,75,75,75,80,80,80,80,80,80,80,80,80,80,80,80,80,80,80,80,80,80,80],"relic_stats":{"counters":[34,50],"Bag of Preparation":[32],"Ginger":[2],"Letter Opener":[81],"Orichalcum":[42],"Boot":[0],"Blood Vial":0,"Peace Pipe":2,"Nunchaku":[0],"MealTicket":0,"Art of War":[3],"obtain_stats":[{"Thread and Needle":24,"Hammer of Thor":0,"The Courier":21,"Bag of Preparation":30,"Seething Fire":0,"Ginger":28,"Letter Opener":44,"Orichalcum":26,"Bottled Tornado":54,"Boot":40,"Blood Vial":43,"Peace Pipe":46,"PrismaMod:PrismaRuby":0,"SlaversCollar":34,"Nunchaku":6,"Matryoshka":39,"Anvil of the Gods":0,"MealTicket":39,"Coffee Dripper":17,"Art of War":53,"Bottled Lightning":30,"Toy Ornithopter":43,"Meat on the Bone":47},{"Thread and Needle":16,"Hammer of Thor":0,"The Courier":14,"Bag of Preparation":18,"Seething Fire":0,"Ginger":18,"Letter Opener":28,"Orichalcum":16,"Bottled Tornado":33,"Boot":25,"Blood Vial":27,"Peace Pipe":30,"PrismaMod:PrismaRuby":0,"SlaversCollar":20,"Nunchaku":5,"Matryoshka":24,"Anvil of the Gods":0,"MealTicket":24,"Coffee Dripper":11,"Art of War":32,"Bottled Lightning":18,"Toy Ornithopter":27,"Meat on the Bone":31},{"Thread and Needle":26,"Hammer of Thor":0,"The Courier":24,"Bag of Preparation":29,"Seething Fire":0,"Ginger":29,"Letter Opener":39,"Orichalcum":26,"Bottled Tornado":46,"Boot":36,"Blood Vial":38,"Peace Pipe":41,"PrismaMod:PrismaRuby":0,"SlaversCollar":31,"Nunchaku":10,"Matryoshka":35,"Anvil of the Gods":0,"MealTicket":35,"Coffee Dripper":19,"Art of War":45,"Bottled Lightning":29,"Toy Ornithopter":38,"Meat on the Bone":42}],"Toy Ornithopter":0,"Meat on the Bone":0},"card_choices":[{"not_picked":["PrismaMod:IllyaReinForce","PrismaMod:IllyaBride","PrismaMod:IllyaRussianRoulette"],"picked":"SKIP","floor":1},{"not_picked":["PrismaMod:IllyaGrailKun","PrismaMod:IllyaDevil","PrismaMod:IllyaDualEvoke"],"picked":"SKIP","floor":2},{"not_picked":["PrismaMod:IllyaBoysLove","PrismaMod:IllyaPoisonBlock"],"picked":"PrismaMod:IllyaGrail","floor":4},{"not_picked":["PrismaMod:IllyaCheapChannelDefend","PrismaMod:IllyaFriendMaker","PrismaMod:IllyaPartialInstallAssassin"],"picked":"SKIP","floor":5},{"not_picked":["PrismaMod:IllyaMinorReinForce","PrismaMod:IllyaUncommonAOEAttack","PrismaMod:IllyaUncommonEvoke"],"picked":"SKIP","floor":6},{"not_picked":["PrismaMod:IllyaBlindPoisonToss","PrismaMod:IllyaAOECommonAttack","PrismaMod:IllyaReinForce"],"picked":"SKIP","floor":7},{"not_picked":["PrismaMod:IllyaBoysLove","PrismaMod:IllyaDetonatingBlow","PrismaMod:IllyaCheapChannelAttack"],"picked":"SKIP","floor":8},{"not_picked":["PrismaMod:IllyaUpgradeOrbs","PrismaMod:IllyaGrail"],"picked":"PrismaMod:IllyaInstallForeigner","floor":10},{"not_picked":["PrismaMod:IllyaSaphire","PrismaMod:IllyaAOECommonAttack","PrismaMod:IllyaUberChannel"],"picked":"SKIP","floor":11},{"not_picked":["PrismaMod:IllyaSaphire","PrismaMod:IllyaAOECommonAttack","PrismaMod:IllyaUberChannel"],"picked":"SKIP","floor":11},{"not_picked":["PrismaMod:IllyaReinForce","PrismaMod:IllyaFriendMaker","PrismaMod:IllyaUpgradeOrbs"],"picked":"SKIP","floor":14},{"not_picked":["PrismaMod:IllyaPoisonTippedWeapons","PrismaMod:IllyaUberChannel","PrismaMod:IllyaMinorRapidFire"],"picked":"SKIP","floor":18},{"not_picked":["PrismaMod:IllyaCheapDefend","PrismaMod:IllyaStunPoison","PrismaMod:IllyaDualEvoke"],"picked":"SKIP","floor":19},{"not_picked":["PrismaMod:IllyaUpgradeOrbs","PrismaMod:IllyaPoisonBlock","PrismaMod:IllyaFeed+1"],"picked":"SKIP","floor":20},{"not_picked":["PrismaMod:IllyaCheapChannelPoison","PrismaMod:IllyaDualEvoke","PrismaMod:IllyaFriendMaker"],"picked":"SKIP","floor":22},{"not_picked":["PrismaMod:IllyaDetonatingBlow","PrismaMod:IllyaReinForce+1","PrismaMod:IllyaDevil"],"picked":"SKIP","floor":24},{"not_picked":["PrismaMod:IllyaBerserCAR+1","PrismaMod:IllyaRubysPotion","PrismaMod:IllyaHassanGift"],"picked":"SKIP","floor":27},{"not_picked":["PrismaMod:IllyaRussianRoulette","PrismaMod:IllyaRubysPotion","PrismaMod:IllyaUberPoisonChannel"],"picked":"SKIP","floor":28},{"not_picked":["PrismaMod:IllyaPoisonTippedWeapons","PrismaMod:IllyaReinForce+1","PrismaMod:IllyaRubysPotion"],"picked":"SKIP","floor":31},{"not_picked":["PrismaMod:IllyaSaphire","PrismaMod:IllyaFriendMaker","PrismaMod:IllyaCommandSeal+1"],"picked":"SKIP","floor":35},{"not_picked":["PrismaMod:IllyaPoisonTippedWeapons+1","PrismaMod:IllyaRapidFire+1","PrismaMod:IllyaCheapDefend"],"picked":"SKIP","floor":36},{"not_picked":["PrismaMod:IllyaPoisonTippedWeapons+1","PrismaMod:IllyaRapidFire+1","PrismaMod:IllyaFeed"],"picked":"SKIP","floor":37},{"not_picked":["PrismaMod:IllyaPoisonBlock+1","PrismaMod:IllyaMinorZwei+1","PrismaMod:IllyaDetonatingBlow+1"],"picked":"SKIP","floor":38},{"not_picked":["PrismaMod:IllyaPartialInstallAssassin","PrismaMod:IllyaUncommonAttack","PrismaMod:IllyaAssassinRevenge"],"picked":"SKIP","floor":40},{"not_picked":["PrismaMod:IllyaCheapDefend+1","PrismaMod:IllyaCheapAttack","PrismaMod:IllyaCheapChannelDefend+1"],"picked":"SKIP","floor":41},{"not_picked":["PrismaMod:IllyaStunPoison","PrismaMod:IllyaGrail","PrismaMod:IllyaBlindPoisonToss+1"],"picked":"SKIP","floor":42},{"not_picked":["PrismaMod:IllyaPoisonTippedWeapons+1","PrismaMod:IllyaRapidFire+1","PrismaMod:IllyaUncommonEvoke"],"picked":"SKIP","floor":44},{"not_picked":["PrismaMod:IllyaPoisonTippedWeapons+1","PrismaMod:IllyaFriendMaker+1","PrismaMod:IllyaUncommonEvoke+1"],"picked":"SKIP","floor":45},{"not_picked":["PrismaMod:IllyaRubysPotion+1","PrismaMod:IllyaUberPoisonBlock","PrismaMod:IllyaBride"],"picked":"SKIP","floor":47},{"not_picked":["PrismaMod:IllyaCheapChannelDefend+1","PrismaMod:IllyaEvokeAll+1","PrismaMod:IllyaGun"],"picked":"SKIP","floor":54}],"player_experience":207039,"relics_obtained":[{"floor":6,"key":"Nunchaku"},{"floor":24,"key":"Thread and Needle"},{"floor":26,"key":"Orichalcum"},{"floor":28,"key":"Ginger"},{"floor":40,"key":"Boot"},{"floor":43,"key":"Toy Ornithopter"},{"floor":43,"key":"Blood Vial"},{"floor":44,"key":"Letter Opener"},{"floor":46,"key":"Peace Pipe"},{"floor":47,"key":"Meat on the Bone"},{"floor":54,"key":"Bottled Tornado"}],"event_choices":[{"damage_healed":0,"gold_gain":0,"player_choice":"Ignored","damage_taken":0,"max_hp_gain":0,"max_hp_loss":0,"event_name":"Liars Game","floor":3,"gold_loss":0},{"damage_healed":0,"gold_gain":0,"player_choice":"Leave","damage_taken":0,"max_hp_gain":0,"max_hp_loss":0,"event_name":"The Cleric","floor":13,"gold_loss":0},{"damage_healed":0,"gold_gain":0,"player_choice":"Obtained Relic","damage_taken":0,"relics_obtained":["The Courier"],"max_hp_gain":0,"max_hp_loss":0,"event_name":"Addict","floor":21,"gold_loss":85},{"damage_healed":0,"gold_gain":0,"player_choice":"Leave","damage_taken":0,"max_hp_gain":0,"max_hp_loss":0,"event_name":"FaceTrader","floor":23,"gold_loss":0},{"damage_healed":0,"gold_gain":0,"player_choice":"Fight","damage_taken":0,"max_hp_gain":0,"max_hp_loss":0,"event_name":"Mysterious Sphere","floor":46,"gold_loss":0},{"damage_healed":0,"gold_gain":0,"player_choice":"Ignored","damage_taken":0,"max_hp_gain":0,"max_hp_loss":0,"event_name":"Upgrade Shrine","floor":48,"gold_loss":0}],"is_beta":false,"boss_relics":[{"not_picked":["Snecko Eye","Calling Bell"],"picked":"Coffee Dripper"},{"not_picked":["Astrolabe","Velvet Choker"],"picked":"SlaversCollar"}],"items_purged_floors":[],"is_endless":false,"potions_floor_spawned":[2,6,10,14,18,19,27,36,37,41,47,54],"ascension_level":0}}