{"host":"a7kkotolxcg5vljr","time":1608318529,"event":{"mods":["2.2 Compatiblity","AchievementEnabler","Act Like it!","BaseMod","Better Altar","Better Skull","Better Third Choice","Colored Map","Colored Powertips","Downfall","Hermit","Highlight Path","Marisa????????","Minty Spire (QoL Compilation)","Quick Restart","Rare Cards Sparkle","Replay The Spire","Spicy Shops","StSLib","The Cursed","The Disciple","The Servant 0.9.4"],"gold_per_floor":[111,111,137,39,51,51,78,88,115,115,144,176,205,251,263,378,390,417,704,736,766,23,23,23,23,23,50,68,68],"floor_reached":28,"playtime":809,"items_purged":["Regret","Regret"],"score":263,"play_id":"9f729dd8-ab11-4802-93d2-76efd69258c3","local_time":"20201218140849","is_ascension_mode":false,"campfire_choices":[{"floor":6,"key":"RECALL"},{"floor":15,"key":"REST"},{"floor":24,"key":"REST"}],"circlet_count":0,"master_deck":["Strike_B","Strike_B","Strike_B","Strike_B","Defend_B","Defend_B","Defend_B","Defend_B","Zap","Dualcast+1","BasicCrystalCard","Ball Lightning","Go for the Eyes","Double Energy+1","Gash","Coolheaded","Storm","Darkness+1","ReplayTheSpireMod:Calculation Training","Electrodynamics","Gash","Thunder Strike","Streamline+1","Thunder Strike","expansioncontent:StudyTheSpire","Panic Button","Panic Button","Gash"],"relics":["Cracked Core","NeowsBlessing","Garlic","Orichalcum","Bag of Marbles","MawBank","War Paint","Sozu","Membership Card","Replay:Bandana","Ice Cream","Medical Kit","Replay:Mystery Machine","MutagenicStrength","Pen Nib"],"acts_visited":["Exordium","TheCity"],"potions_floor_usage":[11,12,20],"damage_taken":[{"damage":0,"enemies":"Cultist","floor":1,"turns":1},{"damage":0,"enemies":"Jaw Worm","floor":5,"turns":1},{"damage":0,"enemies":"Gremlin Nob","floor":7,"turns":1},{"damage":0,"enemies":"2 Louse","floor":8,"turns":2},{"damage":10,"enemies":"3 Sentries","floor":11,"turns":6},{"damage":15,"enemies":"Large Slime","floor":12,"turns":5},{"damage":1,"enemies":"Red Slaver","floor":13,"turns":3},{"damage":20,"enemies":"Lagavulin","floor":14,"turns":6},{"damage":49,"enemies":"Fading Forest","floor":16,"turns":11},{"damage":7,"enemies":"2 Thieves","floor":18,"turns":3},{"damage":1,"enemies":"Chosen","floor":20,"turns":4},{"damage":55,"enemies":"3 Cultists","floor":21,"turns":6},{"damage":3,"enemies":"Chosen and Byrds","floor":27,"turns":4},{"damage":31,"enemies":"Book of Stabbing","floor":28,"turns":4}],"seed_played":"-4623658699234492896","potions_obtained":[{"floor":1,"key":"Swift Potion"},{"floor":5,"key":"Fire Potion"},{"floor":14,"key":"Swift Potion"}],"is_trial":false,"path_per_floor":["M","?","T","$","M","R","E","M","T","?","E","M","M","E","R","B",null,"M","?","M","M","$","?","R","?","T","M","E"],"character_chosen":"DEFECT","items_purchased":["Ball Lightning","Membership Card","Thunder Strike","Replay:Bandana","Ice Cream","Medical Kit","Replay:Mystery Machine","expansioncontent:StudyTheSpire","Panic Button"],"campfire_rested":2,"item_purchase_floors":[4,22,22,22,22,22,22,22,22],"current_hp_per_floor":[75,75,75,75,75,75,75,75,75,75,65,50,49,29,51,14,75,68,68,67,12,12,12,34,34,34,31,0,0],"gold":68,"neow_bonus":"THREE_ENEMY_KILL","is_daily":false,"chose_seed":false,"campfire_upgraded":0,"win_rate":0.0,"timestamp":1608318529,"path_taken":["M","?","?","$","M","R","E","M","T","?","E","M","M","E","R","BOSS","M","?","M","?","$","?","R","?","T","M","E"],"items_purchased_type":["Card","Relic","Card","Relic","Relic","Relic","Relic","Card","Card"],"build_version":"2020-12-13","purchased_purges":2,"victory":false,"max_hp_per_floor":[75,75,75,75,75,75,75,75,75,75,75,75,75,75,75,75,75,75,75,75,75,75,75,75,75,75,75,75,75],"card_choices":[{"not_picked":["Aggregate","ReplayTheSpireMod:GoodbyeWorld"],"picked":"BasicCrystalCard","floor":1},{"not_picked":["ReplayTheSpireMod:GoodbyeWorld","Skim"],"picked":"Go for the Eyes","floor":5},{"not_picked":["Gash","Conserve Battery"],"picked":"Double Energy","floor":7},{"not_picked":["Stack","Barrage"],"picked":"Gash","floor":8},{"not_picked":["Steam","Redo"],"picked":"Coolheaded","floor":11},{"not_picked":["Creative AI","Reinforced Body"],"picked":"Storm","floor":12},{"not_picked":["Steam","BasicCrystalCard"],"picked":"Darkness","floor":13},{"not_picked":["Go for the Eyes","Rebound"],"picked":"ReplayTheSpireMod:Calculation Training","floor":14},{"not_picked":["Rainbow","Fission"],"picked":"Electrodynamics","floor":16},{"not_picked":["Barrage","Reprogram"],"picked":"Gash","floor":18},{"not_picked":["Leap","Panic Button"],"picked":"Thunder Strike","floor":20},{"not_picked":["BasicCrystalCard","Go for the Eyes"],"picked":"Streamline+1","floor":21},{"not_picked":["Coolheaded+1","Go for the Eyes+1"],"picked":"Gash","floor":27}],"player_experience":356944,"relics_obtained":[{"floor":7,"key":"Orichalcum"},{"floor":9,"key":"Bag of Marbles"},{"floor":11,"key":"MawBank"},{"floor":14,"key":"War Paint"},{"floor":26,"key":"Pen Nib"}],"event_choices":[{"damage_healed":0,"gold_gain":0,"player_choice":"Box","damage_taken":0,"relics_obtained":["Garlic"],"max_hp_gain":0,"max_hp_loss":0,"event_name":"Big Fish","floor":2,"gold_loss":0,"cards_obtained":["Regret"]},{"damage_healed":0,"gold_gain":0,"player_choice":"Grow","damage_taken":0,"max_hp_gain":0,"max_hp_loss":0,"event_name":"Living Wall","floor":10,"gold_loss":0,"cards_upgraded":["Double Energy"]},{"damage_healed":0,"gold_gain":275,"player_choice":"Desecrate","damage_taken":0,"max_hp_gain":0,"max_hp_loss":0,"event_name":"Golden Shrine","floor":19,"gold_loss":0,"cards_obtained":["Regret"]},{"damage_healed":0,"gold_gain":0,"player_choice":"Inject Mutagens","damage_taken":0,"relics_obtained":["MutagenicStrength"],"max_hp_gain":0,"max_hp_loss":0,"event_name":"Drug Dealer","floor":23,"gold_loss":0},{"damage_healed":0,"gold_gain":0,"player_choice":"Ignored","damage_taken":0,"max_hp_gain":0,"max_hp_loss":0,"event_name":"Vampires","floor":25,"gold_loss":0}],"is_beta":false,"boss_relics":[{"not_picked":["Ring of Chaos","Replay:Drink Me"],"picked":"Sozu"}],"items_purged_floors":[4,22],"is_endless":false,"potions_floor_spawned":[1,5,14,20,27],"killed_by":"Book of Stabbing","ascension_level":0}}