{"host":"6azrrw3tf7wb0f4b","time":1608268532,"event":{"mods":["BaseMod","DeckTracker","Minty Spire (QoL Compilation)","SuperFastMode"],"gold_per_floor":[112,112,130,146,165,165,165,198,198,198,214,214,40,50,50,155,155,174,194,293,48,48,48,48],"floor_reached":23,"playtime":854,"items_purged":[],"score":296,"play_id":"ab301cf0-2b12-4b83-938c-427d0e06e64e","local_time":"20201218141532","is_ascension_mode":true,"campfire_choices":[{"data":"Deadly Poison","floor":6,"key":"SMITH"},{"data":"Catalyst","floor":10,"key":"SMITH"},{"data":"Neutralize","floor":12,"key":"SMITH"},{"floor":15,"key":"REST"}],"circlet_count":0,"master_deck":["AscendersBane","Strike_G","Strike_G","Strike_G","Strike_G","Defend_G","Defend_G","Defend_G","Defend_G","Defend_G","Survivor","Neutralize+1","Discovery","Deadly Poison+1","Riddle With Holes","Crippling Poison","Masterful Stab","Catalyst+1","Dash","Bullet Time","Good Instincts","Prepared","Underhanded Strike","Apotheosis","Grand Finale","Calculated Gamble","Blade Dance+1"],"relics":["Ring of the Snake","Calipers","Paper Crane","HoveringKite","Molten Egg 2"],"acts_visited":["Exordium","TheCity"],"potions_floor_usage":[14,16,19,23],"damage_taken":[{"damage":1,"enemies":"Small Slimes","floor":1,"turns":3},{"damage":0,"enemies":"2 Louse","floor":3,"turns":4},{"damage":0,"enemies":"Cultist","floor":4,"turns":4},{"damage":14,"enemies":"Exordium Wildlife","floor":5,"turns":5},{"damage":15,"enemies":"Lagavulin","floor":8,"turns":5},{"damage":9,"enemies":"Red Slaver","floor":11,"turns":2},{"damage":0,"enemies":"Lots of Slimes","floor":14,"turns":1},{"damage":25,"enemies":"Hexaghost","floor":16,"turns":8},{"damage":7,"enemies":"3 Byrds","floor":18,"turns":4},{"damage":4,"enemies":"Shell Parasite","floor":19,"turns":4},{"damage":55,"enemies":"Slavers","floor":23,"turns":5}],"seed_played":"-2220840825996496893","potions_obtained":[{"floor":1,"key":"Explosive Potion"},{"floor":4,"key":"DistilledChaos"},{"floor":8,"key":"Fruit Juice"},{"floor":16,"key":"DistilledChaos"},{"floor":19,"key":"Weak Potion"}],"is_trial":false,"path_per_floor":["M","?","M","M","M","R","?","E","T","R","M","R","$","M","R","B",null,"M","M","?","$","?","E"],"character_chosen":"THE_SILENT","items_purchased":["Apotheosis","Molten Egg 2"],"campfire_rested":1,"item_purchase_floors":[13,21],"current_hp_per_floor":[62,62,62,62,48,48,48,33,33,33,24,24,24,24,45,25,63,56,52,52,52,52,0,0],"gold":48,"neow_bonus":"RANDOM_COLORLESS","is_daily":false,"chose_seed":false,"campfire_upgraded":3,"win_rate":0.0,"timestamp":1608268532,"path_taken":["M","?","M","M","M","R","?","E","T","R","M","R","$","M","R","BOSS","M","M","?","$","?","E"],"items_purchased_type":["Card","Relic"],"build_version":"2020-12-13","purchased_purges":0,"victory":false,"max_hp_per_floor":[70,70,70,70,70,70,70,70,70,70,70,70,70,70,70,75,75,75,75,75,75,75,75,75],"card_choices":[{"not_picked":["Blind","Purity"],"picked":"Discovery","floor":0},{"not_picked":["Dagger Spray","Outmaneuver"],"picked":"Deadly Poison","floor":1},{"not_picked":["Infinite Blades","Quick Slash"],"picked":"Crippling Poison","floor":3},{"not_picked":["Skewer","Distraction"],"picked":"Masterful Stab","floor":4},{"not_picked":["Dodge and Roll","Flying Knee"],"picked":"Catalyst","floor":5},{"not_picked":["Dodge and Roll","Quick Slash"],"picked":"Prepared","floor":8},{"not_picked":["A Thousand Cuts","Dagger Spray"],"picked":"Underhanded Strike","floor":11},{"not_picked":["Prepared","Sucker Punch","Dash"],"picked":"SKIP","floor":14},{"not_picked":["Phantasmal Killer","Envenom"],"picked":"Grand Finale","floor":16},{"not_picked":["Deflect+1","PiercingWail+1"],"picked":"Calculated Gamble","floor":18},{"not_picked":["Deadly Poison","Flying Knee+1"],"picked":"Blade Dance+1","floor":19}],"player_experience":607705,"relics_obtained":[{"floor":8,"key":"Calipers"},{"floor":9,"key":"Paper Crane"}],"event_choices":[{"damage_healed":0,"gold_gain":0,"cards_transformed":["Strike_G"],"player_choice":"Change","damage_taken":0,"max_hp_gain":0,"max_hp_loss":0,"event_name":"Living Wall","floor":2,"gold_loss":0,"cards_obtained":["Riddle With Holes"]},{"damage_healed":0,"gold_gain":0,"player_choice":"3 cards matched","damage_taken":0,"max_hp_gain":0,"max_hp_loss":0,"event_name":"Match and Keep!","floor":7,"gold_loss":0,"cards_obtained":["Dash","Bullet Time","Good Instincts"]},{"damage_healed":0,"gold_gain":99,"player_choice":"Stole From Cult","damage_taken":0,"max_hp_gain":0,"max_hp_loss":0,"event_name":"Nest","floor":20,"gold_loss":0},{"damage_healed":0,"gold_gain":0,"player_choice":"Ignored","damage_taken":0,"max_hp_gain":0,"max_hp_loss":0,"event_name":"Ghosts","floor":22,"gold_loss":0}],"is_beta":false,"boss_relics":[{"not_picked":["Pandora\u0027s Box","Runic Pyramid"],"picked":"HoveringKite"}],"items_purged_floors":[],"is_endless":false,"potions_floor_spawned":[1,4,8,16,19],"killed_by":"Slavers","ascension_level":11}}