{"host":"bxdue9bkfm2khp2x","time":1608283897,"event":{"mods":["Aspiration","BaseMod","Better Vampires","Challenge The Spire","Colored Powertips","Conspire","Decade(王小明)","Dota2Spire","Downfall","Highlight Path","Marisa（F雨　魔理沙）","Minty Spire (QoL Compilation)","MostiFishMod","Remilia（蕾米莉亚）","Replay The Spire","RumiaBox-露米娅的神秘盒子","StSLib","Td1madao Mod","The Alterego","The Cursed","The Servant 0.9.4","Waifu the Spire","WarShipGirlsR/战舰少女R mod","Youmu（魂魄妖梦）","noobMod","vexMod","【功能Mod】混沌之环修复补丁","【遗物卡牌】REMEMod","篝火指南"],"gold_per_floor":[115,15,15,25,25,25,49,49,49,49,96,96,123,142,142,235,235,263,316,80,113,113,113,170,35,86,107,132,19,19,44,44,127,127,190,26,26,53,71,71,107,107,107,129,152,152,183,183,183,237],"floor_reached":51,"playtime":4580,"items_purged":["alterego_mod:Strike","alterego_mod:Strike","Injury","alterego_mod:Strike"],"score":1102,"play_id":"c2e3f1a5-eed8-4fe4-8426-04c9d849f94a","local_time":"20201218173137","is_ascension_mode":true,"campfire_choices":[{"data":"alterego_mod:BigMeatyClaws","floor":6.0,"key":"SMITH"},{"data":"alterego_mod:DiscoLights","floor":8.0,"key":"SMITH"},{"data":"alterego_mod:MagicResistance","floor":10.0,"key":"SMITH"},{"data":"alterego_mod:BrynhildrsRune","floor":15.0,"key":"SMITH"},{"data":"alterego_mod:DiscoLights","floor":23.0,"key":"SMITH"},{"data":"alterego_mod:TrickOrTreatment","floor":32.0,"key":"SMITH"},{"data":"alterego_mod:ChallengeComplete","floor":40.0,"key":"SMITH"},{"data":"alterego_mod:DiscoLights","floor":42.0,"key":"SMITH"},{"data":"alterego_mod:Collar","floor":46,"key":"SMITH"},{"data":"alterego_mod:ChallengeComplete","floor":49,"key":"SMITH"}],"circlet_count":0,"master_deck":["AscendersBane","alterego_mod:Defend","alterego_mod:Defend","alterego_mod:Defend","alterego_mod:Defend","alterego_mod:BigMeatyClaws+1","alterego_mod:BrynhildrsRune+1","MurderousAura","alterego_mod:MagicResistance+1","alterego_mod:DiscoLights+1","alterego_mod:BreastValley","alterego_mod:Exercise","alterego_mod:BeGentle+1","alterego_mod:Rip","alterego_mod:TrickOrTreatment+1","alterego_mod:Undulate+1","alterego_mod:DiscoLights+1","alterego_mod:TrickOrTreatment+1","alterego_mod:IndependentAction+1","alterego_mod:Collar+1","alterego_mod:Birthday+1","alterego_mod:DiscoLights+1","alterego_mod:Nekomimi+1","alterego_mod:ChallengeComplete+1","alterego_mod:ClassAdvantage+1","alterego_mod:BreastValley+1","alterego_mod:BreastValley+1","alterego_mod:BreastValley+1","alterego_mod:ChallengeComplete+1"],"relics":["alterego_mod:MasochisticConstitution","REME_ComplimentaryCards","DaveBox","ice","RhineSuit","Question Card","Toxic Egg 2","Odd Mushroom","REME_ArchaeologicalTools","ImportantClient","Membership Card","Turnip","Pen Nib","vexMod:PaidLearning","vexMod:Dragonfruit","Replay:Bandana","Bronze Scales"],"acts_visited":["Exordium","TheCity","TheBeyond"],"potions_floor_usage":[50],"damage_taken":[{"damage":0.0,"enemies":"Jaw Worm","floor":1.0,"turns":5.0},{"damage":0.0,"enemies":"2 Louse","floor":4.0,"turns":4.0},{"damage":8.0,"enemies":"The Mushroom Lair","floor":7.0,"turns":7.0},{"damage":0.0,"enemies":"Small Slimes","floor":11.0,"turns":3.0},{"damage":0.0,"enemies":"conspire:2 RoseBushes","floor":13.0,"turns":4.0},{"damage":0.0,"enemies":"Looter","floor":14.0,"turns":2.0},{"damage":20.0,"enemies":"Hexaghost","floor":16.0,"turns":8.0},{"damage":55.0,"enemies":"conspire:FuzzyDice","floor":18.0,"turns":7.0},{"damage":0.0,"enemies":"Chosen","floor":19.0,"turns":8.0},{"damage":3.0,"enemies":"Centurion and Healer","floor":21.0,"turns":9.0},{"damage":13.0,"enemies":"Cultist and Chosen","floor":24.0,"turns":9.0},{"damage":2.0,"enemies":"Shelled Parasite and Fungi","floor":27.0,"turns":8.0},{"damage":7.0,"enemies":"Snecko","floor":28.0,"turns":5.0},{"damage":0.0,"enemies":"Snake Plant","floor":31.0,"turns":5.0},{"damage":34.0,"enemies":"conspire:MysteriousRune","floor":33.0,"turns":8.0},{"damage":15.0,"enemies":"3 Shapes","floor":35.0,"turns":10.0},{"damage":0.0,"enemies":"Orb Walker","floor":38.0,"turns":5.0},{"damage":107.0,"enemies":"3 Darklings","floor":39.0,"turns":16.0},{"damage":27.0,"enemies":"Giant Head","floor":41.0,"turns":11.0},{"damage":52.0,"enemies":"Jaw Worm Horde","floor":44.0,"turns":8.0},{"damage":3,"enemies":"Maw","floor":47,"turns":10},{"damage":57,"enemies":"Donu and Deca","floor":50,"turns":12}],"seed_played":"-1545721604316955966","potions_obtained":[{"floor":4.0,"key":"Strength Potion"},{"floor":14.0,"key":"Energy Potion"},{"floor":16.0,"key":"Dota2Spire:Clarity"},{"floor":19.0,"key":"SteroidPotion"},{"floor":27.0,"key":"Fire Potion"},{"floor":38.0,"key":"Milkshake"}],"is_trial":false,"path_per_floor":["M","$","?","M","?","R","?","R","T","R","M","?","M","M","R","B",null,"M","M","$","M","?","R","M","$","T","M","M","R","?","M","R","B",null,"M","$","?","M","M","R","E","R","T","M","T","R","M","?","R","B",null],"character_chosen":"The_Alterego","items_purchased":["alterego_mod:DiscoLights","alterego_mod:TrickOrTreatment","alterego_mod:IndependentAction+1","Membership Card","Turnip","alterego_mod:DiscoLights","alterego_mod:ChallengeComplete","vexMod:PaidLearning","vexMod:Dragonfruit"],"campfire_rested":0,"item_purchase_floors":[2,20,20,25,25,25,29,36,36],"current_hp_per_floor":[65,65,65,65,70,70,71,71,71,71,71,71,71,71,71,52,67,20,27,27,53,53,53,59,59,59,76,77,77,63,75,75,55,76,84,89,89,89,54,54,82,82,82,67,67,67,93,93,93,37],"gold":237,"neow_bonus":"REMOVE_CARD","is_daily":false,"chose_seed":false,"campfire_upgraded":10,"win_rate":0.0,"timestamp":1608283897,"path_taken":["M","$","?","M","?","R","?","R","T","R","?","?","M","M","R","BOSS","M","M","$","M","?","R","M","$","T","M","M","R","?","M","R","BOSS","M","$","?","M","M","R","E","R","T","M","?","R","M","?","R","BOSS"],"items_purchased_type":["Card","Card","Card","Relic","Relic","Card","Card","Relic","Relic"],"build_version":"2020-12-13","purchased_purges":4,"victory":true,"max_hp_per_floor":[65,65,65,65,70,70,71,71,71,71,71,71,71,71,71,72,72,73,73,73,74,74,74,75,75,75,76,77,77,82,82,82,83,83,84,89,89,89,90,90,91,91,91,92,92,92,93,93,93,94],"card_choices":[{"not_picked":["alterego_mod:GachaTicket","alterego_mod:Stockings"],"picked":"alterego_mod:MagicResistance","floor":1.0},{"not_picked":["alterego_mod:IndependentAction+1","alterego_mod:Belle","alterego_mod:DestructionOfProperty+1"],"picked":"alterego_mod:BreastValley","floor":4.0},{"not_picked":["alterego_mod:Stockings","alterego_mod:Punishment","alterego_mod:Crossover+1"],"picked":"alterego_mod:Exercise","floor":11.0},{"not_picked":["alterego_mod:Punishment","alterego_mod:BusterCard","alterego_mod:DustData"],"picked":"alterego_mod:BeGentle+1","floor":13.0},{"not_picked":["alterego_mod:Maid","alterego_mod:BustOut","alterego_mod:Schoolgirl+1"],"picked":"alterego_mod:Rip","floor":14.0},{"not_picked":["alterego_mod:Valkyrie","alterego_mod:AlterEgo","alterego_mod:Tantrum+1"],"picked":"alterego_mod:TrickOrTreatment","floor":16.0},{"not_picked":["alterego_mod:BusterCard","alterego_mod:SakuraFive","alterego_mod:RidiculouslyBig+1"],"picked":"alterego_mod:Undulate+1","floor":18.0},{"not_picked":["alterego_mod:DustData","alterego_mod:Rip+1","alterego_mod:SuperDuperMasochism+1"],"picked":"alterego_mod:DiscoLights","floor":19.0},{"not_picked":["alterego_mod:Skirt+1","alterego_mod:TrashNCrash+1","alterego_mod:PresenceConcealment"],"picked":"alterego_mod:Collar","floor":21.0},{"not_picked":["alterego_mod:HighServant+1","alterego_mod:Cooking+1","alterego_mod:Jiggle+1"],"picked":"alterego_mod:Birthday+1","floor":24.0},{"not_picked":["alterego_mod:SakuraPetals","alterego_mod:RocketPunch","alterego_mod:Lift"],"picked":"alterego_mod:Nekomimi","floor":27.0},{"not_picked":["alterego_mod:Schoolgirl+1","alterego_mod:GoddessCore","alterego_mod:Pet+1","alterego_mod:MagicResistance+1"],"picked":"SKIP","floor":28.0},{"not_picked":["alterego_mod:Schoolgirl+1","alterego_mod:GoddessCore","alterego_mod:PerceptionDisorder","alterego_mod:Cooking+1"],"picked":"SKIP","floor":31.0},{"not_picked":["alterego_mod:Antipathy+1","alterego_mod:Alter+1","alterego_mod:IdEs+1"],"picked":"alterego_mod:ClassAdvantage","floor":33.0},{"not_picked":["alterego_mod:DeftHands","alterego_mod:Exercise+1","alterego_mod:1TonWallop"],"picked":"alterego_mod:BreastValley+1","floor":35.0},{"not_picked":["alterego_mod:Cycle+1","alterego_mod:Clones+1","alterego_mod:SideboobHour","alterego_mod:IndependentAction+1"],"picked":"SKIP","floor":38.0},{"not_picked":["alterego_mod:TrashNCrash+1","alterego_mod:GoddessCore","alterego_mod:Complex","alterego_mod:Cushion+1"],"picked":"SKIP","floor":39.0},{"not_picked":["alterego_mod:Clap+1","alterego_mod:DiscoLights","alterego_mod:SakuraFive"],"picked":"alterego_mod:BreastValley+1","floor":41.0},{"not_picked":["alterego_mod:Bunnysuit+1","alterego_mod:GoddessCore+1","alterego_mod:STier+1","alterego_mod:Mirror+1"],"picked":"SKIP","floor":44},{"not_picked":["alterego_mod:Lingerie+1","alterego_mod:1TonWallop+1","alterego_mod:Belle"],"picked":"alterego_mod:BreastValley+1","floor":47},{"not_picked":[],"picked":"alterego_mod:ChallengeComplete","floor":48}],"player_experience":1392694,"relics_obtained":[{"floor":1.0,"key":"Question Card"},{"floor":7.0,"key":"Odd Mushroom"},{"floor":9.0,"key":"REME_ArchaeologicalTools"},{"floor":16.0,"key":"ImportantClient"},{"floor":26.0,"key":"Pen Nib"},{"floor":41.0,"key":"Replay:Bandana"},{"floor":45,"key":"Bronze Scales"}],"event_choices":[{"damage_healed":0.0,"max_hp_gain":5.0,"max_hp_loss":0.0,"gold_gain":0.0,"event_name":"Big Fish","player_choice":"Donut","floor":5.0,"gold_loss":0.0,"damage_taken":0.0},{"damage_healed":0.0,"max_hp_gain":0.0,"max_hp_loss":0.0,"gold_gain":0.0,"event_name":"Mushrooms","player_choice":"Fought Mushrooms","floor":7.0,"gold_loss":0.0,"damage_taken":0.0},{"cards_removed":["alterego_mod:Strike"],"damage_healed":0.0,"max_hp_gain":0.0,"max_hp_loss":0.0,"gold_gain":0.0,"event_name":"Living Wall","player_choice":"Forget","floor":12.0,"gold_loss":0.0,"damage_taken":0.0},{"damage_healed":0.0,"max_hp_gain":5.0,"max_hp_loss":0.0,"gold_gain":0.0,"event_name":"Forgotten Altar","player_choice":"Shed Blood","floor":30.0,"gold_loss":0.0,"damage_taken":19.0},{"damage_healed":0.0,"max_hp_gain":0.0,"max_hp_loss":0.0,"gold_gain":0.0,"event_name":"Upgrade Shrine","player_choice":"Upgraded","floor":37.0,"gold_loss":0.0,"damage_taken":0.0,"cards_upgraded":["alterego_mod:Nekomimi"]}],"is_beta":false,"boss_relics":[{"not_picked":["GuanYuAspect","vexMod:FluxCapacitor","aspiration:RitualDagger"]},{"not_picked":["aspiration:WatcherSkillbook","Ring of Chaos","Velvet Choker"]}],"items_purged_floors":[2,20,25,29],"is_endless":false,"potions_floor_spawned":[4,13,14,16,19,24,27,33,38,41,47],"ascension_level":14}}