{"host":"p3zvysb9vei90bt4","time":1608275098,"event":{"mods":["AchievementEnabler","Aspiration","Bard","BaseMod","Beaked The Cultist","Better Altar","Better Match","Better Note","Better Sensory Stone","Better Skull","Better Third Choice","BetterRewards","CCEM","Clawfect","Colored Map","Conspire","Downfall","GifTheSpireLib","Googly Eyes","Halation","Hermit","Highlight Path","Hubris","Hunter ??","Infinite Spire","Jedi Mod","Jorbs\u0027s Wanderer Trilogy","Mad Scientist","Marisa????????","Mimic Mod","Minty Spire (QoL Compilation)","Permanent Neow","Replay The Spire","Shade Mod","Shop Mod","Spicy Shops","StSLib","Stuff the Spire","The Administrix","The Blackbeard","The Bug Knight","The Construct","The Cursed","The Disciple","The Gatherer","The Hierophant","The IronCluck","The Jungle","The Mystic","The Necromancer","The Problem Sleuth","The Runesmith","The Servant 0.9.4","The Spell Scribe","The Witch","Unceasing Turn Reminder","[IsaacMod]????","everything is the same but u backflip on backflip","slay the spire mod where everything is the same but ironclad has a cowboy hat"],"gold_per_floor":[121,121,135,149,181,181,224,224,274,295,149,149,149,0,0,186,186,214,272,285,367,367,451,471,471,495,515,636,651,658,658,658,755,755,768,788,788,803,803,803,803,838,838,838,855,884,884,891,891],"floor_reached":48,"playtime":3563,"items_purged":[],"score":630,"play_id":"af0eaaf8-f071-435a-9f2e-3183fb82dbb4","local_time":"20201218020458","is_ascension_mode":false,"campfire_choices":[{"data":"Flex","floor":6,"key":"SMITH"},{"data":"Replay:Bag of Tricks","floor":8,"key":"SMITH"},{"data":"jedi:fear","floor":13,"key":"SMITH"},{"data":"Flex","floor":15,"key":"SMITH"},{"floor":25,"key":"REST"},{"data":"jedi:strikingstrike","floor":32,"key":"SMITH"},{"data":"ReplayTheSpireMod:Book of Names","floor":40,"key":"SMITH"},{"data":"hubris:Rewind","floor":47,"key":"SMITH"}],"circlet_count":0,"master_deck":["Strike_R","Strike_R","Strike_R+1","Defend_R","Defend_R","Defend_R","Bash","AdministrixMod:Daybreak","UpSweep","Flex+1","Replay:Bag of Tricks+1","Predator","StuffTheSpire:ClusterCrunch+1","jedi:fear+1","Flex+1","conspire:ExplosiveBarrier","Thunderclap","jedi:strikingstrike+1","Iron Wave","Run Through","Life Link+1","Flame Barrier","Intimidate","Reckless Charge","Whirlwind+1","jedi:harder","Warcry+1","Replay:Undeath\u0027s Touch","ReplayTheSpireMod:Book of Names+1","Warcry+1","Madness","Madness","Twin Strike+1","hubris:Rewind+1","Heavy Blade"],"relics":["Burning Blood","HushsDoor","SalivaCoin","Calipers","Whetstone","halation:KoshaPiece","CCEMRelics:BiPhaseBiplane","Lantern","MagicMushroom","Leech","StuffTheSpire:Mouthbags","DeathBook","aspiration:SeaSaltIceCream","aspiration:Nostalgia","beaked:MendingPlumage","hubris:BottledHeart","aspiration:RitualStick","jedi:paperlyon","hubris:Backtick","Mango","CCEMRelics:MirrorShard","PillsDrop","hubris:MysteriousPyramids"],"acts_visited":["Exordium","TheCity","TheBeyond"],"potions_floor_usage":[10,24,28,33,38],"damage_taken":[{"damage":7,"enemies":"2 Louse","floor":1,"turns":3},{"damage":0,"enemies":"Small Slimes","floor":3,"turns":3},{"damage":0,"enemies":"Cultist","floor":4,"turns":2},{"damage":14,"enemies":"Red Slaver","floor":5,"turns":3},{"damage":31,"enemies":"Lagavulin","floor":7,"turns":5},{"damage":7,"enemies":"Looter","floor":10,"turns":2},{"damage":52,"enemies":"The Guardian","floor":16,"turns":7},{"damage":22,"enemies":"conspire:FuzzyDice","floor":18,"turns":4},{"damage":0,"enemies":"Cultist and Chosen","floor":20,"turns":4},{"damage":52,"enemies":"Gremlin Leader","floor":23,"turns":6},{"damage":0,"enemies":"Chosen and Byrds","floor":24,"turns":3},{"damage":0,"enemies":"Centurion and Healer","floor":27,"turns":5},{"damage":14,"enemies":"Colosseum Slavers","floor":28,"turns":3},{"damage":15,"enemies":"Colosseum Nobs","floor":28,"turns":3},{"damage":0,"enemies":"3 Cultists","floor":29,"turns":4},{"damage":0,"enemies":"Automaton","floor":33,"turns":6},{"damage":0,"enemies":"3 Darklings","floor":35,"turns":3},{"damage":0,"enemies":"3 Shapes","floor":36,"turns":2},{"damage":0,"enemies":"Writhing Mass","floor":38,"turns":5},{"damage":0,"enemies":"R_Hoarder","floor":42,"turns":7},{"damage":0,"enemies":"Sphere and 2 Shapes","floor":45,"turns":3},{"damage":0,"enemies":"4 Shapes","floor":46,"turns":4}],"seed_played":"-410689378820285889","potions_obtained":[{"floor":3,"key":"jedi:wingpotion"},{"floor":7,"key":"Weak Potion"},{"floor":20,"key":"Guardian:BlockOnCardUsePotion"},{"floor":24,"key":"AttackPotion"},{"floor":29,"key":"AttackPotion"},{"floor":33,"key":"FearPotion"},{"floor":35,"key":"SmokeBomb"},{"floor":36,"key":"Strength Potion"},{"floor":46,"key":"GamblersBrew"}],"is_trial":false,"path_per_floor":["M","?","M","M","M","R","E","R","T","M","$","?","R","$","R","B",null,"M","?","M","?","?","E","M","R","T","M","?","M","?","?","R","B",null,"M","M","AVR","M","$","R","?","E","T","?","M","M","R","?"],"character_chosen":"IRONCLAD","items_purchased":["CCEMRelics:BiPhaseBiplane","Lantern"],"campfire_rested":1,"item_purchase_floors":[11,14],"current_hp_per_floor":[79,79,80,80,72,72,47,47,47,46,46,80,80,80,80,34,87,71,56,63,55,55,10,20,46,46,57,47,76,1,1,1,1,1,1,1,1,1,1,1,1,1,1,1,1,1,1,0,0],"gold":891,"neow_bonus":"ONE_RARE_RELIC","is_daily":false,"chose_seed":false,"campfire_upgraded":7,"win_rate":0.0,"timestamp":1608275098,"path_taken":["M","?","M","M","?","R","E","R","T","?","$","?","R","$","R","BOSS","M","?","M","?","?","E","M","R","T","?","?","M","?","?","R","BOSS","M","M","AVR","M","?","R","?","E","T","?","M","M","R","?"],"items_purchased_type":["Relic","Relic"],"build_version":"2020-12-13","purchased_purges":0,"victory":false,"max_hp_per_floor":[80,80,80,80,80,80,80,80,80,80,80,80,80,80,80,80,87,87,87,87,87,87,87,87,87,87,87,87,87,1,1,1,1,1,1,1,1,1,1,1,1,1,1,1,1,1,1,1,1],"card_choices":[{"not_picked":[],"picked":"ChaosCard","floor":0},{"not_picked":["Thunderclap","Hemokinesis"],"picked":"Flex","floor":1},{"not_picked":["Twin Strike","ReplayTheSpireMod:Muscle Training"],"picked":"jedi:fear","floor":3},{"not_picked":["Rupture","Carnage"],"picked":"Flex","floor":4},{"not_picked":["Cleave","Perfected Strike"],"picked":"conspire:ExplosiveBarrier","floor":5},{"not_picked":["Double Tap","Rage"],"picked":"Bomb","floor":7},{"not_picked":["Armaments","Headbutt"],"picked":"Thunderclap","floor":10},{"not_picked":["Corruption","Berserk"],"picked":"jedi:strikingstrike","floor":16},{"not_picked":["ReplayTheSpireMod:Strike From Hell+1","Cleave+1"],"picked":"Flame Barrier","floor":18},{"not_picked":["Disarm","Armaments"],"picked":"Iron Wave","floor":20},{"not_picked":["Combust","Iron Wave"],"picked":"Run Through","floor":23},{"not_picked":["jedi:fear+1","Dropkick+1"],"picked":"Life Link+1","floor":24},{"not_picked":["Spot Weakness+1","Metallicize"],"picked":"Intimidate","floor":27},{"not_picked":["Pommel Strike","Bludgeon"],"picked":"Reckless Charge","floor":28},{"not_picked":["Sword Boomerang","StuffTheSpire:RockThrow"],"picked":"Whirlwind+1","floor":29},{"not_picked":["Hemogenesis","Double Tap"],"picked":"jedi:harder","floor":33},{"not_picked":["Iron Wave+1","Entrench"],"picked":"Warcry+1","floor":35},{"not_picked":["Shockwave","StuffTheSpire:Incineration+1"],"picked":"Replay:Undeath\u0027s Touch","floor":36},{"not_picked":["Clash+1","Bloodletting"],"picked":"Warcry+1","floor":38},{"not_picked":["jedi:suffering","Feel No Pain+1"],"picked":"Twin Strike+1","floor":42},{"not_picked":["infinitespire:Menacing","infinitespire:Execution"],"picked":"hubris:Rewind","floor":44},{"not_picked":["Disarm+1","Pommel Strike+1"],"picked":"Heavy Blade","floor":45},{"not_picked":["Burning Pact+1","Run Through","Headbutt"],"picked":"SKIP","floor":46}],"player_experience":113680,"relics_obtained":[{"floor":7,"key":"Whetstone"},{"floor":9,"key":"halation:KoshaPiece"},{"floor":23,"key":"Leech"},{"floor":26,"key":"StuffTheSpire:Mouthbags"},{"floor":28,"key":"DeathBook"},{"floor":28,"key":"aspiration:SeaSaltIceCream"},{"floor":42,"key":"PillsDrop"},{"floor":43,"key":"hubris:MysteriousPyramids"}],"event_choices":[{"cards_removed":["Bomb"],"damage_healed":34,"gold_gain":0,"player_choice":"Offered Uncommon","damage_taken":0,"max_hp_gain":0,"max_hp_loss":0,"event_name":"Bonfire Elementals","floor":12,"gold_loss":0},{"damage_healed":0,"gold_gain":75,"player_choice":"Touch","damage_taken":8,"max_hp_gain":0,"max_hp_loss":0,"event_name":"FaceTrader","floor":21,"gold_loss":0},{"cards_removed":["Replay:Bag of Tricks"],"damage_healed":0,"gold_gain":0,"player_choice":"Give","damage_taken":0,"max_hp_gain":0,"max_hp_loss":0,"event_name":"betterNote:BetterNote","floor":22,"gold_loss":0,"cards_obtained":["Pain"]},{"damage_healed":0,"gold_gain":0,"player_choice":"Fight","damage_taken":0,"max_hp_gain":0,"max_hp_loss":0,"event_name":"Colosseum","floor":28,"gold_loss":0},{"damage_healed":0,"gold_gain":0,"player_choice":"Fought Nobs","damage_taken":0,"max_hp_gain":0,"max_hp_loss":0,"event_name":"Colosseum","floor":28,"gold_loss":0},{"damage_healed":0,"gold_gain":0,"player_choice":"Embrace Madness","damage_taken":0,"max_hp_gain":0,"max_hp_loss":0,"event_name":"Winding Halls","floor":41,"gold_loss":0,"cards_obtained":["Madness","Madness"]}],"is_beta":false,"boss_relics":[{"not_picked":["Velvet Choker","halation:ForbiddenBikini"],"picked":"MagicMushroom"},{"not_picked":[]},{"not_picked":["halation:SmartPhone","hubris:BlackHole"],"picked":"jedi:paperlyon"},{"not_picked":[]}],"items_purged_floors":[],"is_endless":false,"potions_floor_spawned":[3,7,20,24,28,29,33,35,36,46],"ascension_level":0}}