{"host":"njruw0b0uprlitpx","time":1608295995,"event":{"mods":["2.2 Compatiblity","BaseMod","Better Altar","Better Note","Better Sensory Stone","Better Skull","Better Third Choice","BetterRewards","Block Reminder","Colored Map","Colored Powertips","Jedi Mod","Keyboard Shortcuts","Minty Spire (QoL Compilation)","Quick Restart","Relic Stats","Replay The Spire","SacredBarkPlus","Spicy Shops","StSLib","SuperFastMode","The Hierophant","The Mystic","The Problem Sleuth","The Runesmith","The Spell Scribe","Wandering Minibosses"],"gold_per_floor":[111,111,111,111,111,128,141,141,162,162,162,162,182,199,199,219,219,290,290,309,309,320,18,19,19,50,64,64,76,76,10,10,0,0,95,95,49,103,103,29,0,0,97,97,168,168,211,245,245,245,245,240],"floor_reached":53,"playtime":8559,"items_purged":[],"score":823,"play_id":"6bb99b90-be6b-418f-9ff5-ab18ebbffbc0","local_time":"20201218065315","is_ascension_mode":false,"campfire_choices":[{"data":"hierophant:Glossolalia","floor":8,"key":"SMITH"},{"data":"hierophant:ChurchCoffers","floor":10,"key":"SMITH"},{"data":"hierophant:Sermon","floor":15,"key":"SMITH"},{"data":"hierophant:Punish","floor":17,"key":"SMITH"},{"data":"hierophant:Sermon","floor":25,"key":"SMITH"},{"floor":30,"key":"REST"},{"floor":34,"key":"REST"},{"data":"hierophant:DisplayOfPower","floor":42,"key":"SMITH"},{"floor":46,"key":"REST"},{"data":"1","floor":49,"key":"LIFT"},{"data":"2","floor":51,"key":"LIFT"}],"circlet_count":0,"master_deck":["hierophant:Strike_Hierophant","hierophant:Strike_Hierophant","hierophant:Strike_Hierophant","hierophant:Punish+1","hierophant:Defend_Hierophant","hierophant:Defend_Hierophant","hierophant:Defend_Hierophant","hierophant:Defend_Hierophant","hierophant:ChurchCoffers+1","Master of Strategy+1","hierophant:ArchangelShield+1","hierophant:ThreeLashes","hierophant:Sermon+1","hierophant:Glossolalia+1","hierophant:FieryStrike","hierophant:Sermon+1","hierophant:Purify","hierophant:WrathOfGod","hierophant:FlamingChariot","hierophant:FieryStrike","hierophant:Encroach+1","hierophant:DisplayOfPower+1","hierophant:Batter+1","hierophant:AuricShield+1","hierophant:Doubloon+1","hierophant:OrnateBuckler+1","hierophant:ArchangelShield","hierophant:Chorus+1","hierophant:Alms+1"],"relics":["hierophant:PropheticMaskRelic","jedi:kaleidoscope","TungstenRod","Sling","Replay:Mystery Machine","Juzu Bracelet","Guide Book","Ginger","CaptainsWheel","jedi:hotpepper","Membership Card","Toxic Egg 2","Mercury Hourglass","Unceasing Top","Golden Egg","Sozu","InkBottle","theSleuth:Tectrixcalibur","Replay:Bandana","Red Mask","Girya","Bottled Tornado","Bottled Lightning"],"acts_visited":["Exordium","TheCity","TheBeyond"],"potions_floor_usage":[9,18,18,24,43,52],"damage_taken":[{"damage":0,"enemies":"2 Louse","floor":1,"turns":1},{"damage":0,"enemies":"Cultist","floor":6,"turns":3},{"damage":0,"enemies":"Small Slimes","floor":7,"turns":3},{"damage":1,"enemies":"Lagavulin","floor":9,"turns":3},{"damage":0,"enemies":"Looter","floor":13,"turns":3},{"damage":0,"enemies":"Gremlin Gang","floor":14,"turns":3},{"damage":5,"enemies":"2 Fungi Beasts","floor":16,"turns":2},{"damage":2,"enemies":"The Guardian","floor":18,"turns":4},{"damage":0,"enemies":"Shell Parasite","floor":20,"turns":4},{"damage":4,"enemies":"Chosen","floor":22,"turns":3},{"damage":12,"enemies":"Snake Plant","floor":24,"turns":2},{"damage":27,"enemies":"Gremlin Leader","floor":26,"turns":3},{"damage":0,"enemies":"Chosen and Byrds","floor":27,"turns":3},{"damage":0,"enemies":"Cultist and Chosen","floor":29,"turns":4},{"damage":2,"enemies":"Automaton","floor":35,"turns":6},{"damage":15,"enemies":"Orb Walker","floor":37,"turns":1},{"damage":11,"enemies":"2 Orb Walkers","floor":43,"turns":3},{"damage":0,"enemies":"3 Shapes","floor":47,"turns":2},{"damage":0,"enemies":"Transient","floor":48,"turns":5},{"damage":1,"enemies":"Donu and Deca","floor":52,"turns":6}],"seed_played":"-8040573238840084644","potions_obtained":[{"floor":9,"key":"BlessingOfTheForge"},{"floor":22,"key":"Swift Potion"},{"floor":26,"key":"DuplicationPotion"},{"floor":27,"key":"BlessingOfTheForge"}],"is_trial":false,"path_per_floor":["M","?","?","PTL","PTL","M","M","R","E","R","T","?","M","M","R","M","R","B",null,"M","?","M","$","M","R","E","M","T","M","R","?","?","?","R","B",null,"M","?","?","$","?","R","?","T","T","R","M","M","R","?","R","B",null],"character_chosen":"HIEROPHANT","items_purchased":["Master of Strategy","hierophant:ArchangelShield","Sling","Replay:Mystery Machine","Juzu Bracelet","hierophant:ThreeLashes","Guide Book","PowerPotion","Adrenaline Potion","Strength Potion","Membership Card","Toxic Egg 2","hierophant:FlamingChariot","Replay:Bandana"],"campfire_rested":3,"item_purchase_floors":[0,0,0,0,0,0,0,0,0,0,23,23,23,40],"current_hp_per_floor":[75,75,80,80,80,80,80,80,79,79,79,79,79,79,79,74,74,72,60,60,60,56,56,44,44,17,17,17,17,35,35,35,35,53,51,60,45,45,45,45,45,45,34,34,34,52,52,52,52,55,55,54],"gold":240,"neow_bonus":"","is_daily":false,"chose_seed":false,"campfire_upgraded":6,"win_rate":0.0,"timestamp":1608295995,"path_taken":["M","?","?","PTL","PTL","M","M","R","E","R","T","?","M","M","R","M","R","BOSS","M","?","M","$","M","R","E","M","T","M","R","?","?","?","R","BOSS","M","?","?","$","?","R","?","?","T","R","M","M","R","?","R","BOSS"],"items_purchased_type":["Card","Card","Relic","Relic","Relic","Card","Relic","Potion","Potion","Potion","Relic","Relic","Card","Relic"],"build_version":"2020-12-13","purchased_purges":0,"victory":true,"max_hp_per_floor":[75,75,80,80,80,80,80,80,80,80,80,80,80,80,80,80,80,80,60,60,60,60,60,60,60,60,60,60,60,60,60,60,60,60,60,60,60,60,60,60,60,60,60,60,60,60,60,60,60,60,60,60],"relic_stats":{"Sozu":2,"counters":[115,438],"Juzu Bracelet":4,"Ginger":[4],"obtain_stats":[{"Golden Egg":13,"Divine Protection":26,"construct:FoamFinger":45,"Whetstone":23,"Ginger":9,"Bottled Tornado":44,"Sling":0,"Sozu":36,"Lizard Tail":25,"Strawberry":46,"aspiration:ArtOfWarUpgrade":25,"HandDrill":46,"Toxic Egg 2":0,"Girya":43,"Pear":36,"ReplayTheSpireMod:CursedCoin":47,"Replay:Grab Bag":17,"Astrolabe":17,"Dead Branch":14,"Counterbalance":56,"Oddly Smooth Stone":7,"HollowMod:JonisBlessing":0,"Ring of Chaos":17,"energizedSpire:StickyHand":34,"aspiration:FrozenJewel":9,"Runic Dome":17,"wanderingMiniBosses:Blackblade":31,"jedi:hotpepper":19,"Bird Faced Urn":29,"hierophant:DonationBoxRelic":26,"Snecko Eye":17,"Molten Egg 2":30,"ReplayTheSpireMod:TigerMarble":2,"Unceasing Top":28,"Pocketwatch":0,"Regal Pillow":28,"Torii":41,"Singing Bowl":20,"hierophant:PropheticMaskRelic":0,"Angel_Ring":14,"Enchiridion":27,"Painkiller Herb":17,"StoneCalendar":0,"Mango":0,"Juzu Bracelet":40,"Incense Burner":0,"Bag of Preparation":32,"Mythril_Glove":45,"Replay:Mystery Machine":0,"Cursed Key":38,"Power_Wrist":28,"Cleaning_Rag":26,"Silver_Glasses":36,"BranchBurnRelic":54,"Nunchaku":10,"Replay:Bandana":40,"Chameleon Ring":43,"theSleuth:Tectrixcalibur":39,"Tiny Chest":13,"Red Mask":41,"InkBottle":38,"Runic Pyramid":34,"aspiration:ChemicalBlood":43,"Potion Belt":0,"Lee\u0027s Waffle":22,"BargainBundle":46,"construct:WeddingRing":36,"Golden Idol":2,"Guide Book":0,"PreservedInsect":19,"Protect_Vest":3,"aspiration:SecretTechniqueScroll":34,"Orichalcum":9,"energizedSpire:SpiderWeb":36,"Medical Kit":50,"Mercury Hourglass":26,"CaptainsWheel":0,"Golden_Hairpin":17,"Busted Crown":36,"jedi:kaleidoscope":0,"Ornamental Fan":24,"aspiration:WatcherSkillbook":17,"Orrery":0,"Art of War":22,"Membership Card":20,"Bottled Lightning":45,"FossilizedHelix":49,"TungstenRod":0},{"Golden Egg":52,"Divine Protection":81,"construct:FoamFinger":66,"Whetstone":57,"Ginger":99,"Bottled Tornado":112,"Sling":95,"Sozu":110,"Lizard Tail":58,"Strawberry":41,"aspiration:ArtOfWarUpgrade":11,"HandDrill":41,"Toxic Egg 2":69,"Girya":112,"Pear":38,"ReplayTheSpireMod:CursedCoin":21,"Replay:Grab Bag":7,"Astrolabe":7,"Dead Branch":77,"Counterbalance":94,"Oddly Smooth Stone":3,"HollowMod:JonisBlessing":46,"Ring of Chaos":7,"energizedSpire:StickyHand":86,"aspiration:FrozenJewel":25,"Runic Dome":7,"wanderingMiniBosses:Blackblade":85,"jedi:hotpepper":103,"Bird Faced Urn":13,"hierophant:DonationBoxRelic":11,"Snecko Eye":54,"Molten Egg 2":84,"ReplayTheSpireMod:TigerMarble":1,"Unceasing Top":108,"Pocketwatch":46,"Regal Pillow":60,"Torii":19,"Singing Bowl":31,"hierophant:PropheticMaskRelic":0,"Angel_Ring":29,"Enchiridion":34,"Painkiller Herb":7,"StoneCalendar":22,"Mango":69,"Juzu Bracelet":18,"Incense Burner":22,"Bag of Preparation":60,"Mythril_Glove":89,"Replay:Mystery Machine":95,"Cursed Key":39,"Power_Wrist":83,"Cleaning_Rag":58,"Silver_Glasses":62,"BranchBurnRelic":93,"Nunchaku":4,"Replay:Bandana":111,"Chameleon Ring":19,"theSleuth:Tectrixcalibur":111,"Tiny Chest":5,"Red Mask":111,"InkBottle":111,"Runic Pyramid":37,"aspiration:ChemicalBlood":40,"Potion Belt":69,"Lee\u0027s Waffle":10,"BargainBundle":41,"construct:WeddingRing":62,"Golden Idol":23,"Guide Book":95,"PreservedInsect":31,"Protect_Vest":47,"aspiration:SecretTechniqueScroll":15,"Orichalcum":3,"energizedSpire:SpiderWeb":62,"Medical Kit":67,"Mercury Hourglass":107,"CaptainsWheel":69,"Golden_Hairpin":78,"Busted Crown":62,"jedi:kaleidoscope":95,"Ornamental Fan":11,"aspiration:WatcherSkillbook":30,"Orrery":46,"Art of War":10,"Membership Card":55,"Bottled Lightning":112,"FossilizedHelix":91,"TungstenRod":95},{"Golden Egg":195,"Divine Protection":315,"construct:FoamFinger":253,"Whetstone":212,"Ginger":384,"Bottled Tornado":425,"Sling":374,"Sozu":421,"Lizard Tail":220,"Strawberry":149,"aspiration:ArtOfWarUpgrade":33,"HandDrill":149,"Toxic Egg 2":273,"Girya":425,"Pear":137,"ReplayTheSpireMod:CursedCoin":65,"Replay:Grab Bag":20,"Astrolabe":20,"Dead Branch":304,"Counterbalance":367,"Oddly Smooth Stone":6,"HollowMod:JonisBlessing":172,"Ring of Chaos":20,"energizedSpire:StickyHand":336,"aspiration:FrozenJewel":80,"Runic Dome":20,"wanderingMiniBosses:Blackblade":331,"jedi:hotpepper":396,"Bird Faced Urn":40,"hierophant:DonationBoxRelic":33,"Snecko Eye":203,"Molten Egg 2":325,"ReplayTheSpireMod:TigerMarble":1,"Unceasing Top":411,"Pocketwatch":172,"Regal Pillow":229,"Torii":59,"Singing Bowl":99,"hierophant:PropheticMaskRelic":0,"Angel_Ring":91,"Enchiridion":114,"Painkiller Herb":20,"StoneCalendar":71,"Mango":273,"Juzu Bracelet":54,"Incense Burner":71,"Bag of Preparation":229,"Mythril_Glove":349,"Replay:Mystery Machine":374,"Cursed Key":140,"Power_Wrist":322,"Cleaning_Rag":220,"Silver_Glasses":241,"BranchBurnRelic":363,"Nunchaku":8,"Replay:Bandana":422,"Chameleon Ring":59,"theSleuth:Tectrixcalibur":422,"Tiny Chest":10,"Red Mask":422,"InkBottle":422,"Runic Pyramid":134,"aspiration:ChemicalBlood":144,"Potion Belt":273,"Lee\u0027s Waffle":28,"BargainBundle":149,"construct:WeddingRing":241,"Golden Idol":74,"Guide Book":374,"PreservedInsect":99,"Protect_Vest":173,"aspiration:SecretTechniqueScroll":48,"Orichalcum":6,"energizedSpire:SpiderWeb":241,"Medical Kit":260,"Mercury Hourglass":408,"CaptainsWheel":273,"Golden_Hairpin":307,"Busted Crown":241,"jedi:kaleidoscope":374,"Ornamental Fan":33,"aspiration:WatcherSkillbook":94,"Orrery":172,"Art of War":28,"Membership Card":206,"Bottled Lightning":425,"FossilizedHelix":355,"TungstenRod":374}],"TungstenRod":20,"Unceasing Top":[1],"InkBottle":[7],"Mercury Hourglass":[111]},"card_choices":[{"not_picked":["hierophant:RecallFunds","hierophant:EyeForCoin"],"picked":"hierophant:Sermon","floor":1},{"not_picked":["hierophant:Alms","hierophant:Embezzle"],"picked":"hierophant:Glossolalia","floor":6},{"not_picked":["hierophant:Racketeering","hierophant:Prophecy"],"picked":"hierophant:FieryStrike","floor":7},{"not_picked":["hierophant:Embezzle","hierophant:TollTheBells"],"picked":"hierophant:Sermon","floor":9},{"not_picked":["hierophant:Doubloon","hierophant:RecallFunds","hierophant:Flagellation"],"picked":"SKIP","floor":13},{"not_picked":["hierophant:RustyCrate","hierophant:PassingBell","hierophant:EyeForCoin"],"picked":"SKIP","floor":14},{"not_picked":["hierophant:Shelter","hierophant:Racketeering"],"picked":"hierophant:Purify","floor":16},{"not_picked":["hierophant:Anathema","hierophant:Generosity"],"picked":"hierophant:WrathOfGod","floor":18},{"not_picked":["hierophant:CoinFling","hierophant:FaithHealing","hierophant:TollTheBells+1"],"picked":"SKIP","floor":20},{"not_picked":["hierophant:Patience","hierophant:HolyVerse","hierophant:Remorse"],"picked":"SKIP","floor":22},{"not_picked":["hierophant:Remorse","hierophant:SealAway"],"picked":"hierophant:FieryStrike","floor":24},{"not_picked":["hierophant:Flagellation+1","hierophant:Doomsaying+1","hierophant:Generosity"],"picked":"SKIP","floor":26},{"not_picked":["hierophant:SealAway","hierophant:AuricBeam"],"picked":"hierophant:Encroach+1","floor":27},{"not_picked":["hierophant:RustyCrate+1","hierophant:Purify"],"picked":"hierophant:DisplayOfPower","floor":29},{"not_picked":["hierophant:MintersHammer","hierophant:BulkyChest+1"],"picked":"hierophant:Batter","floor":35},{"not_picked":["hierophant:Smite","hierophant:HolyVerse+1","hierophant:AuricShield+1"],"picked":"SKIP","floor":37},{"not_picked":["hierophant:Smite","hierophant:HolyVerse+1"],"picked":"hierophant:AuricShield+1","floor":37},{"not_picked":["hierophant:Empathy+1","hierophant:Rebuild+1"],"picked":"hierophant:Doubloon+1","floor":38},{"not_picked":["hierophant:Shelter+1","hierophant:Purify+1"],"picked":"hierophant:OrnateBuckler+1","floor":38},{"not_picked":["hierophant:Rebuild+1","hierophant:Purify+1"],"picked":"hierophant:ArchangelShield","floor":43},{"not_picked":["hierophant:HolyVerse+1","hierophant:Prophecy+1"],"picked":"hierophant:Chorus+1","floor":47},{"not_picked":["hierophant:FieryStrike+1","hierophant:ThreeLashes+1"],"picked":"hierophant:Alms+1","floor":48}],"player_experience":1315094,"relics_obtained":[{"floor":9,"key":"Ginger"},{"floor":11,"key":"CaptainsWheel"},{"floor":26,"key":"Mercury Hourglass"},{"floor":28,"key":"Unceasing Top"},{"floor":38,"key":"InkBottle"},{"floor":43,"key":"Girya"},{"floor":44,"key":"Bottled Tornado"},{"floor":45,"key":"Bottled Lightning"}],"event_choices":[{"cards_removed":["hierophant:Strike_Hierophant"],"damage_healed":0,"gold_gain":0,"player_choice":"Purged","damage_taken":0,"max_hp_gain":0,"max_hp_loss":0,"event_name":"Purifier","floor":2,"gold_loss":0},{"damage_healed":0,"gold_gain":0,"player_choice":"Donut","damage_taken":0,"max_hp_gain":5,"max_hp_loss":0,"event_name":"Big Fish","floor":3,"gold_loss":0},{"cards_removed":["hierophant:ChurchCoffers"],"damage_healed":0,"gold_gain":0,"player_choice":"Give","damage_taken":0,"max_hp_gain":0,"max_hp_loss":0,"event_name":"betterNote:BetterNote","floor":21,"gold_loss":0,"cards_obtained":["None"]},{"damage_healed":0,"gold_gain":0,"player_choice":"Paid Gold","damage_taken":0,"relics_obtained":["Golden Egg"],"max_hp_gain":0,"max_hp_loss":0,"event_name":"WeMeetAgain","floor":31,"gold_loss":66},{"damage_healed":0,"gold_gain":0,"player_choice":"Paid Fearfully","damage_taken":0,"max_hp_gain":0,"max_hp_loss":0,"event_name":"Masked Bandits","floor":33,"gold_loss":10},{"damage_healed":0,"gold_gain":0,"player_choice":"Paid","damage_taken":0,"relics_obtained":["Red Mask"],"max_hp_gain":0,"max_hp_loss":0,"event_name":"Tomb of Lord Red Mask","floor":41,"gold_loss":29},{"damage_healed":0,"gold_gain":0,"player_choice":"Fight","damage_taken":0,"max_hp_gain":0,"max_hp_loss":0,"event_name":"Mysterious Sphere","floor":43,"gold_loss":0},{"damage_healed":3,"gold_gain":0,"player_choice":"LEAVE ","damage_taken":0,"relics_obtained":[],"max_hp_gain":0,"max_hp_loss":0,"event_name":"betterSkull:BetterSkull","floor":50,"gold_loss":0,"cards_upgraded":[]}],"is_beta":false,"boss_relics":[{"not_picked":["Ring of Chaos","Kintsugi"],"picked":"jedi:hotpepper"},{"not_picked":["Fusion Hammer","Black Star"],"picked":"Sozu"}],"items_purged_floors":[],"is_endless":false,"potions_floor_spawned":[1,7,9,13,22,26,27,43,48],"ascension_level":0}}