{"host":"9tzam4717zt8ei1o","time":1608307272,"event":{"mods":["BaseMod","Colored Map","Keyboard Shortcuts","Minty Spire (QoL Compilation)","Quick Restart","StSLib","SuperFastMode"],"gold_per_floor":[116,127,138,154,154,229,229,66,66,66,66,66],"floor_reached":11,"playtime":124,"items_purged":[],"score":123,"play_id":"7646d2eb-aff8-45ec-bf51-b903b8054bb8","local_time":"20201219010112","is_ascension_mode":true,"campfire_choices":[{"data":"Neutralize","floor":7,"key":"SMITH"},{"floor":10,"key":"REST"}],"circlet_count":0,"master_deck":["AscendersBane","Strike_G","Strike_G","Strike_G","Strike_G","Strike_G","Defend_G","Defend_G","Defend_G","Defend_G","Survivor","Neutralize+1","Blade Dance","Deadly Poison","PiercingWail","Bouncing Flask","Blur"],"relics":["Ring of the Snake","Singing Bowl"],"acts_visited":["Exordium"],"potions_floor_usage":[11],"damage_taken":[{"damage":1,"enemies":"Cultist","floor":1,"turns":4},{"damage":7,"enemies":"2 Louse","floor":2,"turns":3},{"damage":4,"enemies":"Small Slimes","floor":3,"turns":3},{"damage":22,"enemies":"Exordium Thugs","floor":4,"turns":5},{"damage":60,"enemies":"Gremlin Nob","floor":11,"turns":4}],"seed_played":"8169294075680219497","potions_obtained":[{"floor":2,"key":"SpeedPotion"}],"is_trial":false,"path_per_floor":["M","M","M","M","$","?","R","$","T","R","E"],"character_chosen":"THE_SILENT","items_purchased":["Bouncing Flask","Blur"],"campfire_rested":1,"item_purchase_floors":[8,8],"current_hp_per_floor":[58,51,47,25,25,14,14,14,14,33,0,0],"gold":66,"neow_bonus":"REMOVE_CARD","is_daily":false,"chose_seed":false,"campfire_upgraded":1,"win_rate":0.0,"timestamp":1608307272,"path_taken":["M","M","M","?","$","?","R","$","T","R","E"],"items_purchased_type":["Card","Card"],"build_version":"2020-12-13","purchased_purges":0,"victory":false,"max_hp_per_floor":[66,66,66,66,66,66,66,66,66,66,66,66],"card_choices":[{"not_picked":["PiercingWail","Slice"],"picked":"Blade Dance","floor":1},{"not_picked":["Quick Slash","Tactician"],"picked":"Deadly Poison","floor":2},{"not_picked":["Slice","Caltrops","Setup"],"picked":"SKIP","floor":3},{"not_picked":["Prepared","Deadly Poison"],"picked":"PiercingWail","floor":4}],"player_experience":84603,"relics_obtained":[{"floor":9,"key":"Singing Bowl"}],"event_choices":[{"damage_healed":0,"gold_gain":75,"player_choice":"Gather Gold","damage_taken":11,"max_hp_gain":0,"max_hp_loss":0,"event_name":"World of Goop","floor":6,"gold_loss":0}],"is_beta":false,"boss_relics":[],"items_purged_floors":[],"is_endless":false,"potions_floor_spawned":[2],"killed_by":"Gremlin Nob","ascension_level":19}}