{"host":"8h3glbk9j4k4ylc4","time":1608313762,"event":{"mods":["AchievementEnabler","Act Like it!","BaseMod","Colored Map","Colored Powertips","Energized Spire","Gensokyo","Hallownest","Hermit","Hubris","Infinite Spire","Jorbs\u0027s Wanderer Trilogy","Lobotomy","Marisa????????","Minty Spire (QoL Compilation)","Replay The Spire","Somnambulant","StSLib","Td1madao Mod","The Bug Knight","The Judge","The Senshi"],"gold_per_floor":[119,119,131,206,206,231,231,231,258,319,319,319,319],"floor_reached":12,"playtime":467,"items_purged":[],"score":74,"play_id":"56dc7dfa-d755-469e-bf2d-c0cc6593ca7c","local_time":"20201218194922","is_ascension_mode":false,"campfire_choices":[],"circlet_count":0,"master_deck":["SpecialBullet","SpecialBullet","SpecialBullet","SpecialBullet","SpecialBullet","SpecialBullet","SpecialBullet","SpecialBullet","SecurityCode","InformationCode","ControlCode","Soda","FrostShard","LaLuna","InTheNameOfLoveAndHate","VoidDream","Twilight","Lamp+1"],"relics":["CogitoBucket","hubris:Icosahedron","Vajra","Omamori"],"acts_visited":["Exordium"],"potions_floor_usage":[6,6],"damage_taken":[{"damage":11,"enemies":"Jaw Worm","floor":1,"turns":2},{"damage":6,"enemies":"Cultist","floor":3,"turns":3},{"damage":37,"enemies":"HollowMod:MossKnight","floor":6,"turns":5},{"damage":44,"enemies":"3 Sentries","floor":12,"turns":3}],"seed_played":"6041283167495019415","potions_obtained":[{"floor":1,"key":"LiquidBronze"},{"floor":3,"key":"ColorlessPotion"}],"is_trial":false,"path_per_floor":["M","?","M","?","?","E","R","?","T","?","R","E"],"character_chosen":"Angela","items_purchased":[],"campfire_rested":0,"item_purchase_floors":[],"current_hp_per_floor":[72,72,74,63,63,39,39,39,39,39,39,0,0],"gold":319,"neow_bonus":"RANDOM_EVENT","is_daily":false,"chose_seed":false,"campfire_upgraded":0,"win_rate":0.0,"timestamp":1608313762,"path_taken":["M","?","?","?","?","E","R","?","T","?","R","E"],"items_purchased_type":[],"build_version":"2020-12-13","purchased_purges":0,"victory":false,"max_hp_per_floor":[75,75,75,75,75,75,75,75,75,75,75,75,75],"card_choices":[{"not_picked":["FrostShard"],"picked":"Soda","floor":1},{"not_picked":["OldLady","Bloodbath"],"picked":"LaLuna","floor":3},{"not_picked":["Harvest"],"picked":"InTheNameOfLoveAndHate","floor":3},{"not_picked":["UniverseFragment","CrumblingArmor"],"picked":"VoidDream","floor":6},{"not_picked":["Soda"],"picked":"Twilight","floor":6}],"player_experience":301846,"relics_obtained":[{"floor":6,"key":"Vajra"},{"floor":9,"key":"Omamori"}],"event_choices":[{"damage_healed":0,"gold_gain":0,"player_choice":"Donut","damage_taken":0,"max_hp_gain":5,"max_hp_loss":0,"event_name":"Big Fish","floor":0,"gold_loss":0},{"damage_healed":0,"gold_gain":0,"cards_transformed":["SpecialBullet"],"player_choice":"Transformed","damage_taken":0,"max_hp_gain":0,"max_hp_loss":0,"event_name":"Transmorgrifier","floor":2,"gold_loss":0,"cards_obtained":["FrostShard"]},{"damage_healed":0,"gold_gain":75,"player_choice":"Gather Gold","damage_taken":11,"max_hp_gain":0,"max_hp_loss":0,"event_name":"World of Goop","floor":4,"gold_loss":0},{"damage_healed":0,"gold_gain":61,"player_choice":"Gained Gold","damage_taken":0,"max_hp_gain":0,"max_hp_loss":0,"event_name":"Golden Wing","floor":10,"gold_loss":0}],"is_beta":false,"boss_relics":[],"items_purged_floors":[],"is_endless":false,"potions_floor_spawned":[1,3],"killed_by":"3 Sentries","ascension_level":0}}