{"host":"pjb18p51534sp43l","time":1608316852,"event":{"mods":["AchievementEnabler","BaseMod","DeckTracker","Marisa£¨Ùöéë¡¡Øª×âÞÞ£©","Minty Spire (QoL Compilation)","Rare Cards Sparkle","StSLib"],"gold_per_floor":[112,129,140,140,154,181,181,207,234,234,253,253,270,303,303,400,400,411,216,230,230,110,110,35,35,35,47,61,93,43,43,43,144,144,144],"floor_reached":34,"playtime":631,"items_purged":["Strike_B","Strike_B","Dualcast"],"score":465,"play_id":"26e3877e-3d3f-49e0-8baa-6ebae61cef04","local_time":"20201219034052","is_ascension_mode":false,"campfire_choices":[{"data":"Consume","floor":7.0,"key":"SMITH"},{"data":"Zap","floor":12.0,"key":"SMITH"},{"data":"Skim","floor":15.0,"key":"SMITH"},{"data":"Lockon","floor":23.0,"key":"SMITH"},{"data":"Biased Cognition","floor":25.0,"key":"SMITH"},{"data":"Turbo","floor":32,"key":"SMITH"}],"circlet_count":0,"master_deck":["Strike_B+1","Defend_B","Defend_B+1","Defend_B+1","Zap+1","Beam Cell","Ball Lightning","Ball Lightning+1","Consume+1","Skim+1","Electrodynamics","Biased Cognition+1","Turbo+1","Undo","Self Repair","Lockon+1","Hyperbeam"],"relics":["Cracked Core","NeowsBlessing","Mercury Hourglass","Whetstone","Smiling Mask","War Paint","FaceOfCleric","Centennial Puzzle","Black Star","Orrery","Pantograph","WingedGreaves"],"acts_visited":["Exordium","TheCity"],"potions_floor_usage":[29],"damage_taken":[{"damage":0.0,"enemies":"Jaw Worm","floor":1.0,"turns":1.0},{"damage":0.0,"enemies":"2 Louse","floor":2.0,"turns":1.0},{"damage":0.0,"enemies":"Cultist","floor":3.0,"turns":1.0},{"damage":7.0,"enemies":"3 Louse","floor":5.0,"turns":2.0},{"damage":17.0,"enemies":"3 Sentries","floor":6.0,"turns":4.0},{"damage":21.0,"enemies":"Lagavulin","floor":8.0,"turns":4.0},{"damage":0.0,"enemies":"Looter","floor":11.0,"turns":2.0},{"damage":1.0,"enemies":"Exordium Wildlife","floor":13.0,"turns":2.0},{"damage":0.0,"enemies":"Gremlin Nob","floor":14.0,"turns":2.0},{"damage":12.0,"enemies":"Hexaghost","floor":16.0,"turns":6.0},{"damage":2.0,"enemies":"Chosen","floor":18.0,"turns":3.0},{"damage":10.0,"enemies":"Spheric Guardian","floor":20.0,"turns":3.0},{"damage":7,"enemies":"Centurion and Healer","floor":27,"turns":3},{"damage":5,"enemies":"Sentry and Sphere","floor":28,"turns":3},{"damage":0,"enemies":"Gremlin Leader","floor":29,"turns":4},{"damage":71,"enemies":"Champ","floor":33,"turns":6}],"seed_played":"-8133191091219481555","potions_obtained":[{"floor":3.0,"key":"PotionOfCapacity"},{"floor":5.0,"key":"Fire Potion"},{"floor":11.0,"key":"Energy Potion"},{"floor":14.0,"key":"Block Potion"},{"floor":16.0,"key":"AttackPotion"},{"floor":27,"key":"Strength Potion"}],"is_trial":false,"path_per_floor":["M","M","M","?","M","E","R","E","T","?","M","R","M","E","R","B",null,"M","$","M","?","$","R","?","R","T","M","M","E","$","?","R","B",null],"character_chosen":"DEFECT","items_purchased":["Orrery","Lockon"],"campfire_rested":0,"item_purchase_floors":[19,22],"current_hp_per_floor":[75,75,75,63,56,39,39,18,18,18,19,19,19,20,20,9,79,78,78,69,69,69,69,69,69,69,70,73,81,81,65,65,26,26,26],"gold":144,"neow_bonus":"THREE_ENEMY_KILL","is_daily":false,"chose_seed":false,"campfire_upgraded":6,"win_rate":0.0,"timestamp":1608316852,"path_taken":["M","M","M","?","M","E","R","E","T","?","M","R","?","E","R","BOSS","M","$","M","?","$","R","?","R","T","M","M","E","?","?","R","BOSS"],"items_purchased_type":["Relic","Card"],"build_version":"2020-12-13","purchased_purges":3,"victory":false,"max_hp_per_floor":[75,75,75,75,75,75,75,75,75,75,76,76,77,78,78,79,79,80,80,81,81,81,81,81,81,81,82,83,84,84,89,89,90,90,90],"card_choices":[{"not_picked":["Conserve Battery","Gash","Stack"],"picked":"SKIP","floor":1.0},{"not_picked":["Stack","Glacier"],"picked":"Beam Cell","floor":2.0},{"not_picked":["Reinforced Body","Rip and Tear"],"picked":"Ball Lightning","floor":3.0},{"not_picked":["FTL","Compile Driver"],"picked":"Ball Lightning","floor":5.0},{"not_picked":["Cold Snap","Gash"],"picked":"Consume","floor":6.0},{"not_picked":["Buffer","Storm"],"picked":"Skim","floor":8.0},{"not_picked":["Aggregate","Rebound","Cold Snap"],"picked":"SKIP","floor":11.0},{"not_picked":["Barrage","Compile Driver","Leap"],"picked":"SKIP","floor":13.0},{"not_picked":["Defragment","Go for the Eyes"],"picked":"Electrodynamics","floor":14.0},{"not_picked":["Fission","Reboot"],"picked":"Biased Cognition","floor":16.0},{"not_picked":["Steam Power+1","Go for the Eyes","Leap"],"picked":"SKIP","floor":18.0},{"not_picked":["Melter+1","Leap"],"picked":"Turbo","floor":19.0},{"not_picked":["Turbo","Barrage"],"picked":"Undo","floor":19.0},{"not_picked":["Conserve Battery","Gash"],"picked":"Self Repair","floor":20.0},{"not_picked":["Genetic Algorithm","Coolheaded","Barrage+1"],"picked":"SKIP","floor":27},{"not_picked":["Barrage","Steam","Leap"],"picked":"SKIP","floor":28},{"not_picked":["Sweeping Beam","Conserve Battery","Gash"],"picked":"SKIP","floor":29},{"not_picked":["Amplify","Creative AI"],"picked":"Hyperbeam","floor":33}],"player_experience":57751,"relics_obtained":[{"floor":6.0,"key":"Whetstone"},{"floor":8.0,"key":"Smiling Mask"},{"floor":9.0,"key":"War Paint"},{"floor":14.0,"key":"Centennial Puzzle"},{"floor":29,"key":"Pantograph"},{"floor":29,"key":"WingedGreaves"}],"event_choices":[{"damage_healed":0.0,"max_hp_gain":0.0,"max_hp_loss":0.0,"gold_gain":0.0,"event_name":"Scrap Ooze","player_choice":"Success","floor":4.0,"gold_loss":0.0,"damage_taken":12.0,"relics_obtained":["Mercury Hourglass"]},{"damage_healed":0.0,"max_hp_gain":0.0,"max_hp_loss":0.0,"gold_gain":0.0,"event_name":"FaceTrader","player_choice":"Trade","floor":10.0,"gold_loss":0.0,"damage_taken":0.0,"relics_obtained":["FaceOfCleric"]},{"cards_removed":["Strike_B"],"damage_healed":0.0,"max_hp_gain":0.0,"max_hp_loss":0.0,"gold_gain":0.0,"event_name":"Back to Basics","player_choice":"Elegance","floor":21.0,"gold_loss":0.0,"damage_taken":0.0},{"cards_removed":["Defend_B"],"damage_healed":0.0,"max_hp_gain":0.0,"max_hp_loss":0.0,"gold_gain":0.0,"event_name":"Beggar","player_choice":"Gave Gold","floor":24.0,"gold_loss":75.0,"damage_taken":0.0},{"damage_healed":0,"gold_gain":0,"player_choice":"Shed Blood","damage_taken":21,"max_hp_gain":5,"max_hp_loss":0,"event_name":"Forgotten Altar","floor":31,"gold_loss":0}],"is_beta":false,"boss_relics":[{"not_picked":["Astrolabe","Sozu"],"picked":"Black Star"}],"items_purged_floors":[19,22,30],"is_endless":false,"potions_floor_spawned":[3,5,11,14,16,27,28],"ascension_level":0}}