{"host":"ih7ofq2zpufcoifs","time":1608330369,"event":{"mods":["BaseMod","Colored Map","Minty Spire (QoL Compilation)"],"gold_per_floor":[111,129,129,204,219,249,249,32,57,57,86,86,86,121,121,195,195,195,195,211,241,253,280,295,315,315,348,361,95,126,146,146,219,219,238,252,92,1091,1091,1126,1138,1138,1163,1177,848,866,120,145,145,145,145,145,29,61,61],"floor_reached":56,"playtime":6837,"items_purged":["Strike_G","Strike_G","Normality","Normality"],"score":2194,"play_id":"8bf6e694-dc29-454b-b30b-fc2c407ab89d","local_time":"20201219082609","is_ascension_mode":true,"campfire_choices":[{"floor":7.0,"key":"REST"},{"data":"Dash","floor":10.0,"key":"SMITH"},{"data":"Quick Slash","floor":13.0,"key":"SMITH"},{"data":"Deadly Poison","floor":15.0,"key":"SMITH"},{"floor":32.0,"key":"RECALL"},{"floor":49.0,"key":"REST"},{"floor":52.0,"key":"REST"}],"circlet_count":0,"master_deck":["AscendersBane","Defend_G","Defend_G","Defend_G","Survivor","Dash+1","Predator+1","Quick Slash+1","Underhanded Strike","Deadly Poison+1","Night Terror","Corpse Explosion","Dagger Throw","Crippling Poison","Catalyst","Noxious Fumes","Burst","Slice+1","Leg Sweep+1","Dash+1","Catalyst","Caltrops+1","Crippling Poison","Footwork","Calculated Gamble","Burst+1","Night Terror+1","Deadly Poison+1","Calculated Gamble+1","Bouncing Flask+1","PiercingWail+1","Backflip+1","Blur+1"],"relics":["Snecko Eye","Whetstone","Regal Pillow","Calipers","Toy Ornithopter","Fusion Hammer","Red Mask","Ornamental Fan","Bottled Lightning","Dream Catcher","Shuriken","Astrolabe","TheAbacus","Vajra","Centennial Puzzle","Strange Spoon","Toxic Egg 2","DollysMirror","Mercury Hourglass","Bag of Preparation"],"acts_visited":["Exordium","TheCity","TheBeyond","TheEnding"],"potions_floor_usage":[55],"damage_taken":[{"damage":10.0,"enemies":"Small Slimes","floor":1.0,"turns":4.0},{"damage":4.0,"enemies":"Jaw Worm","floor":2.0,"turns":6.0},{"damage":0.0,"enemies":"2 Louse","floor":5.0,"turns":2.0},{"damage":9.0,"enemies":"3 Sentries","floor":6.0,"turns":8.0},{"damage":0.0,"enemies":"Gremlin Nob","floor":11.0,"turns":2.0},{"damage":2.0,"enemies":"3 Sentries","floor":14.0,"turns":6.0},{"damage":4.0,"enemies":"Hexaghost","floor":16.0,"turns":8.0},{"damage":0.0,"enemies":"3 Byrds","floor":18.0,"turns":2.0},{"damage":0.0,"enemies":"Chosen","floor":20.0,"turns":2.0},{"damage":4.0,"enemies":"Masked Bandits","floor":21.0,"turns":2.0},{"damage":0.0,"enemies":"Sentry and Sphere","floor":22.0,"turns":3.0},{"damage":12.0,"enemies":"Slavers","floor":23.0,"turns":6.0},{"damage":8.0,"enemies":"Snecko","floor":24.0,"turns":4.0},{"damage":0.0,"enemies":"Snake Plant","floor":25.0,"turns":3.0},{"damage":1.0,"enemies":"Gremlin Leader","floor":27.0,"turns":6.0},{"damage":0.0,"enemies":"3 Cultists","floor":28.0,"turns":2.0},{"damage":2.0,"enemies":"Slavers","floor":30.0,"turns":4.0},{"damage":0.0,"enemies":"Cultist and Chosen","floor":31.0,"turns":3.0},{"damage":22.0,"enemies":"Champ","floor":33.0,"turns":7.0},{"damage":4.0,"enemies":"Orb Walker","floor":35.0,"turns":3.0},{"damage":0.0,"enemies":"3 Darklings","floor":36.0,"turns":2.0},{"damage":53.0,"enemies":"Giant Head","floor":40.0,"turns":9.0},{"damage":0.0,"enemies":"4 Shapes","floor":41.0,"turns":5.0},{"damage":0.0,"enemies":"Writhing Mass","floor":44.0,"turns":2.0},{"damage":8.0,"enemies":"3 Darklings","floor":46.0,"turns":3.0},{"damage":10.0,"enemies":"Reptomancer","floor":48.0,"turns":5.0},{"damage":19.0,"enemies":"Awakened One","floor":50.0,"turns":13.0},{"damage":19,"enemies":"Shield and Spear","floor":54,"turns":4},{"damage":52,"enemies":"The Heart","floor":55,"turns":6}],"seed_played":"-2479955345532603979","potions_obtained":[{"floor":5.0,"key":"Dexterity Potion"},{"floor":11.0,"key":"BlessingOfTheForge"},{"floor":14.0,"key":"Regen Potion"},{"floor":16.0,"key":"SmokeBomb"},{"floor":21.0,"key":"FearPotion"},{"floor":24.0,"key":"CultistPotion"},{"floor":36.0,"key":"SkillPotion"},{"floor":44.0,"key":"Weak Potion"},{"floor":46.0,"key":"Ancient Potion"}],"is_trial":false,"path_per_floor":["M","M","?","?","M","E","R","$","T","R","E","?","R","E","R","B",null,"M","?","M","?","M","E","M","M","T","E","M","$","E","M","R","B",null,"M","M","$","?","?","E","M","?","T","M","$","M","$","E","R","B",null,"R","$","E","B",null],"character_chosen":"THE_SILENT","items_purchased":["DuplicationPotion","Underhanded Strike","Dream Catcher","TheAbacus","Footwork","Strange Spoon","Toxic Egg 2","Burst+1","DollysMirror","PiercingWail+1","Backflip+1"],"campfire_rested":3,"item_purchase_floors":[8,8,29,37,45,45,47,47,47,53,53],"current_hp_per_floor":[49,45,45,34,34,25,44,44,44,44,44,44,44,42,42,38,59,64,64,64,60,60,65,57,57,57,56,56,56,59,59,59,42,60,56,56,56,56,56,8,8,8,8,66,66,58,58,48,66,47,61,66,66,47,30],"gold":61,"neow_bonus":"BOSS_RELIC","is_daily":false,"chose_seed":false,"campfire_upgraded":3,"win_rate":0.0,"timestamp":1608330369,"path_taken":["M","M","?","?","M","E","R","$","T","R","E","?","R","E","R","BOSS","M","?","M","?","M","E","M","M","T","E","M","$","E","M","R","BOSS","M","M","$","?","?","E","M","?","T","?","$","?","$","E","R","BOSS","R","$","E","BOSS"],"items_purchased_type":["Potion","Card","Relic","Relic","Card","Relic","Relic","Card","Relic","Card","Card"],"build_version":"2020-12-13","purchased_purges":4,"victory":true,"max_hp_per_floor":[66,66,66,66,66,66,66,66,66,66,66,66,66,66,66,66,66,66,66,66,66,66,66,66,66,66,66,66,66,66,66,66,66,66,66,66,66,66,66,66,66,66,66,66,66,66,66,66,66,66,66,66,66,66,66],"card_choices":[{"not_picked":["Backflip","Terror"],"picked":"Dash","floor":1.0},{"not_picked":["Bane","PiercingWail"],"picked":"Predator","floor":2.0},{"not_picked":["Sucker Punch","Acrobatics","Dagger Spray"],"picked":"SKIP","floor":5.0},{"not_picked":["Flying Knee","After Image"],"picked":"Quick Slash","floor":6.0},{"not_picked":["Deflect","Outmaneuver","Flying Knee"],"picked":"SKIP","floor":11.0},{"not_picked":["Deflect","Outmaneuver","Flying Knee"],"picked":"SKIP","floor":11.0},{"not_picked":["Backflip","Slice"],"picked":"Deadly Poison","floor":14.0},{"not_picked":["Burst","Phantasmal Killer"],"picked":"Night Terror","floor":16.0},{"not_picked":["Poisoned Stab","Prepared","Expertise"],"picked":"SKIP","floor":20.0},{"not_picked":["Setup","Die Die Die"],"picked":"Crippling Poison","floor":22.0},{"not_picked":["Blade Dance","Endless Agony","Slice"],"picked":"SKIP","floor":23.0},{"not_picked":["Dagger Spray","Backflip","Reflex"],"picked":"SKIP","floor":24.0},{"not_picked":["Bane","Poisoned Stab","Prepared+1"],"picked":"SKIP","floor":25.0},{"not_picked":["Flying Knee","Cloak And Dagger","Masterful Stab"],"picked":"SKIP","floor":27.0},{"not_picked":["Reflex+1","Dagger Throw","Finisher"],"picked":"SKIP","floor":28.0},{"not_picked":["Reflex+1","Dagger Throw","Finisher"],"picked":"SKIP","floor":28.0},{"not_picked":["Heel Hook","Dodge and Roll"],"picked":"Catalyst","floor":30.0},{"not_picked":["Deadly Poison","Glass Knife"],"picked":"Noxious Fumes","floor":31.0},{"not_picked":["Wraith Form v2","Grand Finale"],"picked":"Burst","floor":33.0},{"not_picked":["Flechettes","Outmaneuver+1","Backflip"],"picked":"SKIP","floor":35.0},{"not_picked":["Prepared","Blade Dance","Deflect+1"],"picked":"SKIP","floor":36.0},{"not_picked":["Bane","Dagger Spray"],"picked":"Catalyst","floor":40.0},{"not_picked":["Terror","Bane"],"picked":"Caltrops+1","floor":41.0},{"not_picked":["Accuracy","Deadly Poison"],"picked":"Crippling Poison","floor":44.0},{"not_picked":["Cloak And Dagger","Acrobatics"],"picked":"Calculated Gamble","floor":46.0},{"not_picked":["Dagger Throw","Skewer+1"],"picked":"Deadly Poison+1","floor":48.0},{"not_picked":["Quick Slash","Doppelganger+1"],"picked":"Calculated Gamble+1","floor":49.0},{"not_picked":["Eviscerate","Deflect+1"],"picked":"Bouncing Flask+1","floor":52.0},{"not_picked":["Deadly Poison+1","Bouncing Flask+1"],"picked":"Blur+1","floor":54}],"player_experience":413566,"relics_obtained":[{"floor":6.0,"key":"Whetstone"},{"floor":9.0,"key":"Regal Pillow"},{"floor":11.0,"key":"Calipers"},{"floor":14.0,"key":"Toy Ornithopter"},{"floor":21.0,"key":"Red Mask"},{"floor":23.0,"key":"Ornamental Fan"},{"floor":27.0,"key":"Bottled Lightning"},{"floor":30.0,"key":"Shuriken"},{"floor":40.0,"key":"Vajra"},{"floor":43.0,"key":"Centennial Puzzle"},{"floor":48.0,"key":"Mercury Hourglass"},{"floor":54,"key":"Bag of Preparation"}],"event_choices":[{"damage_healed":0.0,"max_hp_gain":0.0,"max_hp_loss":0.0,"gold_gain":0.0,"event_name":"Scrap Ooze","player_choice":"Fled","floor":3.0,"gold_loss":0.0,"damage_taken":0.0},{"damage_healed":0.0,"max_hp_gain":0.0,"max_hp_loss":0.0,"gold_gain":75.0,"event_name":"World of Goop","player_choice":"Gather Gold","floor":4.0,"gold_loss":0.0,"damage_taken":11.0},{"damage_healed":0.0,"max_hp_gain":0.0,"max_hp_loss":0.0,"gold_gain":0.0,"event_name":"Liars Game","player_choice":"Ignored","floor":12.0,"gold_loss":0.0,"damage_taken":0.0},{"damage_healed":0.0,"max_hp_gain":0.0,"max_hp_loss":0.0,"gold_gain":0.0,"cards_transformed":["Strike_G","Strike_G"],"event_name":"Drug Dealer","player_choice":"Became Test Subject","floor":19.0,"gold_loss":0.0,"damage_taken":0.0,"cards_obtained":["Corpse Explosion","Dagger Throw"]},{"damage_healed":0.0,"max_hp_gain":0.0,"max_hp_loss":0.0,"gold_gain":0.0,"event_name":"Masked Bandits","player_choice":"Fought Bandits","floor":21.0,"gold_loss":0.0,"damage_taken":0.0},{"damage_healed":0.0,"max_hp_gain":0.0,"max_hp_loss":0.0,"gold_gain":999.0,"event_name":"MindBloom","player_choice":"Gold","floor":38.0,"gold_loss":0.0,"damage_taken":0.0,"cards_obtained":["Normality","Normality"]},{"cards_removed":["Defend_G"],"damage_healed":0.0,"max_hp_gain":0.0,"max_hp_loss":0.0,"gold_gain":0.0,"event_name":"Falling","player_choice":"Removed Skill","floor":39.0,"gold_loss":0.0,"damage_taken":0.0},{"damage_healed":0.0,"max_hp_gain":0.0,"max_hp_loss":0.0,"gold_gain":0.0,"event_name":"Wheel of Change","player_choice":"Cursed","floor":42.0,"gold_loss":0.0,"damage_taken":0.0,"cards_obtained":["Decay"]}],"is_beta":false,"boss_relics":[{"not_picked":["Sozu","Calling Bell"],"picked":"Fusion Hammer"},{"not_picked":["Cursed Key","WristBlade"],"picked":"Astrolabe"}],"items_purged_floors":[8,29,45,47],"is_endless":false,"potions_floor_spawned":[5,11,14,16,21,22,24,28,36,44,46],"ascension_level":18}}