{"host":"2lo6hma6kymb0g9i","time":1608276148,"event":{"mods":["BaseMod","Colored Map","DeckTracker","Minty Spire (QoL Compilation)"],"gold_per_floor":[114,114,64,64,78,111,128,141,141,141,141,141],"floor_reached":11,"playtime":490,"items_purged":[],"score":124,"play_id":"7f260b01-6871-434f-87c2-58b33bc16c6b","local_time":"20201218162228","is_ascension_mode":true,"campfire_choices":[{"floor":10,"key":"REST"}],"circlet_count":0,"master_deck":["AscendersBane","Strike_G","Strike_G","Strike_G","Defend_G","Defend_G","Defend_G","Defend_G","Defend_G","Survivor","Neutralize","Corpse Explosion","Cloak And Dagger","Blade Dance","Dagger Throw","Leg Sweep","Escape Plan"],"relics":["Ring of the Snake","Blue Candle","Tingsha"],"acts_visited":["Exordium"],"potions_floor_usage":[11,11],"damage_taken":[{"damage":9,"enemies":"Small Slimes","floor":1,"turns":3},{"damage":0,"enemies":"2 Louse","floor":5,"turns":2},{"damage":26,"enemies":"Lagavulin","floor":6,"turns":8},{"damage":0,"enemies":"Cultist","floor":7,"turns":3},{"damage":6,"enemies":"Exordium Thugs","floor":8,"turns":4},{"damage":43,"enemies":"Gremlin Nob","floor":11,"turns":4}],"seed_played":"4549783228495383782","potions_obtained":[{"floor":5,"key":"BlessingOfTheForge"},{"floor":6,"key":"LiquidBronze"},{"floor":7,"key":"DuplicationPotion"}],"is_trial":false,"path_per_floor":["M","?","?","?","M","E","M","M","T","R","E"],"character_chosen":"THE_SILENT","items_purchased":[],"campfire_rested":1,"item_purchase_floors":[],"current_hp_per_floor":[50,43,43,43,43,17,17,11,11,30,0,0],"gold":141,"neow_bonus":"ONE_RANDOM_RARE_CARD","is_daily":false,"chose_seed":false,"campfire_upgraded":0,"win_rate":0.0,"timestamp":1608276148,"path_taken":["M","?","?","?","M","E","M","?","T","R","E"],"items_purchased_type":[],"build_version":"2020-12-13","purchased_purges":0,"victory":false,"max_hp_per_floor":[66,66,66,66,66,66,66,66,66,66,66,66],"card_choices":[{"not_picked":["Deflect","Distraction"],"picked":"Cloak And Dagger","floor":1},{"not_picked":["Poisoned Stab","Dodge and Roll"],"picked":"Blade Dance","floor":5},{"not_picked":["Dagger Spray","Riddle With Holes"],"picked":"Dagger Throw","floor":6},{"not_picked":["Prepared","Dodge and Roll"],"picked":"Leg Sweep","floor":7},{"not_picked":["Dodge and Roll","Flying Knee"],"picked":"Escape Plan","floor":8}],"player_experience":820667,"relics_obtained":[{"floor":6,"key":"Blue Candle"},{"floor":9,"key":"Tingsha"}],"event_choices":[{"cards_removed":["Strike_G"],"damage_healed":0,"gold_gain":0,"player_choice":"Card Removal","damage_taken":7,"max_hp_gain":0,"max_hp_loss":0,"event_name":"Golden Wing","floor":2,"gold_loss":0},{"cards_removed":["Strike_G"],"damage_healed":0,"gold_gain":0,"player_choice":"Card Removal","damage_taken":0,"max_hp_gain":0,"max_hp_loss":0,"event_name":"The Cleric","floor":3,"gold_loss":50},{"damage_healed":0,"gold_gain":0,"player_choice":"0 cards matched","damage_taken":0,"max_hp_gain":0,"max_hp_loss":0,"event_name":"Match and Keep!","floor":4,"gold_loss":0,"cards_obtained":[]}],"is_beta":false,"boss_relics":[],"items_purged_floors":[],"is_endless":false,"potions_floor_spawned":[5,6,7],"killed_by":"Gremlin Nob","ascension_level":14}}