{"host":"9c969dq3azt3tjy5","time":1608283508,"event":{"mods":["AchievementEnabler","BaseMod","Colored Powertips","Minty Spire (QoL Compilation)","Quick Restart","Rare Cards Sparkle","Waifu the Spire"],"gold_per_floor":[118,118,118,132,147,147,159,159,205,205,305,90,108,139,139,139,139],"floor_reached":16,"playtime":420,"items_purged":[],"score":100,"play_id":"5480aef8-8f3c-40d8-8bac-e9d80ddc5e6b","local_time":"20201218212508","is_ascension_mode":false,"campfire_choices":[{"data":"Backflip","floor":6,"key":"SMITH"},{"floor":15,"key":"REST"}],"circlet_count":0,"master_deck":["Strike_G","Strike_G","Strike_G","Strike_G+1","Strike_G","Defend_G","Defend_G","Defend_G","Defend_G","Defend_G","Survivor+1","Neutralize","Dodge and Roll","Backflip+1","Backstab","Terror"],"relics":["Ring of the Snake","NeowsBlessing","Golden Idol","Pen Nib","Bag of Marbles","Bronze Scales"],"acts_visited":["Exordium"],"potions_floor_usage":[13,14],"damage_taken":[{"damage":0,"enemies":"2 Louse","floor":1,"turns":1},{"damage":0,"enemies":"Jaw Worm","floor":4,"turns":1},{"damage":0,"enemies":"Small Slimes","floor":5,"turns":1},{"damage":6,"enemies":"Red Slaver","floor":7,"turns":5},{"damage":2,"enemies":"Lots of Slimes","floor":13,"turns":5},{"damage":29,"enemies":"Lagavulin","floor":14,"turns":6},{"damage":0,"enemies":"Slime Boss","floor":16,"turns":2}],"seed_played":"999356762472449400","potions_obtained":[{"floor":1,"key":"Energy Potion"},{"floor":4,"key":"Energy Potion"},{"floor":5,"key":"Poison Potion"}],"is_trial":false,"path_per_floor":["M","?","?","M","M","R","M","?","T","$","?","$","M","E","R","B"],"character_chosen":"THE_SILENT","items_purchased":["Bag of Marbles","Terror"],"campfire_rested":1,"item_purchase_floors":[12,12],"current_hp_per_floor":[70,56,61,61,61,61,55,55,55,55,55,55,53,24,44,44,44],"gold":139,"neow_bonus":"THREE_ENEMY_KILL","is_daily":false,"chose_seed":false,"campfire_upgraded":1,"win_rate":0.0,"timestamp":1608283508,"path_taken":["M","?","?","M","?","R","M","?","T","$","?","$","M","E","R","BOSS"],"items_purchased_type":["Relic","Card"],"build_version":"2020-12-13","purchased_purges":0,"victory":false,"max_hp_per_floor":[70,70,75,75,75,75,75,69,69,69,69,69,69,69,69,69,69],"card_choices":[{"not_picked":["Flechettes","Deflect"],"picked":"Dodge and Roll","floor":1},{"not_picked":["Blur","Crippling Poison","Acrobatics"],"picked":"SKIP","floor":4},{"not_picked":["Skewer","Escape Plan"],"picked":"Backflip","floor":5},{"not_picked":["Calculated Gamble","Crippling Poison"],"picked":"Backstab","floor":7},{"not_picked":["PiercingWail","Quick Slash","Bouncing Flask"],"picked":"SKIP","floor":13},{"not_picked":["Prepared","Dodge and Roll","Noxious Fumes"],"picked":"SKIP","floor":14}],"player_experience":174018,"relics_obtained":[{"floor":9,"key":"Pen Nib"},{"floor":14,"key":"Bronze Scales"}],"event_choices":[{"damage_healed":0,"gold_gain":0,"player_choice":"Entered Light","damage_taken":14,"max_hp_gain":0,"max_hp_loss":0,"event_name":"Shining Light","floor":2,"gold_loss":0,"cards_upgraded":["Survivor","Strike_G"]},{"damage_healed":0,"gold_gain":0,"player_choice":"Donut","damage_taken":0,"max_hp_gain":5,"max_hp_loss":0,"event_name":"Big Fish","floor":3,"gold_loss":0},{"damage_healed":0,"gold_gain":0,"player_choice":"Lose Max HP","damage_taken":0,"relics_obtained":["Golden Idol"],"max_hp_gain":0,"max_hp_loss":6,"event_name":"Golden Idol","floor":8,"gold_loss":0},{"damage_healed":0,"gold_gain":100,"player_choice":"Pray","damage_taken":0,"max_hp_gain":0,"max_hp_loss":0,"event_name":"Golden Shrine","floor":11,"gold_loss":0}],"is_beta":false,"boss_relics":[],"items_purged_floors":[],"is_endless":false,"potions_floor_spawned":[1,4,5],"killed_by":"Slime Boss","ascension_level":0}}