{"host":"02w9hl92h62kgkzk","time":1608285638,"event":{"mods":["2.2 Compatiblity","AchievementEnabler","Act Like it!","AlwaysNeverKeys","Aspiration","Bard","BaseMod","Better Altar","Better Match","Better Note","Better Sensory Stone","Better Skull","Better Third Choice","Better Vampires","BetterRewards","Block Reminder","CCEM","ChefMod","Colored Map","Colored Powertips","Conspire","Downfall","Ekko","Elementarium","Emptier Cage","Energized Spire","Friendly Minions","FruityMod","Gensokyo","GifTheSpireLib","Halation","Hallownest","Hermit","Hubris","Jorbs\u0027s Wanderer Trilogy","Magitek Elite","Marisa????????","Marked Mod","Minty Spire (QoL Compilation)","Permanent Neow","QueenMod","Quick Restart","Random Character Mod","Rare Cards Sparkle","Replay The Spire","Retaliation","Reworked Bosses","Robot Space Explorer","SIMod","Shade Mod","Shop Mod","Spicy Shops","Spikes Relics","StSLib","Stuff the Spire","Synergy Search","The Administrix","The Animator","The Blackbeard","The Blue Laboratory","The Bug Knight","The Construct","The Cursed","The Death Knight","The Disciple","The Factory","The Florist","The Forsaken","The Gatherer","The Hayseed","The Hierophant","The Jungle","The Runesmith","The Valiant","The Wild Card","TheHero","TheVacant","Trackpad","Transform Curses","Unceasing Turn Reminder","Wandering Minibosses","thorton","vexMod"],"gold_per_floor":[113,113,113,113,113,113,113,147,224,63,63,88,108,120,120,120,120],"floor_reached":16,"playtime":1194,"items_purged":["Shame","theForsaken:PlagueCurse","Hallucinations"],"score":96,"play_id":"2793e314-279d-4bce-b2c3-dc7c5f743493","local_time":"20201218040038","daily_mods":["SealedDeck","Heirloom"],"is_ascension_mode":false,"campfire_choices":[{"data":"expansioncontent:GuardianWhirl","floor":6,"key":"SMITH"},{"data":"theVacant:CursedBlast","floor":15,"key":"SMITH"}],"circlet_count":0,"master_deck":["theVacant:LichStrike","theVacant:Snowball","theVacant:Snowball","expansioncontent:GuardianWhirl+1","theVacant:CursedBlast+1","Hallownest:curseDreamersLament","Writhe"],"relics":["Ring of Chaos","aspiration:DSix","theForsaken:PlagueMask","Sundial","CCEMRelics:CocoNut","Onion Ring","MerchantsRug","Gremlin Food","StuffTheSpire:DarkSteelAnvil","Hallownest:TeacherSealRelic","ReplayTheSpireMod:CursedCoin"],"acts_visited":["Hallownest:Greenpath"],"potions_floor_usage":[16],"damage_taken":[{"damage":18,"enemies":"Hallownest:2_Baldur","floor":1,"turns":3},{"damage":24,"enemies":"Hallownest:eliteVengeflyKing","floor":8,"turns":3},{"damage":2,"enemies":"2_ Uuma","floor":13,"turns":1},{"damage":19,"enemies":"Hallownest:monsterHuskGuard","floor":14,"turns":2},{"damage":53,"enemies":"Hallownest:BossBrokenVessel","floor":16,"turns":6}],"seed_played":"3211277642238350296","potions_obtained":[{"floor":1,"key":"Flashbang"},{"floor":13,"key":"Toxic Potion"},{"floor":14,"key":"SkillPotion"}],"is_trial":true,"path_per_floor":["M","?","?","?","T","R","$","E","T","$","?","$","M","M","R_BF","B"],"character_chosen":"THE_VACANT","items_purchased":["MerchantsRug","Gremlin Food","StuffTheSpire:DarkSteelAnvil","ReplayTheSpireMod:CursedCoin"],"campfire_rested":0,"item_purchase_floors":[10,10,10,12],"current_hp_per_floor":[70,61,61,61,61,61,61,48,48,48,48,48,46,36,36,0,0],"gold":120,"neow_bonus":"","is_daily":false,"chose_seed":false,"campfire_upgraded":2,"win_rate":0.0,"timestamp":1608285638,"path_taken":["M","?","?","?","?","R","$","E","T","$","?","?","?","M","R_BF","BOSS"],"items_purchased_type":["Relic","Relic","Relic","Relic"],"build_version":"2020-12-13","purchased_purges":3,"victory":false,"max_hp_per_floor":[80,80,80,80,80,80,80,85,85,85,85,85,85,85,85,85,85],"card_choices":[{"not_picked":["theVacant:ShutAway","theVacant:Gloom","theVacant:Unearth"],"picked":"theVacant:Jab","floor":1},{"not_picked":["PanicButton","expansioncontent:DashGenerateEvil","Replay:Sssssssssshield"],"picked":"expansioncontent:GuardianWhirl","floor":4},{"not_picked":["theVacant:Thoughtseize","theVacant:TwistFate","theVacant:Enrage"],"picked":"theVacant:CursedBlast","floor":8},{"not_picked":["theVacant:Recover","theVacant:BattleScars","theVacant:Enrage"],"picked":"SKIP","floor":13},{"not_picked":["theVacant:EmbraceDarkness","theVacant:GraveDigger","theVacant:Dig"],"picked":"SKIP","floor":14}],"player_experience":1013747,"relics_obtained":[{"floor":5,"key":"Sundial"},{"floor":8,"key":"CCEMRelics:CocoNut"},{"floor":9,"key":"Onion Ring"}],"event_choices":[{"damage_healed":0,"gold_gain":0,"player_choice":"Obtain Plague Curse","damage_taken":0,"max_hp_gain":0,"max_hp_loss":0,"event_name":"Plague Doctor","floor":3,"gold_loss":0,"cards_obtained":["theForsaken:PlagueCurse"]},{"damage_healed":0,"gold_gain":1,"player_choice":"1","damage_taken":0,"max_hp_gain":0,"max_hp_loss":0,"event_name":"betterStone:BetterStone","floor":4,"gold_loss":0}],"is_beta":false,"boss_relics":[],"items_purged_floors":[10,10,12],"is_endless":false,"potions_floor_spawned":[1,13,14],"killed_by":"Hallownest:BossBrokenVessel","ascension_level":0}}