{"host":"hszimsrtxxc2k25w","time":1608329215,"event":{"mods":["AchievementEnabler","BaseMod","Colored Map","DeckTracker","Minty Spire (QoL Compilation)","Rare Cards Sparkle","SuperFastMode"],"gold_per_floor":[111,124,135,135,48,48,78,78,103,143,173,204,226,253,265,350,362,387,431,453,312,312,312,337,351,351,366,376,426,426,445,445,520,520,539,261,281,503,552,581,596,596,596,611,156,156,185,185,185,185,185],"floor_reached":52,"playtime":1892,"items_purged":["Strike_R","Strike_R","Strike_R"],"score":2003,"play_id":"3c50ce23-4761-409c-aeaf-7d24a6e10397","local_time":"20201219070655","is_ascension_mode":true,"campfire_choices":[{"data":"Immolate","floor":6.0,"key":"SMITH"},{"data":"Carnage","floor":8.0,"key":"SMITH"},{"data":"Pommel Strike","floor":15.0,"key":"SMITH"},{"data":"Evolve","floor":23.0,"key":"SMITH"},{"data":"Body Slam","floor":32.0,"key":"SMITH"},{"floor":42.0,"key":"REST"},{"floor":49.0,"key":"DIG"}],"circlet_count":0,"master_deck":["AscendersBane","Strike_R","Defend_R","Defend_R","Defend_R","Defend_R","Bash","Immolate+1","Second Wind","Carnage+1","Impervious","Power Through","Pommel Strike+1","Impervious","Fire Breathing","Shrug It Off","Evolve+1","Body Slam+1","Corruption","Offering","Barricade","Dark Embrace","Shrug It Off","Finesse"],"relics":["Burning Blood","Nunchaku","MawBank","StrikeDummy","Mark of Pain","Red Mask","Bag of Preparation","Kunai","Snecko Eye","Charon\u0027s Ashes","Ancient Tea Set","PreservedInsect","ClockworkSouvenir","Shovel","Lizard Tail"],"acts_visited":["Exordium","TheCity","TheBeyond"],"potions_floor_usage":[],"damage_taken":[{"damage":0.0,"enemies":"Cultist","floor":1.0,"turns":2.0},{"damage":0.0,"enemies":"2 Louse","floor":2.0,"turns":1.0},{"damage":0.0,"enemies":"Small Slimes","floor":3.0,"turns":2.0},{"damage":37.0,"enemies":"Lagavulin","floor":7.0,"turns":7.0},{"damage":10.0,"enemies":"3 Sentries","floor":10.0,"turns":5.0},{"damage":4.0,"enemies":"2 Fungi Beasts","floor":11.0,"turns":3.0},{"damage":3.0,"enemies":"Blue Slaver","floor":12.0,"turns":2.0},{"damage":23.0,"enemies":"Exordium Thugs","floor":13.0,"turns":6.0},{"damage":0.0,"enemies":"Looter","floor":14.0,"turns":2.0},{"damage":20.0,"enemies":"Slime Boss","floor":16.0,"turns":8.0},{"damage":19.0,"enemies":"3 Byrds","floor":18.0,"turns":7.0},{"damage":12.0,"enemies":"Masked Bandits","floor":19.0,"turns":4.0},{"damage":16.0,"enemies":"2 Thieves","floor":20.0,"turns":4.0},{"damage":24.0,"enemies":"Slavers","floor":24.0,"turns":5.0},{"damage":0.0,"enemies":"Chosen and Byrds","floor":25.0,"turns":5.0},{"damage":2.0,"enemies":"3 Cultists","floor":27.0,"turns":5.0},{"damage":5.0,"enemies":"Centurion and Healer","floor":28.0,"turns":5.0},{"damage":8.0,"enemies":"Gremlin Leader","floor":30.0,"turns":4.0},{"damage":0.0,"enemies":"Sentry and Sphere","floor":31.0,"turns":3.0},{"damage":19.0,"enemies":"Collector","floor":33.0,"turns":9.0},{"damage":0.0,"enemies":"Orb Walker","floor":35.0,"turns":2.0},{"damage":6.0,"enemies":"3 Shapes","floor":37.0,"turns":2.0},{"damage":9.0,"enemies":"2 Orb Walkers","floor":39.0,"turns":4.0},{"damage":33.0,"enemies":"Nemesis","floor":40.0,"turns":5.0},{"damage":6.0,"enemies":"Jaw Worm Horde","floor":41.0,"turns":3.0},{"damage":6.0,"enemies":"Writhing Mass","floor":44.0,"turns":2.0},{"damage":6.0,"enemies":"Reptomancer","floor":47.0,"turns":2.0},{"damage":54.0,"enemies":"Awakened One","floor":50.0,"turns":9.0},{"damage":20,"enemies":"Time Eater","floor":51,"turns":7}],"seed_played":"3522441650339636323","potions_obtained":[{"floor":2.0,"key":"Strength Potion"},{"floor":3.0,"key":"CultistPotion"},{"floor":20.0,"key":"Energy Potion"},{"floor":24.0,"key":"Block Potion"},{"floor":28.0,"key":"SmokeBomb"},{"floor":31.0,"key":"SkillPotion"},{"floor":33.0,"key":"ElixirPotion"},{"floor":39.0,"key":"Explosive Potion"},{"floor":44.0,"key":"EssenceOfSteel"}],"is_trial":false,"path_per_floor":["M","M","M","?","$","R","E","R","T","E","M","M","M","M","R","B",null,"M","?","M","$","?","R","E","M","T","M","M","?","E","M","R","B",null,"M","$","M","?","?","E","M","R","T","M","$","?","E","?","R","B","B",null],"character_chosen":"IRONCLAD","items_purchased":["Power Through","Evolve","Barricade","Fruit Juice","ClockworkSouvenir","Weak Potion"],"campfire_rested":1,"item_purchase_floors":[5,21,36,45,45,45],"current_hp_per_floor":[68,68,68,68,68,68,37,37,37,33,35,38,21,27,27,13,54,41,35,25,25,25,25,7,13,13,17,18,18,16,22,22,9,53,59,59,59,59,56,29,29,49,49,49,54,54,54,54,54,42,28],"gold":185,"neow_bonus":"THREE_RARE_CARDS","is_daily":false,"chose_seed":false,"campfire_upgraded":5,"win_rate":0.0,"timestamp":1608329215,"path_taken":["M","M","M","?","$","R","E","R","T","E","?","M","M","M","R","BOSS","M","?","M","$","?","R","E","M","T","M","M","?","E","M","R","BOSS","M","$","M","?","?","E","?","R","T","M","$","?","E","?","R","BOSS","BOSS"],"items_purchased_type":["Card","Card","Card","Potion","Relic","Potion"],"build_version":"2020-12-13","purchased_purges":3,"victory":true,"max_hp_per_floor":[68,68,68,68,68,68,68,68,68,68,68,68,68,68,68,68,68,68,68,68,68,68,68,68,68,68,68,68,68,68,68,68,68,68,68,68,68,68,68,68,68,68,68,68,73,73,73,73,73,73,73],"card_choices":[{"not_picked":["Demon Form","Offering"],"picked":"Immolate","floor":0.0},{"not_picked":["Anger","Pummel"],"picked":"Second Wind","floor":1.0},{"not_picked":["Twin Strike","Clothesline"],"picked":"Carnage","floor":2.0},{"not_picked":["Headbutt","Second Wind","Uppercut"],"picked":"SKIP","floor":3.0},{"not_picked":["Anger","Rampage","Rupture"],"picked":"SKIP","floor":7.0},{"not_picked":["True Grit","Bloodletting","Headbutt"],"picked":"SKIP","floor":10.0},{"not_picked":["Headbutt","Flex","Clothesline"],"picked":"SKIP","floor":11.0},{"not_picked":["Iron Wave","True Grit","Combust"],"picked":"SKIP","floor":12.0},{"not_picked":["Rupture","Searing Blow"],"picked":"Pommel Strike","floor":13.0},{"not_picked":["Cleave","Flex","Dual Wield"],"picked":"SKIP","floor":14.0},{"not_picked":["Fiend Fire","Brutality"],"picked":"Impervious","floor":16.0},{"not_picked":["Carnage","Sword Boomerang","Rampage"],"picked":"SKIP","floor":18.0},{"not_picked":["Whirlwind","Pummel"],"picked":"Fire Breathing","floor":19.0},{"not_picked":["Cleave","Headbutt"],"picked":"Shrug It Off","floor":20.0},{"not_picked":["Flex","Sword Boomerang","Combust"],"picked":"SKIP","floor":24.0},{"not_picked":["Rupture","Pommel Strike"],"picked":"Corruption","floor":25.0},{"not_picked":["Havoc","Second Wind","Thunderclap"],"picked":"SKIP","floor":27.0},{"not_picked":["Anger+1","Double Tap","Armaments"],"picked":"SKIP","floor":28.0},{"not_picked":["Twin Strike","Combust","Body Slam"],"picked":"SKIP","floor":31.0},{"not_picked":["Demon Form","Juggernaut"],"picked":"Offering","floor":33.0},{"not_picked":["Cleave","Evolve","Perfected Strike"],"picked":"SKIP","floor":35.0},{"not_picked":["Ghostly Armor+1","Clothesline"],"picked":"Dark Embrace","floor":37.0},{"not_picked":["Clothesline","Warcry+1","Whirlwind+1"],"picked":"SKIP","floor":40.0},{"not_picked":["Thunderclap","Iron Wave"],"picked":"Shrug It Off","floor":41.0},{"not_picked":["Rage","Clothesline","Spot Weakness"],"picked":"SKIP","floor":44.0},{"not_picked":["Mayhem","Good Instincts"],"picked":"Finesse","floor":46.0},{"not_picked":["Spot Weakness","Clash","Warcry"],"picked":"SKIP","floor":47.0}],"player_experience":592711,"relics_obtained":[{"floor":7.0,"key":"Nunchaku"},{"floor":9.0,"key":"MawBank"},{"floor":10.0,"key":"StrikeDummy"},{"floor":19.0,"key":"Red Mask"},{"floor":24.0,"key":"Bag of Preparation"},{"floor":26.0,"key":"Kunai"},{"floor":39.0,"key":"Charon\u0027s Ashes"},{"floor":40.0,"key":"Ancient Tea Set"},{"floor":43.0,"key":"PreservedInsect"},{"floor":47.0,"key":"Shovel"},{"floor":49.0,"key":"Lizard Tail"}],"event_choices":[{"damage_healed":0.0,"max_hp_gain":0.0,"max_hp_loss":0.0,"gold_gain":0.0,"event_name":"Match and Keep!","player_choice":"1 cards matched","floor":4.0,"gold_loss":0.0,"damage_taken":0.0,"cards_obtained":["Impervious"]},{"damage_healed":0.0,"max_hp_gain":0.0,"max_hp_loss":0.0,"gold_gain":0.0,"event_name":"Masked Bandits","player_choice":"Fought Bandits","floor":19.0,"gold_loss":0.0,"damage_taken":0.0},{"damage_healed":0.0,"max_hp_gain":0.0,"max_hp_loss":0.0,"gold_gain":0.0,"event_name":"The Library","player_choice":"Read","floor":22.0,"gold_loss":0.0,"damage_taken":0.0,"cards_obtained":["Body Slam"]},{"damage_healed":0.0,"max_hp_gain":0.0,"max_hp_loss":0.0,"gold_gain":50.0,"event_name":"Nest","player_choice":"Stole From Cult","floor":29.0,"gold_loss":0.0,"damage_taken":0.0},{"damage_healed":0.0,"max_hp_gain":0.0,"max_hp_loss":0.0,"gold_gain":222.0,"event_name":"Tomb of Lord Red Mask","player_choice":"Wore Mask","floor":38.0,"gold_loss":0.0,"damage_taken":0.0},{"damage_healed":0.0,"max_hp_gain":0.0,"max_hp_loss":0.0,"gold_gain":0.0,"event_name":"Mysterious Sphere","player_choice":"Fight","floor":39.0,"gold_loss":0.0,"damage_taken":0.0},{"damage_healed":0.0,"max_hp_gain":0.0,"max_hp_loss":0.0,"gold_gain":0.0,"event_name":"SensoryStone","player_choice":"Memory 1","floor":46.0,"gold_loss":0.0,"damage_taken":0.0},{"cards_removed":["Strike_R"],"damage_healed":0.0,"max_hp_gain":0.0,"max_hp_loss":0.0,"gold_gain":0.0,"event_name":"Falling","player_choice":"Removed Attack","floor":48.0,"gold_loss":0.0,"damage_taken":0.0}],"is_beta":false,"boss_relics":[{"not_picked":["Calling Bell","Black Blood"],"picked":"Mark of Pain"},{"not_picked":["Black Star","SacredBark"],"picked":"Snecko Eye"}],"items_purged_floors":[21,36,45],"is_endless":false,"potions_floor_spawned":[2,3,7,10,14,20,24,28,31,33,39,44],"ascension_level":20}}