{"host":"f08kpr20kj92d76t","time":1608263915,"event":{"mods":["AchievementEnabler","BaseMod","Colored Map","Colored Powertips","Downfall","Googly Eyes","Minty Spire (QoL Compilation)","Relic Stats","StSLib"],"gold_per_floor":[99,128,65,110,122,134,146,83,111,155,267,119,136,146,166,270,270,270,286,286,99,129,129,152,180,199,225,235,235,235,253,271,371,371,296,296,296,36,21,31,54,74,107,107,161,216,266,366,378,378,378,378,378],"floor_reached":52,"playtime":4261,"items_purged":["hexamod:ParanormalForm","hexamod:RadiantFlame"],"score":756,"play_id":"36df128c-9368-49d3-9242-dfa67a78b92e","local_time":"20201217215835","is_ascension_mode":false,"campfire_choices":[{"floor":1.0,"key":"RECALL"},{"floor":3.0,"key":"REST"},{"floor":8.0,"key":"REST"},{"data":"hexamod:HexaLevel","floor":18.0,"key":"SMITH"},{"data":"hexamod:TurnItUp","floor":20.0,"key":"SMITH"},{"data":"Mayhem","floor":23.0,"key":"SMITH"},{"data":"hexamod:TimeWarp","floor":35.0,"key":"SMITH"},{"data":"hexamod:FastForward","floor":44.0,"key":"SMITH"}],"circlet_count":0,"master_deck":["hexamod:Defend+1","hexamod:Defend+1","hexamod:Defend+1","hexamod:Float+1","hexamod:FastForward+1","hexamod:FirstSeal","hexamod:FirstSeal","hexamod:GhostShield+1","hexamod:SpectersWail+1","hexamod:EtherealExpedition+1","hexamod:HexaLevel+1","hexamod:TimeWarp+1","hexamod:ShieldOfDarkness","hexamod:TurnItUp+1","hexamod:Hexaguard+1","Mayhem+1","hexamod:TimeWarp+1","hexamod:SwordOfDarkness","Bite+1","Bite+1","Bite","Bite+1","Bite+1","hexamod:SixthSeal","hexamod:Hexaguard+1","hexamod:FastForward+1"],"relics":["hexamod:SpiritBrand","MawBank","downfall:HeartBlessingRed","Strawberry","downfall:HeartBlessingBlue","Eternal Feather","Busted Crown","Regal Pillow","Bronze Scales","Vajra","Ginger","hexamod:IceCube","downfall:HeartBlessingGreen","Toolbox","Orichalcum","Pen Nib","hexamod:JarOfFuel","sneckomod:BlankCard","Shovel","Thread and Needle"],"acts_visited":["Exordium","TheCity","TheBeyond","TheEnding"],"potions_floor_usage":[],"damage_taken":[{"damage":50.0,"enemies":"3 Sentries","floor":2.0,"turns":11.0},{"damage":34.0,"enemies":"Gremlin Nob","floor":4.0,"turns":5.0},{"damage":14.0,"enemies":"2 Louse","floor":9.0,"turns":4.0},{"damage":19.0,"enemies":"3 Sentries","floor":10.0,"turns":11.0},{"damage":14.0,"enemies":"downfall:Heads","floor":11.0,"turns":8.0},{"damage":0.0,"enemies":"downfall:FleeingMerchant","floor":12.0,"turns":4.0},{"damage":5.0,"enemies":"Jaw Worm","floor":13.0,"turns":3.0},{"damage":1.0,"enemies":"Cultist","floor":14.0,"turns":3.0},{"damage":0.0,"enemies":"3 Louse","floor":15.0,"turns":3.0},{"damage":33.0,"enemies":"downfall:Silent","floor":16.0,"turns":6.0},{"damage":3.0,"enemies":"3 Byrds","floor":19.0,"turns":7.0},{"damage":0.0,"enemies":"downfall:FleeingMerchant","floor":21.0,"turns":4.0},{"damage":22.0,"enemies":"Gremlin Leader","floor":22.0,"turns":6.0},{"damage":26.0,"enemies":"Book of Stabbing","floor":25.0,"turns":6.0},{"damage":0.0,"enemies":"Shell Parasite","floor":26.0,"turns":4.0},{"damage":38.0,"enemies":"Slavers","floor":27.0,"turns":5.0},{"damage":12.0,"enemies":"Snecko","floor":28.0,"turns":6.0},{"damage":6.0,"enemies":"Centurion and Healer","floor":31.0,"turns":6.0},{"damage":26.0,"enemies":"Snake Plant","floor":32.0,"turns":3.0},{"damage":51.0,"enemies":"downfall:Watcher","floor":33.0,"turns":9.0},{"damage":0.0,"enemies":"3 Darklings","floor":36.0,"turns":1.0},{"damage":0.0,"enemies":"downfall:FleeingMerchant","floor":38.0,"turns":4.0},{"damage":19.0,"enemies":"downfall:FleeingMerchant","floor":39.0,"turns":4.0},{"damage":0.0,"enemies":"3 Shapes","floor":40.0,"turns":4.0},{"damage":15.0,"enemies":"Spire Growth","floor":42.0,"turns":5.0},{"damage":12.0,"enemies":"Nemesis","floor":43.0,"turns":5.0},{"damage":13.0,"enemies":"downfall:FleeingMerchant","floor":45.0,"turns":4.0},{"damage":2.0,"enemies":"2 Orb Walkers","floor":46.0,"turns":5.0},{"damage":21.0,"enemies":"Mind Bloom Boss Battle","floor":47.0,"turns":5.0},{"damage":0.0,"enemies":"4 Shapes","floor":49.0,"turns":6.0},{"damage":8.0,"enemies":"downfall:Ironclad","floor":50.0,"turns":7.0},{"damage":99,"enemies":"downfall:CharBossMerchant","floor":52,"turns":7}],"seed_played":"-4771622284774324076","potions_obtained":[{"floor":4.0,"key":"champ:CounterPotion"},{"floor":9.0,"key":"champ:CounterPotion"},{"floor":13.0,"key":"Block Potion"},{"floor":15.0,"key":"hexamod:DoubleChargePotion"},{"floor":25.0,"key":"sneckomod:MuddlingPotion"},{"floor":28.0,"key":"AttackPotion"},{"floor":32.0,"key":"GamblersBrew"},{"floor":33.0,"key":"SmokeBomb"},{"floor":37.0,"key":"CultistPotion"},{"floor":37.0,"key":"LiquidBronze"},{"floor":47.0,"key":"LiquidBronze"}],"is_trial":false,"path_per_floor":["R","E","R","E","?","?","T","R","M","E","?","$","M","M","M","B",null,"R","M","R","$","E","R","T","E","M","E","M","?","?","M","M","B",null,"R","M","?","$","$","M","T","M","E","R","$","?","?","?","M","B",null,"E"],"character_chosen":"THE_SPIRIT","items_purchased":["hexamod:HexaLevel","Mayhem","Toolbox","hexamod:JarOfFuel","sneckomod:BlankCard"],"campfire_rested":2,"item_purchase_floors":[12,21,38,45,45],"current_hp_per_floor":[70,20,41,14,7,7,7,43,43,38,31,45,47,60,74,55,87,87,87,87,87,72,84,84,65,79,55,57,57,57,60,50,24,60,60,60,60,60,57,60,60,60,60,60,60,60,60,60,60,60,60,0,0],"gold":378,"neow_bonus":"ONE_RANDOM_RARE_CARD","is_daily":false,"chose_seed":false,"campfire_upgraded":5,"win_rate":0.0,"timestamp":1608263915,"path_taken":["R","E","R","E","?","?","T","R","?","E","?","$","M","M","M","BOSS","R","M","R","$","E","R","T","E","M","E","M","?","?","M","M","BOSS","R","?","?","$","$","?","T","M","E","R","?","?","?","?","M","BOSS","E"],"items_purchased_type":["Card","Card","Relic","Relic","Relic"],"build_version":"2020-12-13","purchased_purges":2,"victory":false,"max_hp_per_floor":[70,70,70,77,77,77,77,87,87,87,87,87,87,87,87,87,87,87,87,87,87,87,87,87,87,87,87,87,60,60,60,60,60,60,60,60,60,60,60,60,60,60,60,60,60,60,60,60,60,60,60,60,60],"relic_stats":{"Regal Pillow":0,"Busted Crown":38,"Shovel":0,"counters":[32,171],"Bronze Scales":[263],"Eternal Feather":12,"Pen Nib":[8],"Ginger":[8],"Orichalcum":[6],"MawBank":120,"obtain_stats":[{"hexamod:JarOfFuel":45,"Regal Pillow":22,"downfall:HeartBlessingRed":3,"sneckomod:BlankCard":45,"Vajra":25,"Eternal Feather":10,"downfall:HeartBlessingGreen":35,"Thread and Needle":47,"Pen Nib":43,"Ginger":27,"Orichalcum":41,"MawBank":2,"Busted Crown":17,"Shovel":46,"downfall:HeartBlessingBlue":8,"Strawberry":4,"Bronze Scales":24,"Toolbox":38,"hexamod:SpiritBrand":0,"hexamod:IceCube":34},{"hexamod:JarOfFuel":27,"Regal Pillow":13,"downfall:HeartBlessingRed":1,"sneckomod:BlankCard":27,"Vajra":14,"Eternal Feather":4,"downfall:HeartBlessingGreen":20,"Thread and Needle":29,"Pen Nib":26,"Ginger":16,"Orichalcum":24,"MawBank":1,"Busted Crown":10,"Shovel":28,"downfall:HeartBlessingBlue":2,"Strawberry":2,"Bronze Scales":13,"Toolbox":22,"hexamod:SpiritBrand":0,"hexamod:IceCube":20},{"hexamod:JarOfFuel":141,"Regal Pillow":75,"downfall:HeartBlessingRed":11,"sneckomod:BlankCard":141,"Vajra":81,"Eternal Feather":31,"downfall:HeartBlessingGreen":114,"Thread and Needle":151,"Pen Nib":137,"Ginger":90,"Orichalcum":127,"MawBank":11,"Busted Crown":58,"Shovel":146,"downfall:HeartBlessingBlue":16,"Strawberry":16,"Bronze Scales":75,"Toolbox":119,"hexamod:SpiritBrand":0,"hexamod:IceCube":114}]},"card_choices":[{"not_picked":["hexamod:GhostLash","hexamod:NecessarySacrifice"],"picked":"hexamod:FastForward","floor":2.0},{"not_picked":["hexamod:ShieldOfDarkness","hexamod:BurningTouch"],"picked":"hexamod:FirstSeal","floor":4.0},{"not_picked":["hexamod:BacktrackSmack","hexamod:GhostflameBarrier"],"picked":"hexamod:GhostShield","floor":9.0},{"not_picked":["hexamod:ChargedBarrage","hexamod:SpectersWail"],"picked":"hexamod:RadiantFlame","floor":10.0},{"not_picked":["hexamod:InspiringFlames","hexamod:GhostLash"],"picked":"hexamod:EtherealExpedition","floor":12.0},{"not_picked":["hexamod:RainOfEmbers","hexamod:FirstSeal"],"picked":"hexamod:TimeWarp","floor":13.0},{"not_picked":["hexamod:AdvancingGuard","hexamod:Firestarter","hexamod:GhostLash"],"picked":"SKIP","floor":14.0},{"not_picked":["hexamod:NightmareGuise","hexamod:PhantomCloak"],"picked":"hexamod:ShieldOfDarkness","floor":15.0},{"not_picked":["hexamod:GiftsFromTheDead","hexamod:Toasty"],"picked":"hexamod:TurnItUp","floor":16.0},{"not_picked":["hexamod:RecurringNightmare+1"],"picked":"SKIP","floor":19.0},{"not_picked":[],"picked":"hexamod:Hexaguard+1","floor":21.0},{"not_picked":["hexamod:RecurringNightmare"],"picked":"SKIP","floor":22.0},{"not_picked":["hexamod:RetreatToShadows"],"picked":"SKIP","floor":25.0},{"not_picked":["hexamod:Firestarter"],"picked":"SKIP","floor":26.0},{"not_picked":[],"picked":"hexamod:TimeWarp","floor":27.0},{"not_picked":[],"picked":"hexamod:SwordOfDarkness","floor":28.0},{"not_picked":["hexamod:Hexaguard"],"picked":"SKIP","floor":31.0},{"not_picked":["hexamod:Again"],"picked":"SKIP","floor":32.0},{"not_picked":[],"picked":"hexamod:Hexaguard+1","floor":38.0},{"not_picked":["hexamod:ExtraCrispy+1"],"picked":"SKIP","floor":39.0},{"not_picked":["hexamod:Haunt"],"picked":"SKIP","floor":40.0},{"not_picked":["hexamod:DynamicBlow+1"],"picked":"SKIP","floor":42.0},{"not_picked":[],"picked":"hexamod:FastForward","floor":43.0},{"not_picked":["hexamod:HeatMetal+1"],"picked":"SKIP","floor":45.0},{"not_picked":["hexamod:NightmareGuise"],"picked":"SKIP","floor":49.0}],"player_experience":497884,"relics_obtained":[{"floor":2.0,"key":"MawBank"},{"floor":4.0,"key":"Strawberry"},{"floor":10.0,"key":"Eternal Feather"},{"floor":22.0,"key":"Regal Pillow"},{"floor":24.0,"key":"Bronze Scales"},{"floor":25.0,"key":"Vajra"},{"floor":27.0,"key":"Ginger"},{"floor":41.0,"key":"Orichalcum"},{"floor":43.0,"key":"Pen Nib"},{"floor":46.0,"key":"Shovel"},{"floor":47.0,"key":"Thread and Needle"}],"event_choices":[{"damage_healed":0.0,"max_hp_gain":0.0,"max_hp_loss":0.0,"gold_gain":0.0,"event_name":"Wheel of Change","player_choice":"Cursed","floor":6.0,"gold_loss":0.0,"damage_taken":0.0,"cards_obtained":["Decay"]},{"damage_healed":0.0,"max_hp_gain":0.0,"max_hp_loss":27.0,"gold_gain":0.0,"event_name":"Vampires","player_choice":"Became a vampire","floor":29.0,"gold_loss":0.0,"damage_taken":0.0,"cards_obtained":["Bite","Bite","Bite","Bite","Bite"]},{"damage_healed":0.0,"max_hp_gain":0.0,"max_hp_loss":0.0,"gold_gain":0.0,"cards_transformed":["hexamod:Sear"],"event_name":"Transmorgrifier","player_choice":"Transformed","floor":30.0,"gold_loss":0.0,"damage_taken":0.0,"cards_obtained":["hexamod:SixthSeal"]},{"damage_healed":0.0,"max_hp_gain":0.0,"max_hp_loss":0.0,"gold_gain":0.0,"event_name":"Lab","player_choice":"Got Potions","floor":37.0,"gold_loss":0.0,"damage_taken":0.0},{"damage_healed":0.0,"max_hp_gain":0.0,"max_hp_loss":0.0,"gold_gain":0.0,"event_name":"Mysterious Sphere","player_choice":"Fight","floor":46.0,"gold_loss":0.0,"damage_taken":0.0}],"is_beta":false,"boss_relics":[{"not_picked":["Astrolabe","Fusion Hammer"],"picked":"Busted Crown"},{"not_picked":["Empty Cage","Black Star"],"picked":"hexamod:IceCube"}],"items_purged_floors":[12,38],"is_endless":false,"potions_floor_spawned":[4,9,13,15,16,25,28,32,33,36,43,47,49],"killed_by":"downfall:CharBossMerchant","ascension_level":0}}