{"host":"llpusn9usp8rznkj","time":1608263789,"event":{"mods":["2.2 Compatiblity","BaseMod","Colored Map","Colored Powertips","Conspire","Downfall","Hubris","Minty Spire (QoL Compilation)","Rare Cards Sparkle","Replay The Spire","StSLib","The Cursed"],"gold_per_floor":[111,21,40,59,59,59,90,90,168,195,195,195],"floor_reached":11,"playtime":238,"items_purged":[],"score":142,"play_id":"8bf82d5e-1fc7-4776-9be2-3e723ac29b8e","local_time":"20201217225629","is_ascension_mode":true,"campfire_choices":[{"data":"Bouncing Flask","floor":6,"key":"SMITH"},{"data":"Caltrops","floor":8,"key":"SMITH"}],"circlet_count":0,"master_deck":["AscendersBane","Strike_G","Strike_G","Strike_G","Strike_G","Defend_G","Defend_G","Defend_G","Defend_G","Defend_G","Survivor","Neutralize","Acrobatics","Dagger Spray","Caltrops+1","Blade Dance","Bouncing Flask+1","Accuracy"],"relics":["Ring of the Snake","NeowsBlessing","hubris:TenFootPole","Replay:Bottled Snecko","Odd Mushroom"],"acts_visited":["Exordium"],"potions_floor_usage":[10,11],"damage_taken":[{"damage":0,"enemies":"Jaw Worm","floor":1,"turns":1},{"damage":0,"enemies":"2 Louse","floor":3,"turns":1},{"damage":0,"enemies":"Cultist","floor":4,"turns":1},{"damage":25,"enemies":"Replay:BlueRogue","floor":7,"turns":4},{"damage":25,"enemies":"The Mushroom Lair","floor":10,"turns":4},{"damage":0,"enemies":"Gremlin Nob","floor":11,"turns":2}],"seed_played":"437959001522748350","potions_obtained":[{"floor":7,"key":"SkillPotion"},{"floor":10,"key":"LifebloodPotion"}],"is_trial":false,"path_per_floor":["M","$","M","M","?","R","E","R","T","?","E"],"character_chosen":"THE_SILENT","items_purchased":["Dagger Spray","Caltrops"],"campfire_rested":0,"item_purchase_floors":[2,2],"current_hp_per_floor":[59,59,59,59,52,52,27,27,27,2,2,2],"gold":195,"neow_bonus":"THREE_ENEMY_KILL","is_daily":false,"chose_seed":false,"campfire_upgraded":2,"win_rate":0.0,"timestamp":1608263789,"path_taken":["M","$","M","M","?","R","E","R","T","?","E"],"items_purchased_type":["Card","Card"],"build_version":"2020-12-13","purchased_purges":0,"victory":false,"max_hp_per_floor":[66,66,66,66,66,66,66,66,66,66,66,66],"card_choices":[{"not_picked":["Slice","Quick Slash"],"picked":"Acrobatics","floor":1},{"not_picked":["Distraction","Acrobatics"],"picked":"Blade Dance","floor":3},{"not_picked":["Dodge and Roll","Deflect"],"picked":"Bouncing Flask","floor":4},{"not_picked":["hubris:SlightOfHand","Doppelganger","Dagger Throw"],"picked":"SKIP","floor":7},{"not_picked":["Blade Dance","Underhanded Strike"],"picked":"Accuracy","floor":10}],"player_experience":1073162,"relics_obtained":[{"floor":7,"key":"hubris:TenFootPole"},{"floor":9,"key":"Replay:Bottled Snecko"},{"floor":10,"key":"Odd Mushroom"}],"event_choices":[{"cards_removed":["Strike_G"],"damage_healed":0,"gold_gain":0,"player_choice":"Card Removal","damage_taken":7,"max_hp_gain":0,"max_hp_loss":0,"event_name":"Golden Wing","floor":5,"gold_loss":0},{"damage_healed":0,"gold_gain":0,"player_choice":"Fought Mushrooms","damage_taken":0,"max_hp_gain":0,"max_hp_loss":0,"event_name":"Mushrooms","floor":10,"gold_loss":0}],"is_beta":false,"boss_relics":[],"items_purged_floors":[],"is_endless":false,"potions_floor_spawned":[7,10],"killed_by":"Gremlin Nob","ascension_level":20}}