{"host":"q87smtchbkq9l0at","time":1608291334,"event":{"mods":["BaseMod","Colored Map","Colored Powertips","Minty Spire (QoL Compilation)","Quick Restart","StSLib","SuperFastMode"],"gold_per_floor":[112,125,125,125,140,169,169,169,169,179,179,206,56,56,56,56,56],"floor_reached":16,"playtime":501,"items_purged":["Strike_R"],"score":103,"play_id":"019cde08-5130-4270-8dfa-c9a13394738a","local_time":"20201218193534","is_ascension_mode":true,"campfire_choices":[{"data":"Infernal Blade","floor":7.0,"key":"SMITH"},{"floor":11.0,"key":"REST"},{"data":"Searing Blow","floor":15.0,"key":"SMITH"}],"circlet_count":0,"master_deck":["Strike_R","Strike_R","Defend_R","Defend_R+1","Defend_R","Defend_R","Bash","Infernal Blade+1","Flame Barrier+1","Power Through","Searing Blow+1"],"relics":["Burning Blood","NeowsBlessing","Thread and Needle","FossilizedHelix","Odd Mushroom","SsserpentHead"],"acts_visited":["Exordium"],"potions_floor_usage":[],"damage_taken":[{"damage":0.0,"enemies":"2 Louse","floor":1.0,"turns":1.0},{"damage":0.0,"enemies":"Small Slimes","floor":2.0,"turns":1.0},{"damage":0.0,"enemies":"Cultist","floor":5.0,"turns":1.0},{"damage":47.0,"enemies":"3 Sentries","floor":6.0,"turns":19.0},{"damage":0.0,"enemies":"Blue Slaver","floor":10.0,"turns":4.0},{"damage":0.0,"enemies":"The Mushroom Lair","floor":12.0,"turns":5.0},{"damage":58,"enemies":"Slime Boss","floor":16,"turns":17}],"seed_played":"5984990501974234027","potions_obtained":[{"floor":5.0,"key":"Explosive Potion"}],"is_trial":false,"path_per_floor":["M","M","?","?","M","E","R","?","T","M","R","?","$","?","R","B"],"character_chosen":"IRONCLAD","items_purchased":["Searing Blow"],"campfire_rested":1,"item_purchase_floors":[13],"current_hp_per_floor":[80,80,73,73,79,38,38,22,22,28,52,58,58,58,58,0,0],"gold":56,"neow_bonus":"THREE_ENEMY_KILL","is_daily":false,"chose_seed":false,"campfire_upgraded":2,"win_rate":0.0,"timestamp":1608291334,"path_taken":["M","M","?","?","?","E","R","?","T","M","R","?","$","?","R","BOSS"],"items_purchased_type":["Card"],"build_version":"2020-12-13","purchased_purges":1,"victory":false,"max_hp_per_floor":[80,80,80,80,80,80,80,80,80,80,80,80,80,80,80,80,80],"card_choices":[{"not_picked":["Perfected Strike","Sword Boomerang"],"picked":"Infernal Blade","floor":1.0},{"not_picked":["Reckless Charge","Iron Wave","Havoc"],"picked":"SKIP","floor":2.0},{"not_picked":["Body Slam","Flex"],"picked":"Flame Barrier","floor":5.0},{"not_picked":["Pommel Strike","Blood for Blood"],"picked":"Power Through","floor":6.0},{"not_picked":["Pummel","Clash","Clothesline"],"picked":"SKIP","floor":10.0}],"player_experience":37943,"relics_obtained":[{"floor":6.0,"key":"Thread and Needle"},{"floor":9.0,"key":"FossilizedHelix"},{"floor":12.0,"key":"Odd Mushroom"}],"event_choices":[{"cards_removed":["Strike_R"],"damage_healed":0.0,"max_hp_gain":0.0,"max_hp_loss":0.0,"gold_gain":0.0,"event_name":"Golden Wing","player_choice":"Card Removal","floor":3.0,"gold_loss":0.0,"damage_taken":7.0},{"cards_removed":["Strike_R"],"damage_healed":0.0,"max_hp_gain":0.0,"max_hp_loss":0.0,"gold_gain":0.0,"event_name":"Wheel of Change","player_choice":"Card Removal","floor":4.0,"gold_loss":0.0,"damage_taken":0.0},{"damage_healed":0.0,"max_hp_gain":0.0,"max_hp_loss":0.0,"gold_gain":0.0,"event_name":"Shining Light","player_choice":"Entered Light","floor":8.0,"gold_loss":0.0,"damage_taken":16.0,"cards_upgraded":["Defend_R","Flame Barrier"]},{"damage_healed":0.0,"max_hp_gain":0.0,"max_hp_loss":0.0,"gold_gain":0.0,"event_name":"Mushrooms","player_choice":"Fought Mushrooms","floor":12.0,"gold_loss":0.0,"damage_taken":0.0},{"damage_healed":0.0,"max_hp_gain":0.0,"max_hp_loss":0.0,"gold_gain":0.0,"event_name":"FaceTrader","player_choice":"Trade","floor":14.0,"gold_loss":0.0,"damage_taken":0.0,"relics_obtained":["SsserpentHead"]}],"is_beta":false,"boss_relics":[],"items_purged_floors":[13],"is_endless":false,"potions_floor_spawned":[5],"killed_by":"Slime Boss","ascension_level":1}}