{"host":"8xp52u5o8fcssvzz","time":1608280245,"event":{"mods":["2.2 Compatiblity","AchievementEnabler","Act Like it!","Aspiration","BaseMod","Better Altar","Better Match","Better Note","Better Sensory Stone","Better Skull","Better Third Choice","BetterRewards","CatGirl Mod","Colored Map","Conspire","Downfall","Gensokyo","GifTheSpireLib","Googly Eyes","Halation","Hallownest","Highlight Path","Hubris","Infinite Spire","Jorbs\u0027s Wanderer Trilogy","Koishi","Lobotomy","LobotomyExtend","Marisa????????","Menagerie","Mimic Mod","Minty Spire (QoL Compilation)","Reimu??????","Remilia??????","Replay The Spire","SIMod","Shade Mod","Spicy Shops","StSLib","Stuff the Spire","The Administrix","The Blackbeard","The Bladedancer","The Construct","The Cursed","The Gatherer","The Necromancer","The Runesmith","The Servant 0.9.4","The Valiant","TheFirefly","TheSwordswoman","Unceasing Turn Reminder","everything is the same but u backflip on backflip"],"gold_per_floor":[66,76,87,105,105,105,130,130,168,168,168,168,168,47,47,146,146,146,146],"floor_reached":18,"playtime":852,"items_purged":[],"score":108,"play_id":"5da22d29-ca28-4373-b556-9d1a9c8eed73","local_time":"20201218003045","is_ascension_mode":false,"campfire_choices":[{"data":"GracefulSiphon","floor":6,"key":"SMITH"},{"data":"Chainer","floor":8,"key":"SMITH"},{"floor":13,"key":"REST"},{"data":"Decimate","floor":15,"key":"SMITH"}],"circlet_count":0,"master_deck":["Strike_Valiant","Strike_Valiant","Strike_Valiant","Strike_Valiant+1","Strike_Valiant","Defend_Valiant","Defend_Valiant","Defend_Valiant","Defend_Valiant","BlindingLight","MinorHealing","MinorHealing","GracefulSiphon+1","Decimate+1","Retaliate","PiercingStab","Chainer+1","ZealousPersecution","infinitespire:DeathsTouch","HolyStorm"],"relics":["Cross Pendant","aspiration:Nostalgia","stsjorbsmod:GrimoireRelic","LetterFromLob","Boot","Smiling Mask","hubris:Towel","Onion Ring","hubris:Backtick","PreservedInsect"],"acts_visited":["Exordium","TheCity"],"potions_floor_usage":[7,16],"damage_taken":[{"damage":0,"enemies":"Cultist","floor":1,"turns":4},{"damage":10,"enemies":"Jaw Worm","floor":2,"turns":5},{"damage":5,"enemies":"2 Louse","floor":3,"turns":3},{"damage":8,"enemies":"Blue Slaver","floor":4,"turns":5},{"damage":52,"enemies":"Lagavulin","floor":7,"turns":7},{"damage":9,"enemies":"2 Fungi Beasts","floor":9,"turns":8},{"damage":0,"enemies":"Fading Forest","floor":16,"turns":1},{"damage":110,"enemies":"conspire:FuzzyDice","floor":18,"turns":3}],"seed_played":"-6833776580022773213","potions_obtained":[{"floor":3,"key":"GamblersBrew"},{"floor":7,"key":"infinitespire:BlackPotion"}],"is_trial":false,"path_per_floor":["M","M","M","M","?","R","E","R","MIM","?","?","?","R","$","R","B",null,"M"],"character_chosen":"TheValiant","items_purchased":["Onion Ring"],"campfire_rested":1,"item_purchase_floors":[14],"current_hp_per_floor":[100,99,100,100,100,100,60,60,66,40,40,40,70,70,70,70,100,0,0],"gold":146,"neow_bonus":"NOSTALGIA","is_daily":false,"chose_seed":false,"campfire_upgraded":3,"win_rate":0.0,"timestamp":1608280245,"path_taken":["M","?","?","M","?","R","E","R","MIM","?","?","?","R","$","R","BOSS","M"],"items_purchased_type":["Relic"],"build_version":"2020-12-13","purchased_purges":0,"victory":false,"max_hp_per_floor":[100,100,100,100,100,100,100,100,100,100,100,100,100,100,100,100,100,100,100],"card_choices":[{"not_picked":["DivineFavor","CombatDance"],"picked":"GracefulSiphon","floor":1},{"not_picked":["DualSpirit","ToweringCharge"],"picked":"Decimate","floor":2},{"not_picked":["FuriousSmite","ArcaneHealing"],"picked":"Retaliate","floor":3},{"not_picked":["MercilessSmite","MaddeningRevelation"],"picked":"PiercingStab","floor":4},{"not_picked":["AbandonReason","GracefulSiphon"],"picked":"Chainer","floor":7},{"not_picked":["FuriousSmite","SeekAnswers"],"picked":"ZealousPersecution","floor":9},{"not_picked":["infinitespire:Menacing","ReplayTheSpireMod:Haul"],"picked":"infinitespire:DeathsTouch","floor":10},{"not_picked":["Execution","Salvation"],"picked":"HolyStorm","floor":16}],"player_experience":443980,"relics_obtained":[{"floor":1,"key":"LetterFromLob"},{"floor":7,"key":"Boot"},{"floor":9,"key":"Smiling Mask"}],"event_choices":[],"is_beta":false,"boss_relics":[{"not_picked":["conspire:RunicOctahedron","hubris:HollowSoul"],"picked":"hubris:Backtick"}],"items_purged_floors":[],"is_endless":false,"potions_floor_spawned":[3,7],"killed_by":"conspire:FuzzyDice","ascension_level":0}}