{"host":"d8hh7rr4yzitjeuj","time":1608295491,"event":{"mods":["2.2 Compatiblity","AchievementEnabler","BaseMod","CapriCore","Colored Map","Colored Powertips","Highlight Path","Keyboard Shortcuts","Minty Spire (QoL Compilation)","Permanent Neow","Quick Restart","StSLib","SuperFastMode"],"gold_per_floor":[113,126,139,154,154,154,164,183,183,183,183,208,18,30,30,104,104,123,3,3,23,23,23,23,23,23,37,37,51,0,0,0,0,0],"floor_reached":33,"playtime":1145,"items_purged":["Strike_B","Strike_B"],"score":478,"play_id":"ea4ecfbf-be1c-4be4-9919-3db7f61e7e93","local_time":"20201218214451","is_ascension_mode":true,"campfire_choices":[{"data":"Zap","floor":6.0,"key":"SMITH"},{"data":"Defragment","floor":11.0,"key":"SMITH"},{"data":"Turbo","floor":15.0,"key":"SMITH"},{"data":"Coolheaded","floor":23.0,"key":"SMITH"},{"data":"Coolheaded","floor":25.0,"key":"SMITH"},{"data":"Coolheaded","floor":32,"key":"SMITH"}],"circlet_count":0,"master_deck":["AscendersBane","Strike_B","Strike_B","Defend_B","Defend_B","Defend_B","Defend_B","Zap+1","Dualcast","CurseOfTheBell","Defragment+1","Rebound","Coolheaded+1","Genetic Algorithm","Cold Snap","Turbo+1","Meteor Strike","Coolheaded+1","Coolheaded+1","Recycle","Capacitor","Blizzard+1"],"relics":["Calling Bell","MealTicket","The Courier","FossilizedHelix","Kunai","Blood Vial","Coffee Dripper","Sundial"],"acts_visited":["Exordium","TheCity"],"potions_floor_usage":[31],"damage_taken":[{"damage":0.0,"enemies":"Jaw Worm","floor":1.0,"turns":4.0},{"damage":6.0,"enemies":"2 Louse","floor":2.0,"turns":2.0},{"damage":11.0,"enemies":"Cultist","floor":3.0,"turns":4.0},{"damage":1.0,"enemies":"Looter","floor":4.0,"turns":4.0},{"damage":0.0,"enemies":"Red Slaver","floor":7.0,"turns":5.0},{"damage":0.0,"enemies":"Exordium Thugs","floor":8.0,"turns":2.0},{"damage":0.0,"enemies":"Blue Slaver","floor":14.0,"turns":3.0},{"damage":60.0,"enemies":"Slime Boss","floor":16.0,"turns":15.0},{"damage":19.0,"enemies":"Shell Parasite","floor":18.0,"turns":8.0},{"damage":46.0,"enemies":"3 Byrds","floor":21.0,"turns":10.0},{"damage":11.0,"enemies":"Snake Plant","floor":27.0,"turns":6.0},{"damage":20,"enemies":"Shelled Parasite and Fungi","floor":29,"turns":9},{"damage":0,"enemies":"Cultist and Chosen","floor":31,"turns":3},{"damage":6,"enemies":"Collector","floor":33,"turns":7}],"seed_played":"1478753255151687053","potions_obtained":[{"floor":1.0,"key":"Block Potion"},{"floor":2.0,"key":"LiquidMemories"},{"floor":7.0,"key":"PowerPotion"},{"floor":8.0,"key":"EntropicBrew"},{"floor":18.0,"key":"FearPotion"},{"floor":21.0,"key":"SkillPotion"},{"floor":24.0,"key":"FocusPotion"},{"floor":29,"key":"SmokeBomb"}],"is_trial":false,"path_per_floor":["M","M","M","M","?","R","M","M","T","?","R","T","$","M","R","B",null,"M","$","?","M","$","R","?","R","T","M","T","M","?","M","R","B"],"character_chosen":"DEFECT","items_purchased":["Meteor Strike","Coolheaded"],"campfire_rested":0,"item_purchase_floors":[13,19],"current_hp_per_floor":[64,58,47,46,51,51,51,51,51,51,51,51,66,68,68,10,60,43,58,58,14,29,29,29,29,29,20,20,2,2,4,4,0,0],"gold":0,"neow_bonus":"BOSS_RELIC","is_daily":false,"chose_seed":false,"campfire_upgraded":6,"win_rate":0.0,"timestamp":1608295491,"path_taken":["M","M","M","M","?","R","M","M","T","?","R","?","$","M","R","BOSS","M","$","?","M","?","R","?","R","T","?","?","M","?","M","R","BOSS"],"items_purchased_type":["Card","Card"],"build_version":"2020-12-13","purchased_purges":2,"victory":false,"max_hp_per_floor":[71,71,71,71,76,76,76,76,76,76,76,76,76,76,76,76,76,76,76,76,76,76,76,76,76,76,76,76,76,76,76,76,76,76],"card_choices":[{"not_picked":["Undo","Cold Snap"],"picked":"Defragment","floor":1.0},{"not_picked":["Steam","Hello World"],"picked":"Rebound","floor":2.0},{"not_picked":["Sweeping Beam","Reboot"],"picked":"Coolheaded","floor":3.0},{"not_picked":["Rebound","Leap"],"picked":"Genetic Algorithm","floor":4.0},{"not_picked":["Steam","Leap"],"picked":"Cold Snap","floor":7.0},{"not_picked":["Gash","Heatsinks"],"picked":"Turbo","floor":8.0},{"not_picked":["Auto Shields","Stack","Cold Snap"],"picked":"SKIP","floor":14.0},{"not_picked":["Streamline","Sweeping Beam","Aggregate"],"picked":"SKIP","floor":18.0},{"not_picked":["Rebound","Stack"],"picked":"Capacitor","floor":21.0},{"not_picked":["Darkness+1","Turbo+1","Barrage"],"picked":"SKIP","floor":27.0},{"not_picked":["Turbo","Sweeping Beam"],"picked":"Blizzard+1","floor":29}],"player_experience":1361497,"relics_obtained":[{"floor":0.0,"key":"MealTicket"},{"floor":0.0,"key":"The Courier"},{"floor":0.0,"key":"FossilizedHelix"},{"floor":9.0,"key":"Kunai"},{"floor":12.0,"key":"Blood Vial"},{"floor":26.0,"key":"Sundial"}],"event_choices":[{"damage_healed":0.0,"max_hp_gain":5.0,"max_hp_loss":0.0,"gold_gain":0.0,"event_name":"Big Fish","player_choice":"Donut","floor":5.0,"gold_loss":0.0,"damage_taken":0.0},{"damage_healed":0.0,"max_hp_gain":0.0,"max_hp_loss":0.0,"gold_gain":0.0,"event_name":"The Cleric","player_choice":"Leave","floor":10.0,"gold_loss":0.0,"damage_taken":0.0},{"damage_healed":0.0,"max_hp_gain":0.0,"max_hp_loss":0.0,"gold_gain":0.0,"event_name":"Match and Keep!","player_choice":"2 cards matched","floor":20.0,"gold_loss":0.0,"damage_taken":0.0,"cards_obtained":["Coolheaded","Recycle"]},{"damage_healed":0.0,"max_hp_gain":0.0,"max_hp_loss":0.0,"gold_gain":0.0,"event_name":"Lab","player_choice":"Got Potions","floor":24.0,"gold_loss":0.0,"damage_taken":0.0},{"damage_healed":0,"gold_gain":0,"player_choice":"Paid Fearfully","damage_taken":0,"max_hp_gain":0,"max_hp_loss":0,"event_name":"Masked Bandits","floor":30,"gold_loss":51}],"is_beta":false,"boss_relics":[{"not_picked":["Runic Dome","Philosopher\u0027s Stone"],"picked":"Coffee Dripper"}],"items_purged_floors":[13,19],"is_endless":false,"potions_floor_spawned":[1,2,7,8,18,21,29],"killed_by":"Collector","ascension_level":20}}