{"host":"0m7uut7ws4kj19nt","time":1608280626,"event":{"mods":["AchievementEnabler","BaseMod","Minty Spire (QoL Compilation)","Replay The Spire","StSLib","The Necromancer"],"gold_per_floor":[109,122,72,72,85,115,132,132,158,158,184,109,124,138,138,236,236,249,51,252,262,45,45,63,74,122,148,63,92,111,122,122,122,122],"floor_reached":33,"playtime":1771,"items_purged":["Strike_W","Defend_W","Overencumbered"],"score":329,"play_id":"3200e8cb-ee6c-4ffc-bad3-ee78ed3177eb","local_time":"20201218153706","is_ascension_mode":false,"campfire_choices":[{"data":"Slay_Living","floor":10.0,"key":"SMITH"},{"floor":15.0,"key":"REST"},{"data":"Cloudkill","floor":23.0,"key":"SMITH"},{"data":"Vampiric_Strike","floor":32,"key":"SMITH"}],"circlet_count":0,"master_deck":["Strike_W+1","Strike_W","Defend_W","Defend_W+1","Defend_W","Negative_Energy_Arrows","Bone_Wall","Pandemic","Acid_Javelin","Slay_Living+1","Death_Knell","Blood_Wake","Summon_Vampire_Lady","Stop_Heart","Cloudkill+1","Corrupt","Vampiric_Strike","Uncharnel+1","Enlightenment","Blood_Whip","Plague_Bolt","Blood_for_Blood+1","Requiem","Vampiric_Strike+1","Shade_Step"],"relics":["Vampire_Amulet","NeowsBlessing","PreservedInsect","Juzu Bracelet","Replay:Rubber Ducky","Ring of Chaos","ReplayTheSpireMod:CursedCoin","Replay:Ringing Soul","Red Mask","Iron Hammer","Snack Pack"],"acts_visited":["Exordium","TheCity"],"potions_floor_usage":[33,33],"damage_taken":[{"damage":0.0,"enemies":"Jaw Worm","floor":1.0,"turns":1.0},{"damage":0.0,"enemies":"2 Louse","floor":2.0,"turns":1.0},{"damage":0.0,"enemies":"Small Slimes","floor":5.0,"turns":1.0},{"damage":12.0,"enemies":"Lagavulin","floor":6.0,"turns":5.0},{"damage":4.0,"enemies":"Gremlin Gang","floor":7.0,"turns":5.0},{"damage":5.0,"enemies":"3 Sentries","floor":11.0,"turns":4.0},{"damage":24.0,"enemies":"Exordium Thugs","floor":13.0,"turns":5.0},{"damage":3.0,"enemies":"3 Louse","floor":14.0,"turns":1.0},{"damage":32.0,"enemies":"Hexaghost","floor":16.0,"turns":7.0},{"damage":17.0,"enemies":"Spheric Guardian","floor":18.0,"turns":4.0},{"damage":0.0,"enemies":"Shell Parasite","floor":21.0,"turns":5.0},{"damage":31.0,"enemies":"3 Cultists","floor":24.0,"turns":5.0},{"damage":15.0,"enemies":"Snake Plant","floor":25.0,"turns":3.0},{"damage":12.0,"enemies":"Masked Bandits","floor":27.0,"turns":3.0},{"damage":5.0,"enemies":"Gremlin Leader","floor":29.0,"turns":4.0},{"damage":26,"enemies":"Sentry and Sphere","floor":30,"turns":4},{"damage":9,"enemies":"3 Cultists","floor":31,"turns":3},{"damage":98,"enemies":"Collector","floor":33,"turns":9}],"seed_played":"-2050205797807848789","potions_obtained":[{"floor":6.0,"key":"PowerPotion"},{"floor":7.0,"key":"AttackPotion"},{"floor":11.0,"key":"Energy Potion"},{"floor":14.0,"key":"FearPotion"},{"floor":16.0,"key":"PowerPotion"},{"floor":24.0,"key":"BlessingOfTheForge"},{"floor":27.0,"key":"Adrenaline Potion"},{"floor":29.0,"key":"BlessingOfTheForge"},{"floor":30,"key":"LiquidMemories"}],"is_trial":false,"path_per_floor":["M","M","?","?","M","E","M","?","T","R","E","$","M","M","R","B",null,"M","$","?","M","$","R","M","M","T","?","?","E","M","M","R","B"],"character_chosen":"NECROMANCER","items_purchased":["ReplayTheSpireMod:CursedCoin","Replay:Ringing Soul","Enlightenment"],"campfire_rested":1,"item_purchase_floors":[19,19,22],"current_hp_per_floor":[75,75,75,60,64,54,58,58,58,58,59,59,39,42,64,55,75,60,60,63,77,80,80,68,67,67,64,64,79,60,60,60,0,0],"gold":122,"neow_bonus":"THREE_ENEMY_KILL","is_daily":false,"chose_seed":false,"campfire_upgraded":3,"win_rate":0.0,"timestamp":1608280626,"path_taken":["M","M","?","?","M","E","M","?","T","R","E","$","M","M","R","BOSS","M","$","?","M","$","R","M","M","T","?","?","E","M","M","R","BOSS"],"items_purchased_type":["Relic","Relic","Card"],"build_version":"2020-12-13","purchased_purges":3,"victory":false,"max_hp_per_floor":[75,75,75,75,75,75,75,75,75,75,75,75,75,75,75,75,75,75,75,78,81,84,84,87,90,90,93,93,96,99,102,102,102,102],"card_choices":[{"not_picked":["Chill_Blood","Blood_Curse"],"picked":"Pandemic","floor":1.0},{"not_picked":["Flesh_Made_Foul","Blood_Whip"],"picked":"Acid_Javelin","floor":2.0},{"not_picked":["Negative_Energy_Burst","Death_Coil"],"picked":"Slay_Living","floor":5.0},{"not_picked":["Bone_Armory","Blood_Shield"],"picked":"Death_Knell","floor":6.0},{"not_picked":["Blood_Curse","Negative_Energy_Javelin"],"picked":"Blood_Wake","floor":7.0},{"not_picked":["Bone_Spikes","Death_Coil"],"picked":"Summon_Vampire_Lady","floor":11.0},{"not_picked":["Necromantic_Selection","Whirlwind_of_Bones","Bone_Bullets"],"picked":"SKIP","floor":13.0},{"not_picked":["Negative_Energy_Sphere","Whirlwind_of_Bones"],"picked":"Stop_Heart","floor":14.0},{"not_picked":["Requiem","Summon_Death_Knight"],"picked":"Cloudkill","floor":16.0},{"not_picked":["Negative_Energy_Mist","Pandemic"],"picked":"Corrupt","floor":18.0},{"not_picked":["Bones_to_Steel+1","Deaths_Shadow"],"picked":"Vampiric_Strike","floor":20.0},{"not_picked":["Bone_Bullets","Negative_Energy_Sphere"],"picked":"Uncharnel+1","floor":21.0},{"not_picked":["Spectral_Armor","Acid_Javelin"],"picked":"Blood_Whip","floor":24.0},{"not_picked":["Scare+1","Life_Tap"],"picked":"Plague_Bolt","floor":25.0},{"not_picked":["Bone_Bullets","Negative_Energy_Sphere"],"picked":"Blood_for_Blood+1","floor":27.0},{"not_picked":["Stop_Heart","Blood_Curse+1"],"picked":"Requiem","floor":29.0},{"not_picked":["Negative_Energy_Javelin","Toxic_Smoke_Screen+1"],"picked":"Vampiric_Strike","floor":30},{"not_picked":["Bone_Shift","Blood_Shield"],"picked":"Shade_Step","floor":31}],"player_experience":61332,"relics_obtained":[{"floor":6.0,"key":"PreservedInsect"},{"floor":9.0,"key":"Juzu Bracelet"},{"floor":11.0,"key":"Replay:Rubber Ducky"},{"floor":27.0,"key":"Red Mask"},{"floor":29.0,"key":"Snack Pack"}],"event_choices":[{"cards_removed":["Strike_W"],"damage_healed":0.0,"max_hp_gain":0.0,"max_hp_loss":0.0,"gold_gain":0.0,"event_name":"The Cleric","player_choice":"Card Removal","floor":3.0,"gold_loss":50.0,"damage_taken":0.0},{"damage_healed":0.0,"max_hp_gain":0.0,"max_hp_loss":0.0,"gold_gain":0.0,"event_name":"Shining Light","player_choice":"Entered Light","floor":4.0,"gold_loss":0.0,"damage_taken":15.0,"cards_upgraded":["Defend_W","Strike_W"]},{"damage_healed":0.0,"max_hp_gain":0.0,"max_hp_loss":0.0,"gold_gain":0.0,"event_name":"Liars Game","player_choice":"Ignored","floor":8.0,"gold_loss":0.0,"damage_taken":0.0},{"damage_healed":0.0,"max_hp_gain":0.0,"max_hp_loss":0.0,"gold_gain":0.0,"event_name":"Masked Bandits","player_choice":"Fought Bandits","floor":27.0,"gold_loss":0.0,"damage_taken":0.0},{"damage_healed":0.0,"max_hp_gain":0.0,"max_hp_loss":0.0,"gold_gain":0.0,"event_name":"Addict","player_choice":"Obtained Relic","floor":28.0,"gold_loss":85.0,"damage_taken":0.0,"relics_obtained":["Iron Hammer"]}],"is_beta":false,"boss_relics":[{"not_picked":["Fusion Hammer","ChewingGum"],"picked":"Ring of Chaos"}],"items_purged_floors":[12,19,22],"is_endless":false,"potions_floor_spawned":[6,7,11,14,16,24,27,29,30,31],"killed_by":"Collector","ascension_level":0}}