{"host":"sv2o2io561l6x04h","time":1608277744,"event":{"mods":["BaseMod","Bestiary","Better Altar","Better Match","Better Note","Better Sensory Stone","Colored Map","Conspire","Custom Start","DeckTracker","Highlight Path","Hubris","Minty Spire (QoL Compilation)","Replay The Spire","Shop Mod","StSLib","The Runesmith"],"gold_per_floor":[115,115,127,28,40,40,40,40],"floor_reached":7,"playtime":458,"items_purged":["Runesmith:Strike_RS"],"score":41,"play_id":"ec4a2017-2cac-4c10-a694-647778c75969","local_time":"20201218024904","is_ascension_mode":false,"campfire_choices":[{"data":"Runesmith:CraftMagma","floor":6,"key":"SMITH"}],"circlet_count":0,"master_deck":["Runesmith:Strike_RS","Runesmith:Strike_RS","Runesmith:Strike_RS","Runesmith:Defend_RS","Runesmith:Defend_RS","Runesmith:Defend_RS","Runesmith:Defend_RS","Runesmith:CraftFirestone","Runesmith:Fortify","Runesmith:BackupBattery","Runesmith:CraftMagma+1"],"relics":["Runesmith:BrokenRuby","Smiling Mask"],"acts_visited":["Exordium"],"potions_floor_usage":[],"damage_taken":[{"damage":6,"enemies":"Jaw Worm","floor":1,"turns":5},{"damage":1,"enemies":"Cultist","floor":3,"turns":4},{"damage":0,"enemies":"2 Louse","floor":5,"turns":4},{"damage":20,"enemies":"Gremlin Nob","floor":7,"turns":4}],"seed_played":"2508638594223893334","potions_obtained":[{"floor":1,"key":"Elixir"}],"is_trial":false,"path_per_floor":["M","?","M","$","M","R","E"],"character_chosen":"RUNESMITH_CLASS","items_purchased":["Runesmith:CraftMagma"],"campfire_rested":0,"item_purchase_floors":[4],"current_hp_per_floor":[64,64,63,63,63,63,43,43],"gold":40,"neow_bonus":"RANDOM_COMMON_RELIC","is_daily":false,"chose_seed":false,"campfire_upgraded":1,"win_rate":0.0,"timestamp":1608277744,"path_taken":["M","?","?","$","M","R","E"],"items_purchased_type":["Card"],"build_version":"2020-12-13","purchased_purges":1,"victory":false,"max_hp_per_floor":[70,70,70,70,70,70,70,70],"card_choices":[{"not_picked":["Runesmith:Refine","Runesmith:CraftProtectio"],"picked":"Runesmith:BackupBattery","floor":1},{"not_picked":["Runesmith:ChaoticBlast","Runesmith:UnstableHammer","Runesmith:WhiteBalance"],"picked":"SKIP","floor":3},{"not_picked":["Runesmith:HammerThrow","Runesmith:CraftProtectio","Runesmith:CraftSpiculum"],"picked":"SKIP","floor":5}],"player_experience":196432,"relics_obtained":[],"event_choices":[{"damage_healed":0,"gold_gain":0,"player_choice":"Bought 0 Potions","damage_taken":0,"max_hp_gain":0,"max_hp_loss":0,"event_name":"The Woman in Blue","floor":2,"gold_loss":0}],"is_beta":false,"boss_relics":[],"items_purged_floors":[4],"is_endless":false,"potions_floor_spawned":[1],"killed_by":"Gremlin Nob","ascension_level":0}}