{"host":"x7jew6kw6hhmneul","time":1608258075,"event":{"mods":["Act Like it!","Ascension Reborn","BaseMod","Colored Powertips","FoggyMod","GifTheSpireLib","HololiveMod","Hubris","Jedi Mod","KomeijiMod","Luminous","Minty Spire (QoL Compilation)","MostiFishMod","Quick Restart","Remilia（蕾米莉亚）","Replay The Spire","RumiaBox-露米娅的神秘盒子","Ryuuou龙王","SIMod","SOS（斯巴达之子）","Spicy Shops","Spire Birthday Party","StSLib","The Senshi","Waifu the Spire","WarShipGirlsR/战舰少女R mod","Yuri Mod","Yuyuko","vexMod","【东方二次创作】八云紫mod","【遗物卡牌】REMEMod"],"gold_per_floor":[115,115,115,9,9,9,9,9,57,92,106,106,140,248,248,344,344,362,362,237,247,15,44,44,44,70,35,35,67,121,121,121,243,243,266,104,169,244,260,316,316,291,291,28,57,5,70,70,70,73],"floor_reached":51,"playtime":2460,"items_purged":["Regret"],"score":1086,"play_id":"1f2c39db-9357-4103-af03-cbc094034599","local_time":"20201218102115","is_ascension_mode":true,"campfire_choices":[{"data":"Luminous:Dark_Apocalypse","floor":6.0,"key":"SMITH"},{"data":"Luminous:Accumulation_Luminous","floor":8.0,"key":"SMITH"},{"data":"Luminous:Dusk_Guard_Luminous","floor":15.0,"key":"SMITH"},{"data":"Apotheosis","floor":25.0,"key":"SMITH"},{"data":"Luminous:Chaos_Field_Luminous","floor":32.0,"key":"SMITH"},{"data":"Luminous:Chaos_Field_Luminous","floor":41,"key":"SMITH"},{"data":"Luminous:Freud_Wisdom1_Luminous+1","floor":49,"key":"SMITH"}],"circlet_count":0,"master_deck":["Hololive_CallMurasakiShion+1","Luminous:Light_Gather+1","Luminous:Dark_Apocalypse+1","Luminous:Accumulation_Luminous+1","Luminous:Dusk_Guard_Luminous+1","Replay:BluntJabs+1","OmniscientAndOmnipotent_Monster_purple+1","Return_To_Past+1","StigmaNizer+1","ScarletImprint+1","Luminous:Chaos_Field_Luminous+1","rmod:luckystar+1","Rampage+1","Luminous:Balance_Aether_Conduit+1","Luminous:Light_Gather+1","NingyouKasou+1","Apotheosis+1","VampireClaw+1","Iron Wave+1","Sweeping Beam+1","Luminous:Light_Sylvan_Lance+1","Beam Cell+1","Luminous:Arcane_Rage_Luminous+1","Luminous:Balance_Baptism+1","Luminous:Ethereal_Form_Luminous+1","Luminous:Arcane_Rage_Luminous+1","Luminous:Freud_Wisdom1_Luminous+2","Luminous:Mirror_Force_Luminous+1","Luminous:Chaos_Field_Luminous+1","Luminous:Armageddon_Luminous+1","Luminous:Equalize_Luminous+1","Luminous:Balance_Baptism+1","Endless Agony+1","Luminous:Dark_Apocalypse+1","Luminous:Darks_Surge_Luminous+1","Replay:BluntJabs+1","Luminous:Light_Disperse+1","Luminous:Light_Gather+1"],"relics":["Luminous:MirrorRelic","DaveBox","REME_ComplimentaryCards","ExusiaiGun","Question Card","PrismaticShard","SynthV:C4","jedi:firstaidkit","Bronze Scales","Molten Egg 2","jedi:heavyjacket","Regal Pillow","ImportantClient","Runic Dome","vexMod:ConsolationPrize","DianPoetry","PreservedInsect","REME_ArchaeologicalTools","REME_PuzzleBoxRelic","Runic Pyramid","Gremlin Food","MoreBug","SumBook","Anchor","Eternal Feather","Blue Doll","Prayer Wheel"],"acts_visited":["Exordium","TheCity","TheBeyond"],"potions_floor_usage":[47,47],"damage_taken":[{"damage":0.0,"enemies":"Small Slimes","floor":1.0,"turns":2.0},{"damage":0.0,"enemies":"Lagavulin","floor":10.0,"turns":1.0},{"damage":4.0,"enemies":"Jaw Worm","floor":11.0,"turns":2.0},{"damage":0.0,"enemies":"Gremlin Nob","floor":13.0,"turns":1.0},{"damage":27.0,"enemies":"The Guardian","floor":16.0,"turns":3.0},{"damage":0.0,"enemies":"Shell Parasite","floor":18.0,"turns":1.0},{"damage":0.0,"enemies":"Spheric Guardian","floor":21.0,"turns":1.0},{"damage":0.0,"enemies":"REME_1_Revenger","floor":23.0,"turns":1.0},{"damage":0.0,"enemies":"Centurion and Healer","floor":29.0,"turns":1.0},{"damage":0.0,"enemies":"Book of Stabbing","floor":30.0,"turns":2.0},{"damage":0.0,"enemies":"Collector","floor":33.0,"turns":1.0},{"damage":0.0,"enemies":"Orb Walker","floor":35.0,"turns":1.0},{"damage":0.0,"enemies":"Mind Bloom Boss Battle","floor":37.0,"turns":1.0},{"damage":0.0,"enemies":"3 Darklings","floor":39.0,"turns":1.0},{"damage":0.0,"enemies":"Giant Head","floor":40.0,"turns":2.0},{"damage":0,"enemies":"Sphere and 2 Shapes","floor":45,"turns":1},{"damage":17,"enemies":"Sphere and 2 Shapes","floor":47,"turns":6},{"damage":0,"enemies":"Awakened One","floor":50,"turns":2}],"seed_played":"4893424706868011558","potions_obtained":[{"floor":11.0,"key":"Death Potion"},{"floor":21.0,"key":"Weak Potion"},{"floor":23.0,"key":"BlessingOfTheForge"}],"is_trial":false,"path_per_floor":["M","?","?","$","?","R","$","R","T","E","M","?","E","?","R","B",null,"M","?","?","M","$","E","?","R","T","?","T","M","E","?","R","B",null,"M","$","?","T","M","E","R","?","T","$","M","$","?","?","R","B",null],"character_chosen":"LuminousClass","items_purchased":["Luminous:Accumulation_Luminous","Luminous:Dusk_Guard_Luminous","Luminous:Balance_Aether_Conduit+1","Luminous:Light_Gather+1","Luminous:Light_Sylvan_Lance+1","Gremlin Food","Blue Doll","Luminous:Dark_Apocalypse+1","Luminous:Darks_Surge_Luminous","Luminous:Light_Disperse+1"],"campfire_rested":0,"item_purchase_floors":[4,4,22,22,36,36,44,44,44,46],"current_hp_per_floor":[82,82,79,79,79,79,79,79,79,79,75,59,59,59,59,32,82,82,82,82,82,82,82,82,82,82,82,82,82,82,82,82,82,82,82,82,82,82,82,82,82,82,82,82,82,82,82,82,82,82],"gold":73,"neow_bonus":"TEN_PERCENT_HP_BONUS","is_daily":false,"chose_seed":false,"campfire_upgraded":7,"win_rate":0.0,"timestamp":1608258075,"path_taken":["M","?","?","$","?","R","$","R","T","E","?","?","E","?","R","BOSS","M","?","?","?","?","E","?","R","T","?","?","?","E","?","R","BOSS","BOSS","M","?","?","?","?","E","R","?","T","$","?","$","?","?","R","BOSS"],"items_purchased_type":["Card","Card","Card","Card","Card","Relic","Relic","Card","Card","Card"],"build_version":"2020-12-13","purchased_purges":1,"victory":true,"max_hp_per_floor":[82,82,82,82,82,82,82,82,82,82,82,82,82,82,82,82,82,82,82,82,82,82,82,82,82,82,82,82,82,82,82,82,82,82,82,82,82,82,82,82,82,82,82,82,82,82,82,82,82,82],"card_choices":[{"not_picked":["Luminous:Lights_Protection_Luminous","Luminous:Light_Sylvan_Lance"],"picked":"Luminous:Light_Gather","floor":1.0},{"not_picked":["MostiFishMod:GoodWordForIt+1","BootSequence","Rebellion"],"picked":"Replay:BluntJabs+1","floor":10.0},{"not_picked":["Agarareta+1","ReplayTheSpireMod:Tripwire","ExternalForce_HighSpeedFlying_purple+1"],"picked":"OmniscientAndOmnipotent_Monster_purple+1","floor":11.0},{"not_picked":["Gilgamesh","GroundStardust+1","Hololive_Teleport"],"picked":"Return_To_Past","floor":13.0},{"not_picked":["All Wander","Shock+1","Steam"],"picked":"StigmaNizer+1","floor":14.0},{"not_picked":["SenyouGoraku+1","DimensionStaggered_purple","OmniscientAndOmnipotent_Monster_purple+1"],"picked":"ScarletImprint+1","floor":14.0},{"not_picked":["yuri:GhostForm","hubris:SpecializedCircuitry","Weaponreturn"],"picked":"Luminous:Chaos_Field_Luminous","floor":16.0},{"not_picked":["ISayNo+1","yuri:CalmingAura","yuri:TeaSet"],"picked":"rmod:luckystar+1","floor":18.0},{"not_picked":["yuri:CalmingAura","yuri:Stare","Survey Options"],"picked":"Rampage+1","floor":21.0},{"not_picked":["EmptyMind","Skewer+1","Dying Butterflies"],"picked":"NingyouKasou+1","floor":23.0},{"not_picked":["hubris:Ssssneak","Hololive_CallMomosuzuNene","Butterflies Rainbow"],"picked":"ExistenceContinue_purple+1","floor":29.0},{"not_picked":["Realm_recovery_purpleEX","RedNightlessCastle+1","ServeMeal+1"],"picked":"VampireClaw+1","floor":30.0},{"not_picked":["yuri:RecklessStrike+1","rmod:unsinkable+1","ReplayTheSpireMod:Scrap Shanks"],"picked":"Sweeping Beam+1","floor":35.0},{"not_picked":["VampireFantasy+1","BehindTheScene+1","jedi:hate+1"],"picked":"Beam Cell+1","floor":37.0},{"not_picked":["Childlike+1","Mishyaguji+1","Dropkick+1"],"picked":"Endless Agony+1","floor":39.0},{"not_picked":["yuri:Stare+1","DochyakuKami+1","Lasso+1","theSenshi:SailorMarsAssists+1"],"picked":"SKIP","floor":40},{"not_picked":["Apotheosis","Dancing Butterflies+1","ExistenceContinue_purple+1"],"picked":"Replay:BluntJabs+1","floor":45},{"not_picked":["BatchProduction+1","ReplayTheSpireMod:Reroute Power","FlurryOfBlows+1"],"picked":"Luminous:Light_Gather+1","floor":47}],"player_experience":131173,"relics_obtained":[{"floor":1.0,"key":"Question Card"},{"floor":1.0,"key":"PrismaticShard"},{"floor":9.0,"key":"Bronze Scales"},{"floor":10.0,"key":"Molten Egg 2"},{"floor":13.0,"key":"jedi:heavyjacket"},{"floor":14.0,"key":"Regal Pillow"},{"floor":16.0,"key":"ImportantClient"},{"floor":23.0,"key":"DianPoetry"},{"floor":26.0,"key":"PreservedInsect"},{"floor":28.0,"key":"REME_ArchaeologicalTools"},{"floor":30.0,"key":"REME_PuzzleBoxRelic"},{"floor":37.0,"key":"MoreBug"},{"floor":38.0,"key":"SumBook"},{"floor":40,"key":"Anchor"},{"floor":43,"key":"Eternal Feather"}],"event_choices":[{"damage_healed":0.0,"max_hp_gain":0.0,"max_hp_loss":0.0,"gold_gain":0.0,"event_name":"Scrap Ooze","player_choice":"Success","floor":3.0,"gold_loss":0.0,"damage_taken":3.0,"relics_obtained":["SynthV:C4"]},{"damage_healed":0.0,"max_hp_gain":0.0,"max_hp_loss":0.0,"gold_gain":0.0,"event_name":"Big Fish","player_choice":"Box","floor":5.0,"gold_loss":0.0,"damage_taken":0.0,"relics_obtained":["jedi:firstaidkit"],"cards_obtained":["Regret"]},{"damage_healed":0.0,"max_hp_gain":0.0,"max_hp_loss":0.0,"gold_gain":0.0,"event_name":"Shining Light","player_choice":"Entered Light","floor":12.0,"gold_loss":0.0,"damage_taken":16.0,"cards_upgraded":["Luminous:Light_Gather","Luminous:Light_Flash_Shower"]},{"damage_healed":0.0,"max_hp_gain":0.0,"max_hp_loss":0.0,"gold_gain":0.0,"event_name":"WeMeetAgain","player_choice":"Paid Gold","floor":20.0,"gold_loss":125.0,"damage_taken":0.0,"relics_obtained":["vexMod:ConsolationPrize"]},{"cards_removed":["ExistenceContinue_purple"],"damage_healed":0.0,"max_hp_gain":0.0,"max_hp_loss":0.0,"gold_gain":0.0,"event_name":"NoteForYourself","player_choice":"Took Card","floor":31.0,"gold_loss":0.0,"damage_taken":0.0,"cards_obtained":["Iron Wave"]},{"damage_healed":0.0,"max_hp_gain":0.0,"max_hp_loss":0.0,"gold_gain":0.0,"event_name":"MindBloom","player_choice":"Fight","floor":37.0,"gold_loss":0.0,"damage_taken":0.0},{"cards_removed":["Luminous:Dark_Crescendo_Luminous"],"damage_healed":0,"gold_gain":0,"player_choice":"Removed Power","damage_taken":0,"max_hp_gain":0,"max_hp_loss":0,"event_name":"Falling","floor":48,"gold_loss":0}],"is_beta":false,"boss_relics":[{"not_picked":["Coffee Dripper","Replay:Bronze Core"],"picked":"Runic Dome"},{"not_picked":["Pandora\u0027s Box","vexMod:DeviousBotling"],"picked":"Runic Pyramid"}],"items_purged_floors":[22],"is_endless":false,"potions_floor_spawned":[11,21,23,29,39,40],"ascension_level":0}}