{"host":"r5cycnjhcbwgkpkf","time":1608329157,"event":{"mods":["2.2 Compatiblity","AchievementEnabler","BaseMod","Bestiary","Better Match","Better Note","Better Skull","Better Third Choice","BetterRewards","Colored Map","Colored Powertips","Googly Eyes","Hermit","Infinite Spire","Minty Spire (QoL Compilation)","Replay The Spire","Spicy Shops","StSLib","The Servant 0.9.4"],"gold_per_floor":[110,125,125,125,142,142,142,142,142,156,156,306,331,331,3,58,58,136,136,147,147,67,84,5,5,17,79,79,93,93,108,108],"floor_reached":31,"playtime":1181,"items_purged":["Doubt"],"score":585,"play_id":"72a2f171-5fa9-4964-8d54-c70ade2bfb82","local_time":"20201218140557","is_ascension_mode":true,"campfire_choices":[{"floor":6.0,"key":"REST"},{"data":"Apotheosis","floor":9.0,"key":"SMITH"},{"floor":17.0,"key":"REST"},{"floor":25.0,"key":"REST"}],"circlet_count":0,"master_deck":["AscendersBane","Strike_R","Strike_R","Strike_R","Strike_R","Strike_R","Defend_R","Defend_R","Defend_R","Defend_R","Bash","Spot Weakness","Evolve+1","Decay","Metallicize","Iron Wave","Apotheosis+1","Headbutt","Inflame","Infernal Blade","Immolate","Rampage","Reckless Charge","Intimidate+1","Rage"],"relics":["Burning Blood","Replay:WaspNest","Sling","ReplayTheSpireMod:Ring of Collecting","Thread and Needle","ReplayTheSpireMod:Ring of Challenge","Anchor","Membership Card","Replay:Baseball","Electric Blood","Charon\u0027s Ashes","infinitespire:BottledMercury"],"acts_visited":["Exordium","TheCity"],"potions_floor_usage":[],"damage_taken":[{"damage":10.0,"enemies":"2 Louse","floor":1.0,"turns":3.0},{"damage":7.0,"enemies":"Small Slimes","floor":2.0,"turns":5.0},{"damage":5.0,"enemies":"Cultist","floor":5.0,"turns":4.0},{"damage":36.0,"enemies":"Exordium Thugs","floor":10.0,"turns":5.0},{"damage":15.0,"enemies":"Looter","floor":16.0,"turns":4.0},{"damage":34.0,"enemies":"Slime Boss","floor":18.0,"turns":5.0},{"damage":6.0,"enemies":"Spheric Guardian","floor":20.0,"turns":3.0},{"damage":16.0,"enemies":"2 Thieves","floor":23.0,"turns":3.0},{"damage":22.0,"enemies":"Centurion and Healer","floor":26.0,"turns":3.0},{"damage":38.0,"enemies":"Snecko","floor":27.0,"turns":4.0},{"damage":6.0,"enemies":"Chosen and Byrds","floor":29.0,"turns":4.0},{"damage":53,"enemies":"Replay:Snechameleon","floor":31,"turns":3}],"seed_played":"3321540034557401270","potions_obtained":[{"floor":10.0,"key":"EssenceOfSteel"},{"floor":16.0,"key":"Energy Potion"},{"floor":18.0,"key":"Adrenaline Potion"},{"floor":26.0,"key":"BloodPotion"}],"is_trial":false,"path_per_floor":["M","M","?","?","M","R","PTL","PTL","R","M","T","?","T","?","$","M","R","B",null,"M","?","?","M","$","R","M","M","T","M","?","E"],"character_chosen":"IRONCLAD","items_purchased":["Spot Weakness","Evolve+1","Replay:WaspNest","Sling","Membership Card","Replay:Baseball","Inflame","Charon\u0027s Ashes"],"campfire_rested":3,"item_purchase_floors":[0,0,0,0,15,15,15,24],"current_hp_per_floor":[50,49,49,49,50,72,72,72,72,42,42,42,42,44,44,35,57,29,64,64,64,64,54,54,75,59,42,42,42,42,0,0],"gold":108,"neow_bonus":"","is_daily":false,"chose_seed":false,"campfire_upgraded":1,"win_rate":0.0,"timestamp":1608329157,"path_taken":["M","M","?","?","M","R","PTL","PTL","R","M","T","?","?","?","$","?","R","BOSS","M","?","?","M","$","R","M","M","T","M","?","E"],"items_purchased_type":["Card","Card","Relic","Relic","Relic","Relic","Card","Relic"],"build_version":"2020-12-13","purchased_purges":1,"victory":false,"max_hp_per_floor":[75,75,75,75,75,75,75,75,75,75,75,75,75,75,75,75,75,75,75,75,75,75,75,75,75,75,75,75,75,75,75,75],"card_choices":[{"not_picked":["True Grit","Pommel Strike"],"picked":"Metallicize","floor":1.0},{"not_picked":["Second Wind","Body Slam"],"picked":"Iron Wave","floor":2.0},{"not_picked":["Sword Boomerang","Twin Strike"],"picked":"Headbutt","floor":5.0},{"not_picked":["True Grit","Carnage","infinitespire:OneForAll"],"picked":"SKIP","floor":10.0},{"not_picked":["Warcry","Cleave"],"picked":"Infernal Blade","floor":16.0},{"not_picked":["Offering","Barricade"],"picked":"Immolate","floor":18.0},{"not_picked":["infinitespire:OneForAll","Twin Strike+1"],"picked":"Rampage","floor":20.0},{"not_picked":["Dark Embrace","Twin Strike"],"picked":"Intimidate+1","floor":23.0},{"not_picked":["True Grit","Clothesline","Anger"],"picked":"SKIP","floor":26.0},{"not_picked":["Combust","Body Slam"],"picked":"Rage","floor":27.0},{"not_picked":["Twin Strike+1","Perfected Strike","Anger+1"],"picked":"SKIP","floor":29.0}],"player_experience":399147,"relics_obtained":[{"floor":4.0,"key":"ReplayTheSpireMod:Ring of Collecting"},{"floor":11.0,"key":"Thread and Needle"},{"floor":13.0,"key":"ReplayTheSpireMod:Ring of Challenge"},{"floor":13.0,"key":"Anchor"},{"floor":28.0,"key":"infinitespire:BottledMercury"}],"event_choices":[{"damage_healed":49.0,"max_hp_gain":0.0,"max_hp_loss":75.0,"gold_gain":0.0,"event_name":"betterThird:BetterShining","player_choice":"Embrace","floor":3.0,"gold_loss":0.0,"damage_taken":0.0},{"damage_healed":0.0,"max_hp_gain":0.0,"max_hp_loss":0.0,"gold_gain":150.0,"event_name":"betterThird:BetterSerpent","player_choice":"AGREE","floor":12.0,"gold_loss":0.0,"damage_taken":156.0},{"damage_healed":2.0,"max_hp_gain":0.0,"max_hp_loss":0.0,"gold_gain":0.0,"event_name":"betterSkull:BetterSkull","player_choice":"LEAVE ","floor":14.0,"gold_loss":0.0,"damage_taken":0.0,"cards_upgraded":[],"relics_obtained":[]},{"damage_healed":0.0,"max_hp_gain":0.0,"max_hp_loss":0.0,"gold_gain":0.0,"event_name":"The Library","player_choice":"Read","floor":21.0,"gold_loss":0.0,"damage_taken":0.0,"cards_obtained":["Reckless Charge"]},{"damage_healed":0,"gold_gain":0,"player_choice":"Ignored","damage_taken":0,"max_hp_gain":0,"max_hp_loss":0,"event_name":"The Mausoleum","floor":30,"gold_loss":0}],"is_beta":false,"boss_relics":[{"not_picked":["Replay:Bronze Core","Abe\u0027s Treasure"],"picked":"Electric Blood"}],"items_purged_floors":[15],"is_endless":false,"potions_floor_spawned":[10,16,18,26],"killed_by":"Replay:Snechameleon","ascension_level":16}}