{"host":"esx1hwjnbftf3eqj","time":1608313329,"event":{"mods":["BaseMod","Colored Map","Minty Spire (QoL Compilation)","StSLib"],"gold_per_floor":[119,136,211,211,211,211,240,240,240,240,240,266,329,353,365,475,487,519,542,228,228,6,37,48,79,79,79,92,92,92,108,108,212,212,231,244,244,50,69,69,102,102,102,128,142,142,142,161,161,161,161],"floor_reached":50,"playtime":4423,"items_purged":["Strike_R","Strike_R","Corruption"],"score":685,"play_id":"c7253b5d-7633-44d6-975c-7ed8c27a617e","local_time":"20201218094209","is_ascension_mode":true,"campfire_choices":[{"data":"Armaments","floor":6,"key":"SMITH"},{"data":"Carnage","floor":8,"key":"SMITH"},{"data":"True Grit","floor":10,"key":"SMITH"},{"data":"Bash","floor":15,"key":"SMITH"},{"data":"Armaments","floor":27,"key":"SMITH"},{"data":"Armaments","floor":29,"key":"SMITH"},{"data":"Searing Blow+2","floor":32,"key":"SMITH"},{"data":"Double Tap","floor":40,"key":"SMITH"},{"data":"Searing Blow+1","floor":42,"key":"SMITH"},{"data":"Searing Blow+2","floor":46,"key":"SMITH"},{"floor":49,"key":"REST"}],"circlet_count":0,"master_deck":["Strike_R+1","Defend_R","Defend_R","Defend_R","Bash+1","True Grit+1","Armaments+1","Carnage+1","Immolate+1","Whirlwind+1","Pommel Strike+1","Bludgeon+1","Clothesline+1","Searing Blow+3","Combust","Mayhem","Armaments+1","Searing Blow+3","Armaments+1","Shrug It Off+1","Headbutt+1","Disarm","Berserk","Clash+1","Double Tap+1","Uppercut+1","Dual Wield+1","Flame Barrier+1","Entrench","Battle Trance+1"],"relics":["Burning Blood","TungstenRod","Letter Opener","Tiny Chest","HornCleat","Molten Egg 2","MawBank","Sozu","Kunai","Bottled Lightning","StrikeDummy","Whetstone","Velvet Choker","PreservedInsect","Ornamental Fan","Anchor"],"acts_visited":["Exordium","TheCity","TheBeyond"],"potions_floor_usage":[23,33,33],"damage_taken":[{"damage":2,"enemies":"Jaw Worm","floor":1,"turns":4},{"damage":4,"enemies":"Small Slimes","floor":2,"turns":4},{"damage":20,"enemies":"Lagavulin","floor":7,"turns":10},{"damage":1,"enemies":"Gremlin Nob","floor":12,"turns":3},{"damage":6,"enemies":"Gremlin Nob","floor":13,"turns":4},{"damage":0,"enemies":"2 Louse","floor":14,"turns":1},{"damage":34,"enemies":"The Guardian","floor":16,"turns":10},{"damage":0,"enemies":"Chosen","floor":18,"turns":3},{"damage":0,"enemies":"Spheric Guardian","floor":19,"turns":3},{"damage":30,"enemies":"Slavers","floor":23,"turns":6},{"damage":17,"enemies":"Centurion and Healer","floor":24,"turns":4},{"damage":21,"enemies":"Book of Stabbing","floor":25,"turns":6},{"damage":0,"enemies":"3 Cultists","floor":28,"turns":4},{"damage":5,"enemies":"Cultist and Chosen","floor":31,"turns":3},{"damage":25,"enemies":"Automaton","floor":33,"turns":8},{"damage":0,"enemies":"3 Darklings","floor":35,"turns":2},{"damage":1,"enemies":"Orb Walker","floor":36,"turns":3},{"damage":7,"enemies":"Spire Growth","floor":39,"turns":3},{"damage":60,"enemies":"Reptomancer","floor":41,"turns":5},{"damage":0,"enemies":"Nemesis","floor":44,"turns":3},{"damage":6,"enemies":"4 Shapes","floor":45,"turns":3},{"damage":19,"enemies":"Writhing Mass","floor":48,"turns":3},{"damage":42,"enemies":"Donu and Deca","floor":50,"turns":4}],"seed_played":"-2672958272318948396","potions_obtained":[{"floor":1,"key":"Dexterity Potion"},{"floor":13,"key":"SpeedPotion"},{"floor":16,"key":"SpeedPotion"}],"is_trial":false,"path_per_floor":["M","M","?","?","?","R","E","R","T","R","?","E","?","M","R","B",null,"M","M","$","T","$","E","M","E","T","R","M","R","?","M","R","B",null,"M","M","?","$","M","R","E","R","T","E","M","R","T","M","R","B"],"character_chosen":"IRONCLAD","items_purchased":["Combust","Mayhem","Armaments","Searing Blow+1","Double Tap"],"campfire_rested":1,"item_purchase_floors":[20,20,22,22,38],"current_hp_per_floor":[60,62,52,38,64,64,50,50,50,50,44,49,49,55,55,27,80,80,80,80,80,80,56,45,30,30,30,36,36,36,37,37,18,80,80,80,80,80,79,79,25,25,25,31,31,31,31,18,42,0,0],"gold":161,"neow_bonus":"ONE_RARE_RELIC","is_daily":false,"chose_seed":false,"campfire_upgraded":10,"win_rate":0.0,"timestamp":1608313329,"path_taken":["M","M","?","?","?","R","E","R","T","R","?","E","?","?","R","BOSS","M","M","$","?","$","E","M","E","T","R","M","R","?","M","R","BOSS","M","M","?","$","M","R","E","R","T","E","?","R","?","M","R","BOSS"],"items_purchased_type":["Card","Card","Card","Card","Card"],"build_version":"2020-12-13","purchased_purges":3,"victory":false,"max_hp_per_floor":[80,80,80,80,80,80,80,80,80,80,80,80,80,80,80,80,80,80,80,80,80,80,80,80,80,80,80,80,80,80,80,80,80,80,80,80,80,80,80,80,80,80,80,80,80,80,80,80,80,80,80],"card_choices":[{"not_picked":["Blood for Blood","Twin Strike"],"picked":"True Grit","floor":1},{"not_picked":["Seeing Red","True Grit"],"picked":"Armaments","floor":2},{"not_picked":["Clothesline","Ghostly Armor"],"picked":"Carnage","floor":7},{"not_picked":["Warcry","Iron Wave+1"],"picked":"Immolate+1","floor":12},{"not_picked":["Burning Pact","Twin Strike+1"],"picked":"Whirlwind+1","floor":13},{"not_picked":["Perfected Strike+1","Flex"],"picked":"Pommel Strike+1","floor":14},{"not_picked":["Offering","Exhume"],"picked":"Bludgeon+1","floor":16},{"not_picked":["Hemokinesis+1","Whirlwind+1"],"picked":"Clothesline+1","floor":18},{"not_picked":["True Grit","Twin Strike+1"],"picked":"Searing Blow+1","floor":19},{"not_picked":["Heavy Blade+1","Hemokinesis+1"],"picked":"Armaments","floor":23},{"not_picked":["Thunderclap+1","Burning Pact"],"picked":"Shrug It Off+1","floor":24},{"not_picked":["Dropkick+1","Flex","Sentinel"],"picked":"SKIP","floor":25},{"not_picked":["Perfected Strike+1","Sword Boomerang+1","Reckless Charge+1"],"picked":"SKIP","floor":28},{"not_picked":["Bloodletting","Feel No Pain"],"picked":"Disarm","floor":31},{"not_picked":["Fiend Fire+1","Exhume"],"picked":"Berserk","floor":33},{"not_picked":["Seeing Red+1","Twin Strike+1"],"picked":"Clash+1","floor":35},{"not_picked":["Thunderclap+1","Pommel Strike+1","Heavy Blade+1"],"picked":"SKIP","floor":36},{"not_picked":["Rupture","Clash+1"],"picked":"Uppercut+1","floor":39},{"not_picked":["Pommel Strike+1","Wild Strike+1"],"picked":"Dual Wield+1","floor":41},{"not_picked":["Clash+1","Power Through"],"picked":"Flame Barrier+1","floor":44},{"not_picked":["Wild Strike+1","Twin Strike+1"],"picked":"Entrench","floor":45},{"not_picked":["Ghostly Armor","Twin Strike+1"],"picked":"Battle Trance+1","floor":48}],"player_experience":445931,"relics_obtained":[{"floor":7,"key":"Tiny Chest"},{"floor":9,"key":"HornCleat"},{"floor":12,"key":"Molten Egg 2"},{"floor":13,"key":"MawBank"},{"floor":21,"key":"Kunai"},{"floor":23,"key":"Bottled Lightning"},{"floor":25,"key":"StrikeDummy"},{"floor":26,"key":"Whetstone"},{"floor":41,"key":"PreservedInsect"},{"floor":43,"key":"Ornamental Fan"},{"floor":44,"key":"Anchor"}],"event_choices":[{"damage_healed":0,"gold_gain":75,"player_choice":"Gather Gold","damage_taken":11,"max_hp_gain":0,"max_hp_loss":0,"event_name":"World of Goop","floor":3,"gold_loss":0},{"damage_healed":0,"gold_gain":0,"player_choice":"Success","damage_taken":18,"relics_obtained":["Letter Opener"],"max_hp_gain":0,"max_hp_loss":0,"event_name":"Scrap Ooze","floor":4,"gold_loss":0},{"damage_healed":26,"gold_gain":0,"player_choice":"Banana","damage_taken":0,"max_hp_gain":0,"max_hp_loss":0,"event_name":"Big Fish","floor":5,"gold_loss":0},{"cards_removed":["Strike_R"],"damage_healed":0,"gold_gain":0,"player_choice":"Card Removal","damage_taken":7,"max_hp_gain":0,"max_hp_loss":0,"event_name":"Golden Wing","floor":11,"gold_loss":0},{"damage_healed":0,"gold_gain":30,"player_choice":"Searched \u00272\u0027 times","damage_taken":0,"max_hp_gain":0,"max_hp_loss":0,"event_name":"Dead Adventurer","floor":13,"gold_loss":0},{"damage_healed":0,"gold_gain":0,"cards_transformed":["Strike_R","Defend_R"],"player_choice":"Became Test Subject","damage_taken":0,"max_hp_gain":0,"max_hp_loss":0,"event_name":"Drug Dealer","floor":30,"gold_loss":0,"cards_obtained":["Corruption","Headbutt"]},{"damage_healed":0,"gold_gain":0,"player_choice":"Bought 0 Potions","damage_taken":0,"max_hp_gain":0,"max_hp_loss":0,"event_name":"The Woman in Blue","floor":37,"gold_loss":0}],"is_beta":false,"boss_relics":[{"not_picked":["Runic Cube","SlaversCollar"],"picked":"Sozu"},{"not_picked":["Philosopher\u0027s Stone","Fusion Hammer"],"picked":"Velvet Choker"}],"items_purged_floors":[20,22,38],"is_endless":false,"potions_floor_spawned":[1,13,16,18,19,28,33,35,36,48],"killed_by":"Donu and Deca","ascension_level":4}}