{"host":"ih7ofq2zpufcoifs","time":1608249946,"event":{"mods":["BaseMod","Colored Map","Minty Spire (QoL Compilation)"],"gold_per_floor":[119,119,44,60,78,103,103,130,184,184,184,212,231,260,260,334,334,349,362,1,19,31,31,31,51,104,104,104,104,123,156,156,232,232,248,261,261,261,276,276,303,303,351,363,391,391,172,191,191,191,191,191,24,52,52],"floor_reached":56,"playtime":4914,"items_purged":["MasterReality","SignatureMove","Pain"],"score":2129,"play_id":"456fa00f-65a3-4f2c-95f1-954fc2383f49","local_time":"20201218100546","is_ascension_mode":true,"campfire_choices":[{"floor":7.0,"key":"REST"},{"data":"CarveReality","floor":11.0,"key":"SMITH"},{"data":"Wallop","floor":15.0,"key":"SMITH"},{"floor":23.0,"key":"REST"},{"data":"Devotion","floor":27.0,"key":"SMITH"},{"floor":29.0,"key":"REST"},{"data":"Prostrate","floor":32.0,"key":"SMITH"},{"floor":40.0,"key":"REST"},{"floor":42.0,"key":"RECALL"},{"data":"Meditate","floor":49.0,"key":"SMITH"},{"floor":52.0,"key":"REST"}],"circlet_count":0,"master_deck":["AscendersBane","Vigilance+1","BowlingBash","Alpha+1","Sanctity","Protect","Worship","SpiritShield","Alpha+1","CarveReality+1","CutThroughFate+1","Wallop+1","LessonLearned+1","CurseOfTheBell","Prostrate+1","Tantrum","Brilliance+1","ThirdEye+1","Worship","Prostrate+1","InnerPeace+1","Prostrate+1","Devotion+1","Devotion+1","Prostrate+1","Scrawl","TalkToTheHand","Protect+1","SashWhip+1","CutThroughFate+1","Evaluate+1","Ragnarok+1","Wallop+1","Impatience","Meditate+1","Wallop+1","CrushJoints+1","WaveOfTheHand","CrushJoints+1"],"relics":["Pandora\u0027s Box","Gremlin Horn","Akabeko","Odd Mushroom","Vajra","Letter Opener","Anchor","Calling Bell","Tiny Chest","Pear","Prayer Wheel","Membership Card","Dream Catcher","Toy Ornithopter","Damaru","Sozu","Blue Candle","Molten Egg 2","Ancient Tea Set","InkBottle","WarpedTongs","Regal Pillow","Ice Cream","Incense Burner"],"acts_visited":["Exordium","TheCity","TheBeyond","TheEnding"],"potions_floor_usage":[55],"damage_taken":[{"damage":0.0,"enemies":"Cultist","floor":1.0,"turns":4.0},{"damage":4.0,"enemies":"Jaw Worm","floor":4.0,"turns":6.0},{"damage":0.0,"enemies":"Small Slimes","floor":5.0,"turns":2.0},{"damage":20.0,"enemies":"3 Sentries","floor":6.0,"turns":3.0},{"damage":6.0,"enemies":"The Mushroom Lair","floor":8.0,"turns":4.0},{"damage":0.0,"enemies":"Lagavulin","floor":12.0,"turns":5.0},{"damage":0.0,"enemies":"2 Fungi Beasts","floor":13.0,"turns":2.0},{"damage":2.0,"enemies":"3 Sentries","floor":14.0,"turns":4.0},{"damage":0.0,"enemies":"Slime Boss","floor":16.0,"turns":5.0},{"damage":14.0,"enemies":"Shell Parasite","floor":18.0,"turns":6.0},{"damage":14.0,"enemies":"3 Byrds","floor":19.0,"turns":4.0},{"damage":0.0,"enemies":"Centurion and Healer","floor":21.0,"turns":3.0},{"damage":6.0,"enemies":"Snecko","floor":22.0,"turns":6.0},{"damage":10.0,"enemies":"Snake Plant","floor":25.0,"turns":4.0},{"damage":2.0,"enemies":"Cultist and Chosen","floor":30.0,"turns":3.0},{"damage":29.0,"enemies":"Gremlin Leader","floor":31.0,"turns":5.0},{"damage":12.0,"enemies":"Automaton","floor":33.0,"turns":5.0},{"damage":0.0,"enemies":"Orb Walker","floor":35.0,"turns":1.0},{"damage":11.0,"enemies":"3 Darklings","floor":36.0,"turns":3.0},{"damage":17.0,"enemies":"Spire Growth","floor":39.0,"turns":3.0},{"damage":4.0,"enemies":"Reptomancer","floor":41.0,"turns":3.0},{"damage":4.0,"enemies":"Sphere and 2 Shapes","floor":44.0,"turns":4.0},{"damage":1.0,"enemies":"Nemesis","floor":45.0,"turns":3.0},{"damage":0.0,"enemies":"3 Darklings","floor":48.0,"turns":2.0},{"damage":33.0,"enemies":"Awakened One","floor":50.0,"turns":10.0},{"damage":0.0,"enemies":"Shield and Spear","floor":54.0,"turns":7.0},{"damage":39,"enemies":"The Heart","floor":55,"turns":8}],"seed_played":"6018294703633120612","potions_obtained":[{"floor":8.0,"key":"Ambrosia"},{"floor":13.0,"key":"Dexterity Potion"},{"floor":14.0,"key":"DuplicationPotion"},{"floor":16.0,"key":"Strength Potion"},{"floor":22.0,"key":"SkillPotion"},{"floor":33.0,"key":"AttackPotion"}],"is_trial":false,"path_per_floor":["M","T","$","M","M","E","R","?","T","?","R","E","M","E","R","B",null,"M","M","$","M","M","R","?","M","T","R","?","R","M","E","R","B",null,"M","M","T","?","M","R","E","R","T","M","E","?","$","M","R","B",null,"R","$","E","B",null],"character_chosen":"WATCHER","items_purchased":["Membership Card","Brilliance","Dream Catcher","ThirdEye","Wallop+1","Impatience","Regal Pillow","Ice Cream","WaveOfTheHand"],"campfire_rested":5,"item_purchase_floors":[20,20,20,20,47,47,47,53,53],"current_hp_per_floor":[61,61,61,57,57,37,57,51,51,51,51,51,51,49,49,49,73,59,45,45,45,39,62,62,52,52,52,52,75,73,44,44,32,67,67,56,56,56,39,62,58,58,58,54,58,58,58,58,58,25,65,78,78,78,42],"gold":52,"neow_bonus":"BOSS_RELIC","is_daily":false,"chose_seed":false,"campfire_upgraded":5,"win_rate":0.0,"timestamp":1608249946,"path_taken":["M","?","$","M","?","E","R","?","T","?","R","E","M","E","R","BOSS","M","M","$","M","M","R","?","M","T","R","?","R","?","E","R","BOSS","M","M","?","?","M","R","E","R","T","?","E","?","$","M","R","BOSS","R","$","E","BOSS"],"items_purchased_type":["Relic","Card","Relic","Card","Card","Card","Relic","Relic","Card"],"build_version":"2020-12-13","purchased_purges":3,"victory":true,"max_hp_per_floor":[68,68,68,68,68,68,68,68,68,68,68,68,68,68,68,68,78,78,78,78,78,78,78,78,78,78,78,78,78,78,78,78,78,78,78,78,78,78,78,78,78,78,78,78,78,78,78,78,78,78,78,78,78,78,78],"card_choices":[{"not_picked":["EmptyFist","Consecrate"],"picked":"CarveReality","floor":1.0},{"not_picked":["SashWhip","CrushJoints"],"picked":"CutThroughFate","floor":4.0},{"not_picked":["ThirdEye","Swivel"],"picked":"SignatureMove","floor":5.0},{"not_picked":["Pray","Perseverance"],"picked":"Wallop","floor":6.0},{"not_picked":["BowlingBash","FlurryOfBlows","Crescendo"],"picked":"SKIP","floor":12.0},{"not_picked":["Judgement","LikeWater","ClearTheMind"],"picked":"SKIP","floor":13.0},{"not_picked":["PathToVictory","FlurryOfBlows","EmptyMind"],"picked":"SKIP","floor":14.0},{"not_picked":["Devotion","DeusExMachina"],"picked":"LessonLearned","floor":16.0},{"not_picked":["Evaluate","FearNoEvil"],"picked":"Prostrate","floor":18.0},{"not_picked":["ConjureBlade","FlyingSleeves","Nirvana+1"],"picked":"SKIP","floor":18.0},{"not_picked":["FlyingSleeves","JustLucky"],"picked":"Tantrum","floor":19.0},{"not_picked":["SandsOfTime","BattleHymn","EmptyFist"],"picked":"SKIP","floor":19.0},{"not_picked":["ClearTheMind","CrushJoints"],"picked":"Worship","floor":21.0},{"not_picked":["Conclude","Halt","Study"],"picked":"SKIP","floor":21.0},{"not_picked":["EmptyBody","EmptyMind"],"picked":"Prostrate","floor":22.0},{"not_picked":["ThirdEye","ClearTheMind"],"picked":"InnerPeace+1","floor":22.0},{"not_picked":["FlurryOfBlows","Consecrate"],"picked":"Prostrate","floor":25.0},{"not_picked":["TalkToTheHand","JustLucky+1"],"picked":"Devotion","floor":25.0},{"not_picked":["Crescendo","SashWhip"],"picked":"Prostrate","floor":30.0},{"not_picked":["EmptyBody","ClearTheMind","Crescendo"],"picked":"SKIP","floor":30.0},{"not_picked":["SandsOfTime","Conclude","CutThroughFate"],"picked":"SKIP","floor":31.0},{"not_picked":["Wish","Ragnarok"],"picked":"Scrawl","floor":33.0},{"not_picked":["ThirdEye","EmptyMind"],"picked":"TalkToTheHand","floor":35.0},{"not_picked":["EmptyFist","FlyingSleeves"],"picked":"Protect+1","floor":35.0},{"not_picked":["Halt","FlyingSleeves"],"picked":"SashWhip+1","floor":36.0},{"not_picked":["Alpha","ReachHeaven"],"picked":"CutThroughFate+1","floor":36.0},{"not_picked":["CrushJoints","Tantrum+1","EmptyBody"],"picked":"SKIP","floor":39.0},{"not_picked":["Nirvana","SashWhip","Consecrate"],"picked":"SKIP","floor":39.0},{"not_picked":["EmptyFist+1","FlyingSleeves+1"],"picked":"Evaluate+1","floor":41.0},{"not_picked":["FlurryOfBlows+1","Alpha","EmptyMind"],"picked":"SKIP","floor":44.0},{"not_picked":["LikeWater","Halt+1","Crescendo+1"],"picked":"SKIP","floor":44.0},{"not_picked":["SignatureMove+1","Crescendo"],"picked":"Ragnarok+1","floor":45.0},{"not_picked":["Protect","JustLucky+1"],"picked":"Meditate","floor":48.0},{"not_picked":["CutThroughFate+1","WheelKick+1"],"picked":"Wallop+1","floor":48.0},{"not_picked":["Consecrate+1","WreathOfFlame"],"picked":"CrushJoints+1","floor":52.0},{"not_picked":["WreathOfFlame","FollowUp+1"],"picked":"CrushJoints+1","floor":54.0}],"player_experience":396326,"relics_obtained":[{"floor":2.0,"key":"Gremlin Horn"},{"floor":6.0,"key":"Akabeko"},{"floor":8.0,"key":"Odd Mushroom"},{"floor":9.0,"key":"Vajra"},{"floor":12.0,"key":"Letter Opener"},{"floor":14.0,"key":"Anchor"},{"floor":17.0,"key":"Tiny Chest"},{"floor":17.0,"key":"Pear"},{"floor":17.0,"key":"Prayer Wheel"},{"floor":26.0,"key":"Toy Ornithopter"},{"floor":31.0,"key":"Damaru"},{"floor":38.0,"key":"Blue Candle"},{"floor":41.0,"key":"Molten Egg 2"},{"floor":43.0,"key":"Ancient Tea Set"},{"floor":45.0,"key":"InkBottle"},{"floor":54.0,"key":"Incense Burner"}],"event_choices":[{"damage_healed":0.0,"max_hp_gain":0.0,"max_hp_loss":0.0,"gold_gain":0.0,"event_name":"Mushrooms","player_choice":"Fought Mushrooms","floor":8.0,"gold_loss":0.0,"damage_taken":0.0},{"damage_healed":0.0,"max_hp_gain":0.0,"max_hp_loss":0.0,"gold_gain":0.0,"event_name":"Liars Game","player_choice":"Ignored","floor":10.0,"gold_loss":0.0,"damage_taken":0.0},{"cards_removed":["Eruption"],"damage_healed":0.0,"max_hp_gain":0.0,"max_hp_loss":0.0,"gold_gain":0.0,"event_name":"Back to Basics","player_choice":"Elegance","floor":24.0,"gold_loss":0.0,"damage_taken":0.0},{"damage_healed":0.0,"max_hp_gain":0.0,"max_hp_loss":0.0,"gold_gain":0.0,"event_name":"Duplicator","player_choice":"Copied","floor":28.0,"gold_loss":0.0,"damage_taken":0.0,"cards_obtained":["Devotion"]},{"damage_healed":0.0,"max_hp_gain":0.0,"max_hp_loss":0.0,"gold_gain":0.0,"event_name":"Wheel of Change","player_choice":"Relic","floor":38.0,"gold_loss":0.0,"damage_taken":0.0},{"damage_healed":0.0,"max_hp_gain":0.0,"max_hp_loss":0.0,"gold_gain":0.0,"event_name":"Accursed Blacksmith","player_choice":"Rummage","floor":46.0,"gold_loss":0.0,"damage_taken":0.0,"relics_obtained":["WarpedTongs"],"cards_obtained":["Pain"]}],"is_beta":false,"boss_relics":[{"not_picked":["Tiny House","Empty Cage"],"picked":"Calling Bell"},{"not_picked":["Busted Crown","Philosopher\u0027s Stone"],"picked":"Sozu"}],"items_purged_floors":[3,20,47],"is_endless":false,"potions_floor_spawned":[8,13,14,16,22,33,39,41,44],"ascension_level":15}}