{"host":"hvwa7s69zr612rn1","time":1608271259,"event":{"mods":["BaseMod","Colored Map","Colored Powertips","Downfall","Minty Spire (QoL Compilation)","StSLib"],"gold_per_floor":[0,12,32,52,66,216,216,245,262,262,18,32,32,61,80,80,80],"floor_reached":16,"playtime":1210,"items_purged":["Slimebound:Icky"],"score":104,"play_id":"36457f80-6483-4dce-88ba-04285dd514c0","local_time":"20201218170059","is_ascension_mode":false,"campfire_choices":[{"data":"Apotheosis","floor":1,"key":"SMITH"},{"data":"champ:IronFortress","floor":10,"key":"SMITH"}],"circlet_count":0,"master_deck":["champ:Strike","champ:Strike","champ:Strike","champ:Defend","champ:Defend","champ:Defend","champ:Defend","champ:Execute","champ:Taunt","Apotheosis+1","champ:ArenaPreparation","champ:FlashCut","champ:IronFortress+1","champ:HeavySlash","champ:ViciousMockery","champ:PreciseThrust","champ:ShieldWall","champ:SkillfulDodge"],"relics":["champ:ChampionCrown","Boot","Bottled Tornado","champ:DefensiveTrainingManual","Odd Mushroom"],"acts_visited":["Exordium"],"potions_floor_usage":[9,14,14,16],"damage_taken":[{"damage":12,"enemies":"Small Slimes","floor":2,"turns":4},{"damage":5,"enemies":"2 Louse","floor":3,"turns":3},{"damage":5,"enemies":"Jaw Worm","floor":4,"turns":2},{"damage":10,"enemies":"Lots of Slimes","floor":5,"turns":7},{"damage":43,"enemies":"3 Sentries","floor":8,"turns":7},{"damage":18,"enemies":"Gremlin Gang","floor":9,"turns":5},{"damage":10,"enemies":"downfall:FleeingMerchant","floor":11,"turns":4},{"damage":23,"enemies":"Red Slaver","floor":12,"turns":4},{"damage":10,"enemies":"The Mushroom Lair","floor":14,"turns":5},{"damage":15,"enemies":"2 Fungi Beasts","floor":15,"turns":4},{"damage":19,"enemies":"downfall:Silent","floor":16,"turns":4}],"seed_played":"6412428641631788225","potions_obtained":[{"floor":8,"key":"Energy Potion"},{"floor":9,"key":"SkillPotion"},{"floor":12,"key":"Block Potion"},{"floor":14,"key":"AttackPotion"}],"is_trial":false,"path_per_floor":["R","M","M","M","M","?","T","E","M","R","$","M","?","?","M","B"],"character_chosen":"THE_CHAMP","items_purchased":["champ:DefensiveTrainingManual"],"campfire_rested":0,"item_purchase_floors":[11],"current_hp_per_floor":[90,83,78,78,78,78,78,50,42,42,42,29,29,24,19,0,0],"gold":80,"neow_bonus":"RANDOM_COLORLESS_2","is_daily":false,"chose_seed":false,"campfire_upgraded":2,"win_rate":0.0,"timestamp":1608271259,"path_taken":["R","M","M","M","M","?","T","E","M","R","$","M","?","?","M","BOSS"],"items_purchased_type":["Relic"],"build_version":"2020-12-13","purchased_purges":1,"victory":false,"max_hp_per_floor":[90,90,90,90,90,90,90,90,90,90,90,90,90,90,90,90,90],"card_choices":[{"not_picked":["Sadistic Nature","Panache"],"picked":"Apotheosis","floor":0},{"not_picked":["champ:EnragedBash","champ:CrookedStrike"],"picked":"champ:ArenaPreparation","floor":2},{"not_picked":["champ:StanceDance","champ:DefensiveShout","champ:BladeFlurry"],"picked":"SKIP","floor":3},{"not_picked":["champ:BringItOn","champ:BerserkersShout"],"picked":"champ:FlashCut","floor":4},{"not_picked":["champ:StanceDance","champ:CrookedStrike"],"picked":"champ:IronFortress","floor":5},{"not_picked":["champ:Shatter","champ:FocusedBerserking"],"picked":"champ:HeavySlash","floor":8},{"not_picked":["champ:CrookedStrike","champ:GladiatorsShout"],"picked":"champ:ViciousMockery","floor":9},{"not_picked":["champ:Haymaker","champ:CrookedStrike"],"picked":"champ:PreciseThrust","floor":11},{"not_picked":["champ:FanOfKnives","champ:BerserkersShout"],"picked":"champ:ShieldWall","floor":12},{"not_picked":["champ:HeartStrike","champ:DefensiveShout"],"picked":"champ:SkillfulDodge","floor":14},{"not_picked":["champ:Backstep","champ:PerfectedStrike","champ:FanOfKnives"],"picked":"SKIP","floor":15}],"player_experience":376883,"relics_obtained":[{"floor":7,"key":"Boot"},{"floor":8,"key":"Bottled Tornado"},{"floor":14,"key":"Odd Mushroom"}],"event_choices":[{"cards_removed":["champ:Strike"],"damage_healed":0,"gold_gain":0,"player_choice":"Forget","damage_taken":0,"max_hp_gain":0,"max_hp_loss":0,"event_name":"Living Wall","floor":13,"gold_loss":0},{"damage_healed":0,"gold_gain":0,"player_choice":"Fought Mushrooms","damage_taken":0,"max_hp_gain":0,"max_hp_loss":0,"event_name":"Mushrooms","floor":14,"gold_loss":0}],"is_beta":false,"boss_relics":[],"items_purged_floors":[11],"is_endless":false,"potions_floor_spawned":[8,9,12,14],"killed_by":"downfall:Silent","ascension_level":0}}