{"host":"ocy7z4248lncoz2b","time":1608277488,"event":{"mods":["BaseMod","Beaked The Cultist","Better Match","Better Sensory Stone","Better Third Choice","BetterRewards","Clockwork Mod","Colored Powertips","Conspire","Downfall","Friendly Minions","Highlight Path","Hubris","Infinite Spire","Marisa????????","Mimic Mod","Minty Spire (QoL Compilation)","READ ME - Guardian Mod","Replay The Spire","Shop Mod","Spicy Shops","Spikes Relics","StSLib","SuperFastMode","The Blue Laboratory","The Construct","The Jungle"],"gold_per_floor":[99,99,99,99,99,124,162,162,144,144,157,175,191,206,223,223,223],"floor_reached":16,"playtime":368,"items_purged":[],"score":149,"play_id":"e152bdf7-9487-4ab3-9a09-f33fb98331c3","local_time":"20201218164448","is_ascension_mode":true,"campfire_choices":[{"data":"Guardian:CurlUp","floor":1,"key":"SMITH"},{"data":"Guardian:TimeBomb","floor":8,"key":"SMITH"},{"data":"Guardian:BaubleBeam","floor":10,"key":"SMITH"}],"circlet_count":0,"master_deck":["Guardian:Strike_Guardian","Guardian:Strike_Guardian","Guardian:Strike_Guardian","Guardian:Strike_Guardian","Guardian:Defend_Guardian","Guardian:Defend_Guardian","Guardian:Defend_Guardian","Guardian:Defend_Guardian","Guardian:CurlUp+1","Guardian:TwinSlam","Guardian:TimeBomb+1","Guardian:PrimingBeam","Guardian:BaubleBeam+1","Guardian:Preprogram","Guardian:DonusPower","Guardian:Harden","Guardian:PrimingBeam","Guardian:Recover"],"relics":["Guardian:ModeShifter","downfall:HeartsMalice","hubris:Icosahedron","Bag of Preparation","Tiny Chest","Ancient Tea Set","Torii"],"acts_visited":["Exordium"],"potions_floor_usage":[9,16,16,16],"damage_taken":[{"damage":0,"enemies":"2 Louse","floor":5,"turns":1},{"damage":0,"enemies":"Lagavulin","floor":6,"turns":1},{"damage":0,"enemies":"Jaw Worm","floor":7,"turns":1},{"damage":14,"enemies":"Gremlin Nob","floor":9,"turns":4},{"damage":7,"enemies":"Jaw Worm","floor":11,"turns":3},{"damage":7,"enemies":"Small Slimes","floor":12,"turns":3},{"damage":20,"enemies":"Exordium Thugs","floor":13,"turns":6},{"damage":1,"enemies":"Large Slime","floor":14,"turns":6},{"damage":6,"enemies":"2 Fungi Beasts","floor":15,"turns":3},{"damage":14,"enemies":"downfall:Watcher","floor":16,"turns":5}],"seed_played":"-2577661700925938511","potions_obtained":[{"floor":6,"key":"FearPotion"},{"floor":11,"key":"Strength Potion"},{"floor":12,"key":"Languid Potion"},{"floor":14,"key":"Fire Potion"},{"floor":15,"key":"blueLaboratory:FruitPunch"}],"is_trial":false,"path_per_floor":["R","?","?","?","M","E","MIM","R","E","R","M","M","M","M","M","B"],"character_chosen":"GUARDIAN","items_purchased":[],"campfire_rested":0,"item_purchase_floors":[],"current_hp_per_floor":[80,85,85,67,67,67,67,67,53,53,46,39,19,18,12,0,0],"gold":223,"neow_bonus":"THREE_ENEMY_KILL","is_daily":false,"chose_seed":false,"campfire_upgraded":3,"win_rate":0.0,"timestamp":1608277488,"path_taken":["R","?","?","?","M","E","MIM","R","E","R","M","M","?","M","M","BOSS"],"items_purchased_type":[],"build_version":"2020-12-13","purchased_purges":0,"victory":false,"max_hp_per_floor":[80,85,85,85,85,85,85,85,85,85,85,85,85,85,85,87,87],"card_choices":[{"not_picked":["Guardian:Suspension","Guardian:MultiBeam"],"picked":"Guardian:TimeBomb","floor":5},{"not_picked":["Guardian:TemporalStrike","Guardian:PolyBeam"],"picked":"Guardian:PrimingBeam","floor":6},{"not_picked":["Guardian:EvasiveProtocol","Guardian:DecasProtection"],"picked":"Guardian:Gem_Orange","floor":7},{"not_picked":["Guardian:Reroute","Guardian:ShieldCharger"],"picked":"Guardian:BaubleBeam","floor":9},{"not_picked":["Guardian:Incinerate","Guardian:ShieldSpikes"],"picked":"Guardian:Preprogram","floor":11},{"not_picked":["Guardian:PolyBeam","Guardian:WalkerClaw"],"picked":"Guardian:DonusPower","floor":12},{"not_picked":["Guardian:PrismaticBeam","Guardian:CrystalBeam"],"picked":"Guardian:Harden","floor":13},{"not_picked":["Guardian:WalkerClaw","Guardian:TemporalShield"],"picked":"Guardian:PrimingBeam","floor":14},{"not_picked":["Guardian:Planning","Guardian:TemporalShield"],"picked":"Guardian:Recover","floor":15}],"player_experience":259946,"relics_obtained":[{"floor":6,"key":"Tiny Chest"},{"floor":7,"key":"Ancient Tea Set"},{"floor":9,"key":"Torii"}],"event_choices":[{"damage_healed":0,"gold_gain":0,"player_choice":"Donut","damage_taken":0,"max_hp_gain":5,"max_hp_loss":0,"event_name":"Big Fish","floor":2,"gold_loss":0},{"damage_healed":0,"gold_gain":0,"player_choice":"Relic ","damage_taken":18,"max_hp_gain":0,"max_hp_loss":0,"event_name":"betterThird:BetterScrap","floor":4,"gold_loss":0,"cards_obtained":["Bludgeon"]}],"is_beta":false,"boss_relics":[],"items_purged_floors":[],"is_endless":false,"potions_floor_spawned":[6,11,12,14,15],"killed_by":"downfall:Watcher","ascension_level":2}}