{"host":"4duaicl1ekzuzyk8","time":1608258310,"event":{"mods":["BaseMod","Challenge The Spire","Downfall","Minty Spire (QoL Compilation)","Quick Restart","Random Character Button","Replay The Spire","Spicy Shops","StSLib"],"gold_per_floor":[99,118,153,153,168,268,268,302,302,331,342,442,455,605,616,720,720,720,720,733,733,761,761,761],"floor_reached":23,"playtime":1552,"items_purged":[],"score":250,"play_id":"7458012d-51dc-4c3a-a485-e9248252db31","local_time":"20201218152509","is_ascension_mode":true,"campfire_choices":[{"data":"hexamod:HexaLevel","floor":1,"key":"SMITH"},{"data":"hexamod:Float","floor":4,"key":"SMITH"},{"floor":9,"key":"REST"},{"floor":18,"key":"RECALL"}],"circlet_count":0,"master_deck":["hexamod:Strike+1","hexamod:Strike","hexamod:Strike","hexamod:Strike","hexamod:Defend+1","hexamod:Defend+1","hexamod:Defend","hexamod:Defend","hexamod:Sear+1","hexamod:Float+1","hexamod:HexaLevel+1","hexamod:HauntingEcho","hexamod:TurnItUp","hexamod:FastForward","Pot Of Greed","Pot Of Greed","hexamod:StepThrough","hexamod:Hexaguard","hexamod:CatchUp","hexamod:StepThrough","hexamod:CatchUp","hexamod:TimeWarp+1","hexamod:SpectersWail","hexamod:SpectralAdrenaline+1"],"relics":["hexamod:SpiritBrand","Golden Egg","Grinning Jar","Replay:Towering Pillar of Hats","hexamod:IceCube","Nilry\u0027s Codex","Simple Rune"],"acts_visited":["Exordium","TheCity"],"potions_floor_usage":[16,23,23,23],"damage_taken":[{"damage":0,"enemies":"Cultist","floor":2,"turns":3},{"damage":12,"enemies":"Gremlin Nob","floor":3,"turns":5},{"damage":6,"enemies":"Jaw Worm","floor":5,"turns":3},{"damage":39,"enemies":"3 Sentries","floor":8,"turns":8},{"damage":26,"enemies":"Gremlin Nob","floor":10,"turns":5},{"damage":0,"enemies":"2 Louse","floor":11,"turns":3},{"damage":8,"enemies":"Exordium Thugs","floor":13,"turns":4},{"damage":2,"enemies":"Blue Slaver","floor":15,"turns":3},{"damage":21,"enemies":"downfall:Silent","floor":16,"turns":5},{"damage":14,"enemies":"Shell Parasite","floor":20,"turns":4},{"damage":15,"enemies":"Book of Stabbing","floor":22,"turns":4},{"damage":12,"enemies":"Centurion and Healer","floor":23,"turns":1}],"seed_played":"6455165250728555699","potions_obtained":[{"floor":5,"key":"SneckoOil"},{"floor":8,"key":"FairyPotion"},{"floor":10,"key":"ColorlessPotion"},{"floor":13,"key":"Fire Potion"},{"floor":16,"key":"SteroidPotion"}],"is_trial":false,"path_per_floor":["R","M","E","R","M","?","T","E","R","E","M","?","M","?","M","B",null,"R","?","M","?","E","M"],"character_chosen":"THE_SPIRIT","items_purchased":[],"campfire_rested":1,"item_purchase_floors":[],"current_hp_per_floor":[70,70,58,58,52,52,52,13,34,8,8,8,21,21,19,10,70,70,57,43,27,12,0,0],"gold":761,"neow_bonus":"ONE_RANDOM_RARE_CARD","is_daily":false,"chose_seed":false,"campfire_upgraded":2,"win_rate":0.0,"timestamp":1608258309,"path_taken":["R","M","E","R","M","?","T","E","R","E","?","?","M","?","M","BOSS","R","?","M","?","E","M"],"items_purchased_type":[],"build_version":"2020-12-13","purchased_purges":0,"victory":false,"max_hp_per_floor":[70,70,70,70,70,70,70,70,70,70,70,70,70,70,70,70,70,70,75,75,75,75,75,75],"card_choices":[{"not_picked":["hexamod:InspiringFlames","hexamod:BacktrackSmack"],"picked":"hexamod:HauntingEcho","floor":2},{"not_picked":["hexamod:SpectersWail","hexamod:SkipABeat"],"picked":"hexamod:TurnItUp","floor":3},{"not_picked":["hexamod:SwordOfDarkness","hexamod:SecondSeal"],"picked":"hexamod:FastForward","floor":5},{"not_picked":["hexamod:BurningTouch","hexamod:SearingWound"],"picked":"hexamod:StepThrough","floor":8},{"not_picked":["hexamod:Haunt","hexamod:NightmareGuise"],"picked":"hexamod:Hexaguard","floor":10},{"not_picked":["hexamod:HeatMetal","hexamod:GhostLash"],"picked":"hexamod:CatchUp","floor":11},{"not_picked":["hexamod:EtherealExpedition","hexamod:Rewind"],"picked":"hexamod:StepThrough","floor":13},{"not_picked":["hexamod:RainOfEmbers","hexamod:ShieldOfDarkness"],"picked":"hexamod:CatchUp","floor":15},{"not_picked":["hexamod:VolcanoVisage","hexamod:Toasty"],"picked":"hexamod:TimeWarp","floor":16},{"not_picked":["hexamod:PhantomCloak","hexamod:GhostLash"],"picked":"hexamod:SpectersWail","floor":20},{"not_picked":["hexamod:NightmareGuise","hexamod:GhostflameBarrier+1"],"picked":"hexamod:SpectralAdrenaline+1","floor":22}],"player_experience":529387,"relics_obtained":[{"floor":3,"key":"War Paint"},{"floor":7,"key":"Golden Egg"},{"floor":8,"key":"Grinning Jar"},{"floor":10,"key":"Replay:Towering Pillar of Hats"},{"floor":21,"key":"Nilry\u0027s Codex"},{"floor":22,"key":"Simple Rune"}],"event_choices":[{"damage_healed":0,"gold_gain":100,"player_choice":"Gold","damage_taken":0,"max_hp_gain":0,"max_hp_loss":0,"event_name":"Wheel of Change","floor":6,"gold_loss":0}],"is_beta":false,"boss_relics":[{"not_picked":["Honey Jar","Pandora\u0027s Box"],"picked":"hexamod:IceCube"}],"items_purged_floors":[],"is_endless":false,"potions_floor_spawned":[5,8,10,13,16,20],"killed_by":"Centurion and Healer","ascension_level":2}}