{"host":"kta213tp32cz47du","time":1608297970,"event":{"mods":["BaseMod","Better Altar","Better Match","Better Note","Better Sensory Stone","Better Silent Start","Better Skull","Better Third Choice","Better Vampires","Colored Map","Colored Powertips","Conspire","Curses Come First","Displayed Cursed Tome","Downfall","Hubris","Infinite Spire","Marisa????????","Minty Spire (QoL Compilation)","Rare Cards Sparkle","Replay The Spire","Shade Mod","Shop Mod","Spikes Relics","StSLib","The Animator","The Blue Laboratory","The Bug Knight","The Cursed","The Servant 0.9.4","vexMod"],"gold_per_floor":[214,214,224,194,205,205,233,248,297,297,55,73,73,85,85,187,187,201,215,227,227,227,227,254,254,254,274,284,317,336,536,536,638,638,638],"floor_reached":34,"playtime":6554,"items_purged":["Strike_R"],"score":444,"play_id":"97969426-3396-4905-883c-33d397fb6d0c","local_time":"20201218132610","is_ascension_mode":false,"campfire_choices":[{"data":"Pommel Strike","floor":6.0,"key":"SMITH"},{"data":"Cleave","floor":10.0,"key":"SMITH"},{"data":"Apotheosis","floor":23,"key":"SMITH"},{"data":"Barricade","floor":25,"key":"SMITH"},{"data":"Demon Form","floor":32,"key":"SMITH"}],"circlet_count":0,"master_deck":["Strike_R","Strike_R","Strike_R","Defend_R","Defend_R","Defend_R","Bash","Pommel Strike+1","Ghostly Armor","Cleave+1","Shrug It Off","Spot Weakness","Hemokinesis","Barricade+1","Inflame","ReplayTheSpireMod:Stacked+1","Replay:Many Hands","Battle Trance","Thunderclap+1","Spot Weakness","Apotheosis+1","Replay:SS_fish_2","Replay:Sssssssssshield","Demon Form+1","Sword Boomerang","Dual Wield+1","Demon Form"],"relics":["Burning Blood","hubris:IronBody","ReplayFunnel","BargainBundle","Sozu","ReplayTheSpireMod:ShopPack","Replay:Baseball","Quantum Egg","Kunai","Fusion Hammer"],"acts_visited":["Exordium","TheCity","TheBeyond"],"potions_floor_usage":[],"damage_taken":[{"damage":8.0,"enemies":"Cultist","floor":1.0,"turns":6.0},{"damage":6.0,"enemies":"2 Louse","floor":3.0,"turns":2.0},{"damage":10.0,"enemies":"Small Slimes","floor":5.0,"turns":3.0},{"damage":14.0,"enemies":"Gremlin Nob","floor":7.0,"turns":4.0},{"damage":5.0,"enemies":"Looter","floor":8.0,"turns":4.0},{"damage":9.0,"enemies":"Exordium Wildlife","floor":12.0,"turns":6.0},{"damage":12.0,"enemies":"Exordium Thugs","floor":14.0,"turns":5.0},{"damage":18.0,"enemies":"The Guardian","floor":16.0,"turns":13.0},{"damage":5.0,"enemies":"Shell Parasite","floor":18.0,"turns":6.0},{"damage":26.0,"enemies":"Sentry and Sphere","floor":19.0,"turns":7.0},{"damage":5.0,"enemies":"Cultist and Chosen","floor":20.0,"turns":7.0},{"damage":30,"enemies":"conspire:SneckoGhost","floor":24,"turns":9},{"damage":2,"enemies":"Centurion and Healer","floor":27,"turns":5},{"damage":24,"enemies":"Snecko","floor":28,"turns":6},{"damage":12,"enemies":"Nightmare","floor":29,"turns":7},{"damage":17,"enemies":"Sentry and Sphere","floor":30,"turns":5},{"damage":4,"enemies":"conspire:MysteriousRune","floor":33,"turns":9}],"seed_played":"-7595087239087478827","potions_obtained":[{"floor":1.0,"key":"blueLaboratory:SavagePotion"},{"floor":4.0,"key":"Elixir"},{"floor":4.0,"key":"LiquidMemories"},{"floor":8.0,"key":"blueLaboratory:IronCompound"},{"floor":14.0,"key":"Explosive Potion"},{"floor":16.0,"key":"Energy Potion"}],"is_trial":false,"path_per_floor":["M","?","M","?","M","R","E","M","T","R","$","M","?","M","R_BF","B",null,"M","M","M","?","AVR","R","E","R","T","M","M","NM","M","?","R","B",null],"character_chosen":"IRONCLAD","items_purchased":["BargainBundle","Spot Weakness","Hemokinesis","Reflective Coating","Barricade"],"campfire_rested":0,"item_purchase_floors":[11,11,11,11,11],"current_hp_per_floor":[78,78,78,78,74,74,66,67,67,67,67,64,57,51,75,63,80,80,60,61,61,61,61,51,51,51,69,65,73,62,62,62,78,80,80],"gold":638,"neow_bonus":"HUNDRED_GOLD","is_daily":false,"chose_seed":false,"campfire_upgraded":5,"win_rate":0.0,"timestamp":1608297970,"path_taken":["M","?","M","?","M","R","E","M","T","R","$","?","?","M","R_BF","BOSS","M","M","M","?","AVR","R","E","R","T","M","?","NM","M","?","R","BOSS"],"items_purchased_type":["Relic","Card","Card","Potion","Card"],"build_version":"2020-12-13","purchased_purges":1,"victory":false,"max_hp_per_floor":[80,80,80,80,80,80,80,80,80,80,80,80,80,80,80,80,80,80,80,80,80,80,80,80,80,80,80,80,80,80,80,80,80,80,80],"card_choices":[{"not_picked":["Sentinel","Heavy Blade"],"picked":"Pommel Strike","floor":1.0},{"not_picked":["Headbutt","ReplayTheSpireMod:Muscle Training"],"picked":"Ghostly Armor","floor":3.0},{"not_picked":["Havoc","Entrench","Clash"],"picked":"SKIP","floor":5.0},{"not_picked":["ReplayTheSpireMod:Muscle Training","ReplayTheSpireMod:LeadingStrike"],"picked":"Cleave","floor":7.0},{"not_picked":["Carnage","Dual Wield"],"picked":"Shrug It Off","floor":8.0},{"not_picked":["Armaments","Dark Embrace"],"picked":"Inflame","floor":12.0},{"not_picked":["infinitespire:OneForAll","Heavy Blade"],"picked":"ReplayTheSpireMod:Stacked","floor":14.0},{"not_picked":["Fiend Fire","Offering"],"picked":"Replay:Many Hands","floor":16.0},{"not_picked":["ReplayTheSpireMod:Strike From Hell+1","Dual Wield"],"picked":"Battle Trance","floor":18.0},{"not_picked":["Havoc","ReplayTheSpireMod:Strike From Hell+1"],"picked":"Thunderclap+1","floor":19.0},{"not_picked":["Rampage","Combust"],"picked":"Spot Weakness","floor":20.0},{"not_picked":["Secret Weapon","Feint"],"picked":"Apotheosis","floor":22.0},{"not_picked":["Replay:SS_hec_1","expansioncontent:Hexaburn"],"picked":"Replay:SS_fish_2","floor":22.0},{"not_picked":["The Bomb","expansioncontent:PolyBeam"],"picked":"Replay:Sssssssssshield","floor":22.0},{"not_picked":["Perfected Strike+1","Shrug It Off+1"],"picked":"Demon Form","floor":24},{"not_picked":["Bloodletting","Dropkick+1"],"picked":"Sword Boomerang","floor":27},{"not_picked":["Intimidate","Invigoration","Sentinel+1"],"picked":"SKIP","floor":28},{"not_picked":["Barricade","Pommel Strike"],"picked":"Dual Wield+1","floor":29},{"not_picked":["Hemokinesis","ReplayTheSpireMod:Strike From Hell","Armaments+1"],"picked":"SKIP","floor":30},{"not_picked":["Reaper","Feed"],"picked":"Demon Form","floor":33}],"player_experience":255858,"relics_obtained":[{"floor":7.0,"key":"hubris:IronBody"},{"floor":9.0,"key":"ReplayFunnel"},{"floor":24,"key":"Replay:Baseball"},{"floor":26,"key":"Quantum Egg"},{"floor":29,"key":"Kunai"}],"event_choices":[{"cards_removed":["Strike_R"],"damage_healed":0.0,"max_hp_gain":0.0,"max_hp_loss":0.0,"gold_gain":0.0,"event_name":"Living Wall","player_choice":"Forget","floor":2.0,"gold_loss":0.0,"damage_taken":0.0},{"damage_healed":0.0,"max_hp_gain":0.0,"max_hp_loss":0.0,"gold_gain":0.0,"event_name":"The Woman in Blue","player_choice":"Bought 2 Potions","floor":4.0,"gold_loss":0.0,"damage_taken":0.0},{"cards_removed":["Defend_R"],"damage_healed":0.0,"max_hp_gain":0.0,"max_hp_loss":0.0,"gold_gain":0.0,"event_name":"Golden Wing","player_choice":"Card Removal","floor":13.0,"gold_loss":0.0,"damage_taken":7.0},{"cards_removed":["Strike_R"],"damage_healed":0.0,"max_hp_gain":0.0,"max_hp_loss":0.0,"gold_gain":0.0,"event_name":"betterNote:BetterNote","player_choice":"Give","floor":21.0,"gold_loss":0.0,"damage_taken":0.0,"cards_obtained":["Strike_G"]},{"damage_healed":0,"gold_gain":200,"player_choice":"Gold","damage_taken":0,"max_hp_gain":0,"max_hp_loss":0,"event_name":"Wheel of Change","floor":31,"gold_loss":0}],"is_beta":false,"boss_relics":[{"not_picked":["hubris:HollowSoul","Electric Blood"],"picked":"Sozu"},{"not_picked":["SacredBark","Cursed Key"],"picked":"Fusion Hammer"}],"items_purged_floors":[11],"is_endless":true,"potions_floor_spawned":[1,8,14,16,19,24,28,29],"ascension_level":0}}