{"host":"ruzbe9usp9zhw4m7","time":1608297583,"event":{"mods":["BaseMod","Colored Map","Downfall","Googly Eyes","Hermit","Marisa????????","Minty Spire (QoL Compilation)","Replay The Spire","StSLib","The Bug Knight","The Cursed","The Disciple","The Servant 0.9.4"],"gold_per_floor":[116,131,131,131,149,193,193,118,198,198,198,217,256,277,277,277,277],"floor_reached":16,"playtime":865,"items_purged":["Defend_G"],"score":110,"play_id":"a356d8da-6293-4f91-9336-6bf0e5d70580","local_time":"20201218071943","is_ascension_mode":false,"campfire_choices":[{"floor":11,"key":"REST"},{"floor":15,"key":"REST"}],"circlet_count":0,"master_deck":["Strike_G","Strike_G","Strike_G","Strike_G","Strike_G","Defend_G","Defend_G","Defend_G","Survivor","Neutralize","Cloak And Dagger","Backflip","Dagger Spray","Slice"],"relics":["Ring of the Snake","Oddly Smooth Stone","Golden Idol","Replay:Rubber Ducky","Gremlin Horn","Singing Bowl"],"acts_visited":["Exordium"],"potions_floor_usage":[7,14],"damage_taken":[{"damage":1,"enemies":"Jaw Worm","floor":1,"turns":5},{"damage":0,"enemies":"Cultist","floor":2,"turns":4},{"damage":0,"enemies":"2 Louse","floor":5,"turns":3},{"damage":9,"enemies":"HollowMod:MossKnight","floor":6,"turns":11},{"damage":0,"enemies":"The Mushroom Lair","floor":7,"turns":1},{"damage":5,"enemies":"Blue Slaver","floor":12,"turns":4},{"damage":32,"enemies":"Replay:BlueRogue","floor":13,"turns":10},{"damage":0,"enemies":"3 Louse","floor":14,"turns":2},{"damage":50,"enemies":"The Guardian","floor":16,"turns":16}],"seed_played":"8098507295381033171","potions_obtained":[{"floor":6,"key":"SmokeBomb"},{"floor":13,"key":"CultistPotion"}],"is_trial":false,"path_per_floor":["M","M","?","?","M","E","?","$","T","?","R","M","E","M","R","B"],"character_chosen":"THE_SILENT","items_purchased":[],"campfire_rested":2,"item_purchase_floors":[],"current_hp_per_floor":[69,69,52,52,52,43,43,43,43,36,57,52,22,24,46,0,0],"gold":277,"neow_bonus":"RANDOM_COMMON_RELIC","is_daily":false,"chose_seed":false,"campfire_upgraded":0,"win_rate":0.0,"timestamp":1608297583,"path_taken":["M","M","?","?","?","E","?","$","T","?","R","M","E","M","R","BOSS"],"items_purchased_type":[],"build_version":"2020-12-13","purchased_purges":1,"victory":false,"max_hp_per_floor":[70,70,70,70,70,70,70,70,70,70,70,70,72,74,74,74,74],"card_choices":[{"not_picked":["Bane","Underhanded Strike"],"picked":"Cloak And Dagger","floor":1},{"not_picked":["Heel Hook","ReplayTheSpireMod:Speed Training"],"picked":"Backflip","floor":2},{"not_picked":["ReplayTheSpireMod:Speed Training","Outmaneuver"],"picked":"Dagger Spray","floor":5},{"not_picked":["Deadly Poison","Backflip","Dagger Throw"],"picked":"SKIP","floor":6},{"not_picked":["Outmaneuver","Corpse Explosion"],"picked":"Slice","floor":12},{"not_picked":["PiercingWail","Escape Plan","Poison Darts"],"picked":"Singing Bowl","floor":13},{"not_picked":["Deadly Poison","Bane","Acrobatics"],"picked":"Singing Bowl","floor":14}],"player_experience":655893,"relics_obtained":[{"floor":6,"key":"Replay:Rubber Ducky"},{"floor":9,"key":"Gremlin Horn"},{"floor":13,"key":"Singing Bowl"}],"event_choices":[{"damage_healed":0,"gold_gain":0,"player_choice":"Take Damage","damage_taken":17,"relics_obtained":["Golden Idol"],"max_hp_gain":0,"max_hp_loss":0,"event_name":"Golden Idol","floor":3,"gold_loss":0},{"damage_healed":0,"gold_gain":0,"player_choice":"Bought 0 Potions","damage_taken":0,"max_hp_gain":0,"max_hp_loss":0,"event_name":"The Woman in Blue","floor":4,"gold_loss":0},{"damage_healed":0,"gold_gain":0,"player_choice":"Fought Mushrooms","damage_taken":0,"max_hp_gain":0,"max_hp_loss":0,"event_name":"Mushrooms","floor":7,"gold_loss":0},{"cards_removed":["Defend_G"],"damage_healed":0,"gold_gain":0,"player_choice":"Card Removal","damage_taken":7,"max_hp_gain":0,"max_hp_loss":0,"event_name":"Golden Wing","floor":10,"gold_loss":0}],"is_beta":false,"boss_relics":[],"items_purged_floors":[8],"is_endless":false,"potions_floor_spawned":[6,7,13],"killed_by":"The Guardian","ascension_level":0}}