{"host":"cccop0r9ue4xv1s4","time":1608277387,"event":{"mods":["AchievementEnabler","BaseMod","Downfall","Marisa¡]Ãú«B¡@Å]²z¨F¡^","Minty Spire (QoL Compilation)","Quick Restart","Shop Mod","StSLib","SuperFastMode","The Servant 0.9.4"],"gold_per_floor":[113,159,175,275,122,149,159,159,228,258,278,278,297,43,43,140,140,150,169,18,18,18,18,18],"floor_reached":23,"playtime":1452,"items_purged":[],"score":224,"play_id":"890b5b38-c043-485a-8d13-9ee0db286afa","local_time":"20201218154307","is_ascension_mode":false,"campfire_choices":[{"data":"RefractionSpark","floor":8,"key":"SMITH"},{"data":"BlazeAway","floor":15,"key":"SMITH"}],"circlet_count":0,"master_deck":["Strike_MRS","Strike_MRS","Strike_MRS","Strike_MRS","Defend_MRS","Defend_MRS","Defend_MRS","Defend_MRS","MasterSpark","UpSweep","BlazeAway+1","RefractionSpark+1","Acceleration","DarkMatter","SprinkleStarSeal","AbsoluteMagnitude","MagicChant","Finesse"],"relics":["MiniHakkero","NeowsBlessing","Smiling Mask","HandDrill","Dream Catcher","Gremlin Horn","Calipers","GremlinMask","HandmadeGrimoire","Black Star","Juzu Bracelet"],"acts_visited":["Exordium","TheCity"],"potions_floor_usage":[],"damage_taken":[{"damage":0,"enemies":"Cultist","floor":1,"turns":1},{"damage":0,"enemies":"2 Louse","floor":3,"turns":1},{"damage":0,"enemies":"Lagavulin","floor":6,"turns":1},{"damage":15,"enemies":"Jaw Worm","floor":7,"turns":4},{"damage":14,"enemies":"Gremlin Nob","floor":10,"turns":3},{"damage":8,"enemies":"2 Fungi Beasts","floor":11,"turns":3},{"damage":0,"enemies":"Lots of Slimes","floor":13,"turns":5},{"damage":34,"enemies":"Slime Boss","floor":16,"turns":9},{"damage":12,"enemies":"Shell Parasite","floor":18,"turns":6},{"damage":25,"enemies":"3 Byrds","floor":19,"turns":9},{"damage":51,"enemies":"Book of Stabbing","floor":23,"turns":9}],"seed_played":"-2137050026252067943","potions_obtained":[{"floor":10,"key":"SpeedPotion"},{"floor":13,"key":"Dexterity Potion"},{"floor":16,"key":"BlessingOfTheForge"}],"is_trial":false,"path_per_floor":["M","T","M","?","$","E","M","R","T","E","M","?","M","$","R","B",null,"M","M","$","?","?","E"],"character_chosen":"MARISA","items_purchased":["HandDrill","HandmadeGrimoire","Juzu Bracelet"],"campfire_rested":0,"item_purchase_floors":[5,14,20],"current_hp_per_floor":[75,75,75,75,75,75,60,60,60,46,38,38,38,38,38,4,75,63,38,38,63,51,0,0],"gold":18,"neow_bonus":"THREE_ENEMY_KILL","is_daily":false,"chose_seed":false,"campfire_upgraded":2,"win_rate":0.0,"timestamp":1608277387,"path_taken":["M","?","?","?","$","E","M","R","T","E","?","?","M","?","R","BOSS","M","?","$","?","?","E"],"items_purchased_type":["Relic","Relic","Relic"],"build_version":"2020-12-13","purchased_purges":0,"victory":false,"max_hp_per_floor":[75,75,75,75,75,75,75,75,75,75,75,75,75,75,75,75,75,75,75,75,75,75,75,75],"card_choices":[{"not_picked":["GrandCross","EnergyFlow"],"picked":"BlazeAway","floor":1},{"not_picked":["ShootingEcho","BlazeAway","NonDirectionalLaser"],"picked":"SKIP","floor":3},{"not_picked":["Occultation","6A"],"picked":"RefractionSpark","floor":6},{"not_picked":["ChargingUp","MagicAbsorber"],"picked":"Acceleration","floor":7},{"not_picked":["Acceleration","GalacticHalo"],"picked":"DarkMatter","floor":10},{"not_picked":["MysteriousBeam","IllusionStar","ChargeUpSpray"],"picked":"SKIP","floor":11},{"not_picked":["AlicesGift","NonDirectionalLaser"],"picked":"SprinkleStarSeal","floor":13},{"not_picked":["JA","CollectingQuirk"],"picked":"AbsoluteMagnitude","floor":16},{"not_picked":["OrrerysSun","DarkSpark+1"],"picked":"MagicChant","floor":18},{"not_picked":["PowerUp","ChargingUp","DarkSpark"],"picked":"SKIP","floor":19}],"player_experience":282398,"relics_obtained":[{"floor":2,"key":"Smiling Mask"},{"floor":6,"key":"Dream Catcher"},{"floor":9,"key":"Gremlin Horn"},{"floor":10,"key":"Calipers"}],"event_choices":[{"damage_healed":0,"gold_gain":100,"player_choice":"Gold","damage_taken":0,"max_hp_gain":0,"max_hp_loss":0,"event_name":"Wheel of Change","floor":4,"gold_loss":0},{"damage_healed":0,"gold_gain":0,"player_choice":"Trade","damage_taken":0,"relics_obtained":["GremlinMask"],"max_hp_gain":0,"max_hp_loss":0,"event_name":"FaceTrader","floor":12,"gold_loss":0},{"damage_healed":25,"gold_gain":0,"player_choice":"Heal","damage_taken":0,"max_hp_gain":0,"max_hp_loss":0,"event_name":"The Library","floor":21,"gold_loss":0},{"damage_healed":0,"gold_gain":0,"player_choice":"CARD ","damage_taken":12,"max_hp_gain":0,"max_hp_loss":0,"event_name":"Knowing Skull","floor":22,"potions_obtained":[],"gold_loss":0,"cards_obtained":["Finesse"]},{"damage_healed":0,"gold_gain":0,"player_choice":"CARD ","damage_taken":12,"max_hp_gain":0,"max_hp_loss":0,"event_name":"Knowing Skull","floor":22,"potions_obtained":[],"gold_loss":0,"cards_obtained":["Finesse"]}],"is_beta":false,"boss_relics":[{"not_picked":["Runic Dome","Velvet Choker"],"picked":"Black Star"}],"items_purged_floors":[],"is_endless":false,"potions_floor_spawned":[10,13,16],"killed_by":"Book of Stabbing","ascension_level":0}}