{"host":"14itbdr21u872c1w","time":1608285539,"event":{"mods":["AchievementEnabler","BaseMod","Minty Spire (QoL Compilation)","StSLib","SuperFastMode","everything is the same but u backflip on backflip"],"gold_per_floor":[111,111,124,124,124,155,155,194,194,119,135,153,184,204,204,204,204],"floor_reached":16,"playtime":270,"items_purged":["Defend_R"],"score":247,"play_id":"c778be52-cfaa-484f-b27e-78e461e7a141","local_time":"20201218185859","is_ascension_mode":true,"campfire_choices":[{"data":"Pommel Strike","floor":7,"key":"SMITH"},{"data":"Feed","floor":15,"key":"SMITH"}],"circlet_count":0,"master_deck":["AscendersBane","Strike_R","Strike_R","Strike_R","Strike_R","Strike_R","Defend_R+1","Defend_R","Bash","Pommel Strike+1","Pommel Strike+1","Warcry","Burning Pact","Feed+1","Carnage"],"relics":["Burning Blood","NeowsBlessing","Golden Idol","Calipers","Self Forming Clay","CaptainsWheel","Smiling Mask"],"acts_visited":["Exordium"],"potions_floor_usage":[8,13,13],"damage_taken":[{"damage":0,"enemies":"2 Louse","floor":1,"turns":1},{"damage":0,"enemies":"Small Slimes","floor":3,"turns":1},{"damage":0,"enemies":"Gremlin Nob","floor":6,"turns":1},{"damage":17,"enemies":"Lagavulin","floor":8,"turns":7},{"damage":2,"enemies":"Jaw Worm","floor":11,"turns":3},{"damage":6,"enemies":"Red Slaver","floor":12,"turns":4},{"damage":8,"enemies":"Gremlin Nob","floor":13,"turns":3},{"damage":11,"enemies":"Gremlin Gang","floor":14,"turns":5},{"damage":17,"enemies":"The Guardian","floor":16,"turns":5}],"seed_played":"-2230972342164574909","potions_obtained":[{"floor":3,"key":"AttackPotion"},{"floor":11,"key":"GamblersBrew"},{"floor":12,"key":"PowerPotion"},{"floor":13,"key":"LiquidBronze"},{"floor":14,"key":"GamblersBrew"}],"is_trial":false,"path_per_floor":["M","?","M","?","?","E","R","E","T","$","M","M","E","M","R","B"],"character_chosen":"IRONCLAD","items_purchased":[],"campfire_rested":0,"item_purchase_floors":[],"current_hp_per_floor":[74,67,73,55,40,46,46,35,35,35,39,39,37,35,35,18,18],"gold":204,"neow_bonus":"THREE_ENEMY_KILL","is_daily":false,"chose_seed":false,"campfire_upgraded":2,"win_rate":0.0,"timestamp":1608285539,"path_taken":["M","?","M","?","?","E","R","E","T","$","?","M","E","M","R","BOSS"],"items_purchased_type":[],"build_version":"2020-12-13","purchased_purges":1,"victory":false,"max_hp_per_floor":[75,75,75,75,75,75,75,75,75,75,75,75,75,78,78,78,78],"card_choices":[{"not_picked":["Uppercut","Thunderclap"],"picked":"Pommel Strike","floor":1},{"not_picked":["Clothesline","Bludgeon"],"picked":"Pommel Strike","floor":3},{"not_picked":["Armaments","Seeing Red","Pummel"],"picked":"SKIP","floor":6},{"not_picked":["Brutality","Clash","Cleave"],"picked":"SKIP","floor":8},{"not_picked":["Iron Wave","Infernal Blade"],"picked":"Warcry","floor":11},{"not_picked":["Clothesline","Entrench"],"picked":"Burning Pact","floor":12},{"not_picked":["Intimidate","Reckless Charge"],"picked":"Feed","floor":13},{"not_picked":["Cleave","True Grit"],"picked":"Carnage","floor":14}],"player_experience":341167,"relics_obtained":[{"floor":6,"key":"Calipers"},{"floor":8,"key":"Self Forming Clay"},{"floor":9,"key":"CaptainsWheel"},{"floor":13,"key":"Smiling Mask"}],"event_choices":[{"cards_removed":["Defend_R"],"damage_healed":0,"gold_gain":0,"player_choice":"Card Removal","damage_taken":7,"max_hp_gain":0,"max_hp_loss":0,"event_name":"Golden Wing","floor":2,"gold_loss":0},{"damage_healed":0,"gold_gain":0,"player_choice":"Take Damage","damage_taken":18,"relics_obtained":["Golden Idol"],"max_hp_gain":0,"max_hp_loss":0,"event_name":"Golden Idol","floor":4,"gold_loss":0},{"damage_healed":0,"gold_gain":0,"player_choice":"Entered Light","damage_taken":15,"max_hp_gain":0,"max_hp_loss":0,"event_name":"Shining Light","floor":5,"gold_loss":0,"cards_upgraded":["Defend_R","Pommel Strike"]}],"is_beta":false,"boss_relics":[],"items_purged_floors":[10],"is_endless":false,"potions_floor_spawned":[3,11,12,13,14],"killed_by":"The Guardian","ascension_level":14}}