{"host":"yuhibl5o0ay6idau","time":1608314929,"event":{"mods":["Aspiration","BaseMod","Better Altar","Better Match","Better Note","Better Sensory Stone","Better Skull","Better Third Choice","Colored Map","Colored Powertips","Conspire","Highlight Path","Minty Spire (QoL Compilation)","Quick Restart","Replay The Spire","StSLib","SuperFastMode"],"gold_per_floor":[117,129,139,153,169,169,196,196,219,245,259,293,310,310,310,414,414,429,379,379,162,162,209,221,254,307,307,323,335,335,372,372,496,496,523,544,152,184,184,246,246,288,288,332,332,42,71,87,87,87],"floor_reached":51,"playtime":6304,"items_purged":[],"score":1298,"play_id":"fe049e3e-400f-42c6-b0c4-92c4a47dbcb4","local_time":"20201218100849","is_ascension_mode":true,"campfire_choices":[{"data":"Sword Boomerang","floor":6,"key":"SMITH"},{"floor":8,"key":"REST"},{"data":"Whirlwind","floor":15,"key":"SMITH"},{"floor":27,"key":"REST"},{"data":"Demon Form","floor":32,"key":"SMITH"},{"data":"Rage","floor":41,"key":"SMITH"},{"data":"J.A.X.","floor":45,"key":"SMITH"},{"data":"Shrug It Off","floor":45,"key":"SMITH"},{"data":"Shrug It Off","floor":49,"key":"SMITH"},{"data":"Shrug It Off","floor":49,"key":"SMITH"}],"circlet_count":0,"master_deck":["Strike_R","Reaper+1","ReplayTheSpireMod:Muscle Training","Battle Trance","Sword Boomerang+1","Iron Wave","Whirlwind+1","Demon Form+1","Shrug It Off+1","conspire:Purge","Replay:Sssssssssshield","Pummel","Rage+1","Whirlwind+1","Shrug It Off+1","conspire:ExplosiveBarrier","Inflame+1","Shrug It Off+1"],"relics":["Burning Blood","King of Hearts","Nunchaku","Pocketwatch","Kunai","Replay:Grab Bag","Cursed Key","Velvet Choker","Black Star","Kintsugi","WarpedTongs","Omamori","Replay:Bottled Flurry","Potion Belt","Shuriken","Ancient Tea Set","conspire:SeveredTorchhead","conspire:DeflatedDodgeball","Brimstone","Bottled Flame","Bottled Tornado","ReplayFunnel","Torii","Replay:Arrowhead","aspiration:Lifesprig","aspiration:KaomsHeart"],"acts_visited":["Exordium","TheCity","TheBeyond"],"potions_floor_usage":[16,24,25,25,25,42,42,50,50],"damage_taken":[{"damage":2,"enemies":"conspire:RoseBush","floor":1,"turns":8},{"damage":6,"enemies":"2 Louse","floor":2,"turns":5},{"damage":2,"enemies":"Cultist","floor":3,"turns":3},{"damage":22,"enemies":"2 Fungi Beasts","floor":4,"turns":5},{"damage":28,"enemies":"Gremlin Gang","floor":5,"turns":7},{"damage":23,"enemies":"Replay:BlueRogue","floor":7,"turns":7},{"damage":9,"enemies":"Gremlin Nob","floor":10,"turns":3},{"damage":2,"enemies":"Looter","floor":11,"turns":4},{"damage":28,"enemies":"Replay:BlueRogue","floor":12,"turns":7},{"damage":12,"enemies":"3 Louse","floor":13,"turns":2},{"damage":16,"enemies":"Slime Boss","floor":16,"turns":7},{"damage":16,"enemies":"Spheric Guardian","floor":18,"turns":4},{"damage":29,"enemies":"conspire:SneckoGhost","floor":23,"turns":6},{"damage":5,"enemies":"2 Thieves","floor":24,"turns":4},{"damage":59,"enemies":"Book of Stabbing","floor":25,"turns":7},{"damage":15,"enemies":"conspire:HollyBat","floor":28,"turns":6},{"damage":11,"enemies":"Centurion and Healer","floor":29,"turns":7},{"damage":28,"enemies":"Shelled Parasite and Fungi","floor":31,"turns":6},{"damage":14,"enemies":"Champ","floor":33,"turns":7},{"damage":32,"enemies":"Orb Walker","floor":35,"turns":5},{"damage":12,"enemies":"3 Shapes","floor":36,"turns":7},{"damage":33,"enemies":"Spire Growth","floor":38,"turns":4},{"damage":10,"enemies":"R_Hoarder","floor":40,"turns":4},{"damage":16,"enemies":"Reptomancer","floor":42,"turns":4},{"damage":0,"enemies":"R_Hoarder","floor":44,"turns":6},{"damage":24,"enemies":"Reptomancer","floor":47,"turns":4},{"damage":0,"enemies":"Jaw Worm Horde","floor":48,"turns":1},{"damage":10,"enemies":"Awakened One","floor":50,"turns":9}],"seed_played":"4000591314412009862","potions_obtained":[{"floor":1,"key":"Milkshake"},{"floor":2,"key":"Swift Potion"},{"floor":7,"key":"SkillPotion"},{"floor":10,"key":"EntropicBrew"},{"floor":16,"key":"Fire Potion"},{"floor":18,"key":"PowerPotion"},{"floor":25,"key":"PowerPotion"},{"floor":28,"key":"AttackPotion"},{"floor":38,"key":"SpeedPotion"},{"floor":40,"key":"ColorlessPotion"},{"floor":44,"key":"SkillPotion"}],"is_trial":false,"path_per_floor":["M","M","M","M","M","R","E","R","T","E","M","E","M","?","R","B",null,"M","?","?","$","?","E","M","E","T","R","M","M","?","M","R","B",null,"M","M","$","M","?","E","R","E","T","E","R","$","E","M","R","B",null],"character_chosen":"IRONCLAD","items_purchased":["conspire:Purge","Replay:Sssssssssshield","conspire:DeflatedDodgeball","Brimstone","aspiration:KaomsHeart"],"campfire_rested":2,"item_purchase_floors":[21,21,37,37,46],"current_hp_per_floor":[76,79,80,69,59,59,46,70,70,67,77,61,55,39,39,47,72,66,66,66,66,66,58,69,22,22,46,51,46,46,36,36,34,69,54,69,69,51,51,76,76,71,71,80,80,180,167,173,173,180],"gold":87,"neow_bonus":"THREE_RARE_CARDS","is_daily":false,"chose_seed":false,"campfire_upgraded":8,"win_rate":0.0,"timestamp":1608314929,"path_taken":["M","M","M","M","M","R","E","R","T","E","M","E","M","?","R","BOSS","M","?","?","$","?","E","?","E","T","R","M","M","?","M","R","BOSS","M","M","$","M","?","E","R","E","T","E","R","$","E","?","R","BOSS"],"items_purchased_type":["Card","Card","Relic","Relic","Relic"],"build_version":"2020-12-13","purchased_purges":0,"victory":true,"max_hp_per_floor":[80,80,80,80,80,80,80,80,80,80,80,80,80,80,80,80,80,80,80,80,80,80,80,80,80,80,80,80,80,80,80,80,80,80,80,80,80,80,80,80,80,80,80,80,80,180,180,180,180,180],"card_choices":[{"not_picked":["Offering","Impervious"],"picked":"Reaper","floor":0},{"not_picked":["ReplayTheSpireMod:Strike From Hell","ReplayTheSpireMod:Stacked"],"picked":"ReplayTheSpireMod:Muscle Training","floor":1},{"not_picked":["True Grit","Dark Embrace"],"picked":"Thunderclap","floor":2},{"not_picked":["Massacre","Headbutt","Perfected Strike"],"picked":"SKIP","floor":3},{"not_picked":["Run Through","Wild Strike"],"picked":"Battle Trance","floor":4},{"not_picked":["Thunderclap","Battle Trance"],"picked":"Sword Boomerang","floor":5},{"not_picked":["Fire Breathing","Heavy Blade","Clash"],"picked":"SKIP","floor":7},{"not_picked":["Bloodletting","Run Through"],"picked":"Iron Wave","floor":10},{"not_picked":["Metallicize","Heavy Blade","Iron Wave"],"picked":"SKIP","floor":11},{"not_picked":["Havoc","Headbutt"],"picked":"Whirlwind","floor":12},{"not_picked":["Headbutt","Perfected Strike","Juggernaut"],"picked":"SKIP","floor":13},{"not_picked":["Bludgeon","Berserk"],"picked":"Demon Form","floor":16},{"not_picked":["Iron Wave","Armaments"],"picked":"Shrug It Off","floor":18},{"not_picked":["Searing Blow","Abandon","Metallicize"],"picked":"SKIP","floor":23},{"not_picked":["Cleave","Perfected Strike"],"picked":"Replay:Undeath\u0027s Touch+1","floor":24},{"not_picked":["Massacre+1","True Grit"],"picked":"Pummel","floor":25},{"not_picked":["Sword Boomerang","Entrench"],"picked":"Rage","floor":28},{"not_picked":["True Grit","Warcry+1","Headbutt"],"picked":"SKIP","floor":29},{"not_picked":["Havoc+1","ReplayTheSpireMod:Strike From Hell","Shockwave"],"picked":"SKIP","floor":31},{"not_picked":["ReplayTheSpireMod:Corrosion Curse+1","Havoc+1"],"picked":"Whirlwind+1","floor":35},{"not_picked":["Run Through","Replay:Undeath\u0027s Touch+1","ReplayReversal+1"],"picked":"SKIP","floor":36},{"not_picked":["Cleave+1","Sword Boomerang","Clothesline+1"],"picked":"SKIP","floor":38},{"not_picked":["Defy Death","Pummel+1"],"picked":"conspire:ExplosiveBarrier","floor":40},{"not_picked":["Dropkick","Dark Embrace+1","True Grit"],"picked":"SKIP","floor":42},{"not_picked":["Uppercut","Iron Wave","Double Tap"],"picked":"SKIP","floor":44},{"not_picked":["ReplayTheSpireMod:Strike From Hell+1","Battle Trance+1"],"picked":"Inflame+1","floor":47},{"not_picked":["Replay:Undeath\u0027s Touch","Flex"],"picked":"Shrug It Off","floor":48}],"player_experience":397339,"relics_obtained":[{"floor":7,"key":"King of Hearts"},{"floor":9,"key":"Nunchaku"},{"floor":10,"key":"Pocketwatch"},{"floor":12,"key":"Kunai"},{"floor":23,"key":"Omamori"},{"floor":23,"key":"Replay:Bottled Flurry"},{"floor":25,"key":"Potion Belt"},{"floor":25,"key":"Shuriken"},{"floor":26,"key":"Ancient Tea Set"},{"floor":40,"key":"Bottled Flame"},{"floor":40,"key":"Bottled Tornado"},{"floor":42,"key":"ReplayFunnel"},{"floor":42,"key":"Torii"},{"floor":44,"key":"Replay:Arrowhead"},{"floor":44,"key":"aspiration:Lifesprig"},{"floor":47,"key":"aspiration:KMNothing"},{"floor":47,"key":"aspiration:KMNothing"}],"event_choices":[{"damage_healed":55,"gold_gain":0,"player_choice":"Upgrade","damage_taken":16,"max_hp_gain":0,"max_hp_loss":80,"event_name":"betterThird:BetterShining","floor":14,"gold_loss":0,"cards_upgraded":["Bash","Reaper"]},{"damage_healed":0,"gold_gain":0,"player_choice":"Invest 1","damage_taken":0,"max_hp_gain":0,"max_hp_loss":0,"event_name":"conspire:Investor","floor":19,"gold_loss":0},{"damage_healed":0,"gold_gain":0,"player_choice":"2","damage_taken":0,"max_hp_gain":0,"max_hp_loss":0,"event_name":"betterMatch:BetterMatch","floor":20,"gold_loss":0,"cards_obtained":[]},{"damage_healed":0,"gold_gain":0,"player_choice":"Rummage","damage_taken":0,"relics_obtained":["WarpedTongs"],"max_hp_gain":0,"max_hp_loss":0,"event_name":"Accursed Blacksmith","floor":22,"gold_loss":0,"cards_obtained":["Pain"]},{"damage_healed":0,"gold_gain":0,"player_choice":"Obtain J.A.X.","damage_taken":0,"max_hp_gain":0,"max_hp_loss":0,"event_name":"Drug Dealer","floor":30,"gold_loss":0,"cards_obtained":["J.A.X."]},{"damage_healed":0,"gold_gain":0,"player_choice":"Copied","damage_taken":0,"max_hp_gain":0,"max_hp_loss":0,"event_name":"Duplicator","floor":39,"gold_loss":0,"cards_obtained":["Shrug It Off"]}],"is_beta":false,"boss_relics":[{"not_picked":["SacredBark","Ectoplasm"],"picked":"Replay:Grab Bag"},{"not_picked":["ReplayTheSpireMod:DimensionalGlitch","Runic Dome"],"picked":"Cursed Key"},{"not_picked":["ReplayTheSpireMod:Onyx Gauntlets","Replay:Bronze Core"],"picked":"Velvet Choker"},{"not_picked":["conspire:RunicOctahedron","Runic Pyramid"],"picked":"Black Star"},{"not_picked":["Snecko Eye","Empty Cage"],"picked":"Kintsugi"},{"not_picked":["Honey Jar","Fusion Hammer"],"picked":"conspire:SeveredTorchhead"}],"items_purged_floors":[],"is_endless":false,"potions_floor_spawned":[1,2,7,10,16,18,25,28,38,40,44],"ascension_level":6}}