{"host":"0msxzbajcl1c78mb","time":1608263589,"event":{"mods":["AchievementEnabler","BaseMod","Colored Map","Colored Powertips","Highlight Path","Minty Spire (QoL Compilation)","Relic Sorter","Relic Stats","StSLib","The Jungle","everything is the same but u backflip on backflip"],"gold_per_floor":[165,176,101,112,62,62,93,93,118,169,201,226,218,261,273,414,426,461,473,485,522,534,546,589,501,556,556,556],"floor_reached":27,"playtime":1812,"items_purged":["Strike_G","Strike_G"],"score":336,"play_id":"cd76f66a-5278-4ad5-97c1-17b430d3427a","local_time":"20201217225309","is_ascension_mode":true,"campfire_choices":[{"data":"Neutralize","floor":6,"key":"SMITH"},{"floor":15,"key":"REST"},{"data":"RitualDagger","floor":23,"key":"SMITH"}],"circlet_count":0,"master_deck":["Strike_G","Strike_G","Strike_G","Defend_G+1","Defend_G","Defend_G","Defend_G","Survivor","Neutralize+1","Blade Dance","Quick Slash","Backflip","Blade Dance","Injury","Die Die Die","Footwork","Well Laid Plans","A Thousand Cuts","Infinite Blades","RitualDagger+1","Acrobatics","Infinite Blades"],"relics":["Tiny House","Oddly Smooth Stone","Golden Idol","MawBank","Happy Flower","Shuriken","HoveringKite","Nilry\u0027s Codex","MutagenicStrength","Ninja Scroll","Dream Catcher"],"acts_visited":["TheCity"],"potions_floor_usage":[10,14,14,21],"damage_taken":[{"damage":3,"enemies":"Small Slimes","floor":1,"turns":4},{"damage":0,"enemies":"Jaw Worm","floor":2,"turns":3},{"damage":0,"enemies":"2 Louse","floor":4,"turns":2},{"damage":17,"enemies":"Gremlin Nob","floor":7,"turns":4},{"damage":16,"enemies":"3 Sentries","floor":10,"turns":8},{"damage":0,"enemies":"Blue Slaver","floor":11,"turns":2},{"damage":4,"enemies":"Exordium Wildlife","floor":12,"turns":3},{"damage":4,"enemies":"Lagavulin","floor":14,"turns":7},{"damage":16,"enemies":"Hexaghost","floor":16,"turns":9},{"damage":26,"enemies":"Chosen","floor":18,"turns":5},{"damage":0,"enemies":"3 Byrds","floor":21,"turns":4},{"damage":38,"enemies":"Gremlin Leader","floor":24,"turns":6},{"damage":14,"enemies":"Slavers","floor":27,"turns":2}],"seed_played":"-1449906698877840213","potions_obtained":[{"floor":0,"key":"LiquidMemories"},{"floor":1,"key":"PowerPotion"},{"floor":4,"key":"SpeedPotion"},{"floor":7,"key":"CunningPotion"},{"floor":16,"key":"FairyPotion"},{"floor":18,"key":"Fruit Juice"}],"is_trial":false,"path_per_floor":["M","M","$","M","?","R","E","?","T","E","M","M","?","E","R","B",null,"M","?","?","M","?","R","E","$","T","E"],"character_chosen":"THE_SILENT","items_purchased":[],"campfire_rested":1,"item_purchase_floors":[],"current_hp_per_floor":[65,65,65,65,65,65,48,48,48,32,32,28,28,24,46,30,64,38,32,16,21,21,21,10,10,10,0,0],"gold":556,"neow_bonus":"BOSS_RELIC","is_daily":false,"chose_seed":false,"campfire_upgraded":2,"win_rate":0.0,"timestamp":1608263589,"path_taken":["M","M","$","M","?","R","E","?","T","E","M","M","?","E","R","BOSS","M","?","?","M","?","R","E","$","T","E"],"items_purchased_type":[],"build_version":"2020-12-13","purchased_purges":2,"victory":false,"max_hp_per_floor":[75,75,75,75,75,75,75,75,75,75,75,75,75,75,75,75,75,75,75,75,80,80,80,80,80,80,80,80],"relic_stats":{"Dream Catcher":0,"Happy Flower":[12],"counters":[13,59],"Golden Idol":63,"Shuriken":[20],"HoveringKite":[3],"MawBank":192,"obtain_stats":[{"Dream Catcher":26,"Tiny House":0,"Happy Flower":10,"Golden Idol":8,"Shuriken":14,"Nilry\u0027s Codex":20,"Ninja Scroll":24,"MutagenicStrength":22,"Oddly Smooth Stone":7,"HoveringKite":17,"MawBank":9,"Ring of the Snake":0},{"Dream Catcher":12,"Tiny House":0,"Happy Flower":5,"Golden Idol":4,"Shuriken":8,"Nilry\u0027s Codex":10,"Ninja Scroll":12,"MutagenicStrength":11,"Oddly Smooth Stone":4,"HoveringKite":9,"MawBank":4,"Ring of the Snake":0},{"Dream Catcher":57,"Tiny House":0,"Happy Flower":21,"Golden Idol":13,"Shuriken":33,"Nilry\u0027s Codex":47,"Ninja Scroll":57,"MutagenicStrength":51,"Oddly Smooth Stone":13,"HoveringKite":42,"MawBank":13,"Ring of the Snake":0}]},"card_choices":[{"not_picked":["Backstab","Predator"],"picked":"Blade Dance","floor":0},{"not_picked":["Prepared","Dagger Spray"],"picked":"Quick Slash","floor":1},{"not_picked":["Poisoned Stab","Infinite Blades"],"picked":"Backflip","floor":2},{"not_picked":["Acrobatics","Poisoned Stab"],"picked":"Blade Dance","floor":4},{"not_picked":["Bane","Deadly Poison","Eviscerate"],"picked":"SKIP","floor":7},{"not_picked":["Quick Slash","Acrobatics"],"picked":"Die Die Die","floor":10},{"not_picked":["Expertise","Acrobatics"],"picked":"Footwork","floor":11},{"not_picked":["Backstab","Slice","Bouncing Flask"],"picked":"SKIP","floor":12},{"not_picked":["Flechettes","Escape Plan"],"picked":"Well Laid Plans","floor":14},{"not_picked":["Malaise","Adrenaline"],"picked":"A Thousand Cuts","floor":16},{"not_picked":["Flying Knee","Reflex"],"picked":"Infinite Blades","floor":18},{"not_picked":["Sucker Punch+1","Masterful Stab+1"],"picked":"Acrobatics","floor":21},{"not_picked":["Well Laid Plans","Doppelganger"],"picked":"Infinite Blades","floor":24}],"player_experience":257734,"relics_obtained":[{"floor":7,"key":"Oddly Smooth Stone"},{"floor":9,"key":"MawBank"},{"floor":10,"key":"Happy Flower"},{"floor":14,"key":"Shuriken"},{"floor":20,"key":"Nilry\u0027s Codex"},{"floor":24,"key":"Ninja Scroll"},{"floor":26,"key":"Dream Catcher"}],"event_choices":[{"cards_removed":["Defend_G"],"damage_healed":0,"gold_gain":0,"player_choice":"Card Removal","damage_taken":0,"max_hp_gain":0,"max_hp_loss":0,"event_name":"The Cleric","floor":5,"gold_loss":50},{"damage_healed":0,"gold_gain":0,"player_choice":"Take Wound","damage_taken":0,"relics_obtained":["Golden Idol"],"max_hp_gain":0,"max_hp_loss":0,"event_name":"Golden Idol","floor":8,"gold_loss":0,"cards_obtained":["Injury"]},{"damage_healed":0,"gold_gain":0,"player_choice":"Left Gold","damage_taken":0,"max_hp_gain":0,"max_hp_loss":0,"event_name":"World of Goop","floor":13,"gold_loss":20},{"damage_healed":0,"gold_gain":0,"player_choice":"Joined the Cult","damage_taken":6,"max_hp_gain":0,"max_hp_loss":0,"event_name":"Nest","floor":19,"gold_loss":0,"cards_obtained":["RitualDagger"]},{"damage_healed":0,"gold_gain":0,"player_choice":"Obtained Book","damage_taken":16,"max_hp_gain":0,"max_hp_loss":0,"event_name":"Cursed Tome","floor":20,"gold_loss":0},{"damage_healed":0,"gold_gain":0,"player_choice":"Inject Mutagens","damage_taken":0,"relics_obtained":["MutagenicStrength"],"max_hp_gain":0,"max_hp_loss":0,"event_name":"Drug Dealer","floor":22,"gold_loss":0}],"is_beta":false,"boss_relics":[{"not_picked":["Fusion Hammer","Snecko Eye"],"picked":"HoveringKite"}],"items_purged_floors":[3,25],"is_endless":false,"potions_floor_spawned":[1,4,7,16,18],"killed_by":"Slavers","ascension_level":7}}