{"host":"jkgg7n5hn1slsm35","time":1608281435,"event":{"mods":["Aspiration","BaseMod","BetterRewards","Conspire","Googly Eyes","Gremlin Skip","Halation","Highlight Path","Hubris","Infinite Spire","Minty Spire (QoL Compilation)","Permanent Neow","StSLib","SuperFastMode","vexMod"],"gold_per_floor":[219,194,214,64,75,75,75,75,98,114,14,27,38,51,51,155,155,167,182,182,199,217,43,43,43,43,60,60,60,91,91,91,196,196,212,228,240,90,103,103,103,103],"floor_reached":41,"playtime":2425,"items_purged":["Strike_R","Strike_R","Strike_R","Strike_R"],"score":407,"play_id":"59dc8449-71c1-4463-bb16-9b4c5d4af449","local_time":"20201218095035","is_ascension_mode":false,"campfire_choices":[{"data":"Anger","floor":6,"key":"SMITH"},{"data":"Flex","floor":8,"key":"SMITH"},{"data":"Flex","floor":15,"key":"SMITH"},{"floor":24,"key":"REST"},{"floor":28,"key":"REST"},{"floor":32,"key":"REST"},{"data":"Barricade","floor":40,"key":"SMITH"}],"circlet_count":0,"master_deck":["Defend_R","Defend_R","Defend_R","Defend_R","Bash","Flex+1","Shrug It Off","Anger+1","Iron Wave","Flex+1","Heavy Blade","Juggernaut","Shrug It Off","Body Slam","Clash","Body Slam","Ghostly Armor","Cleave+1","Body Slam+1","Barricade+1","Shrug It Off"],"relics":["Black Blood","aspiration:ChemicalBlood","hubris:ScarierMask","MutagenicStrength","Ornamental Fan","hubris:ToyBattleship"],"acts_visited":["Exordium","TheCity","TheBeyond"],"potions_floor_usage":[16,30,33,33,33,36,41,41],"damage_taken":[{"damage":1,"enemies":"Cultist","floor":1,"turns":3},{"damage":1,"enemies":"2 Louse","floor":3,"turns":3},{"damage":3,"enemies":"conspire:RoseBush","floor":5,"turns":5},{"damage":0,"enemies":"Red Slaver","floor":10,"turns":3},{"damage":2,"enemies":"Exordium Thugs","floor":12,"turns":4},{"damage":7,"enemies":"Blue Slaver","floor":13,"turns":3},{"damage":5,"enemies":"Looter","floor":14,"turns":3},{"damage":28,"enemies":"The Guardian","floor":16,"turns":13},{"damage":20,"enemies":"3 Byrds","floor":18,"turns":4},{"damage":12,"enemies":"Shell Parasite","floor":19,"turns":5},{"damage":32,"enemies":"Snecko","floor":21,"turns":6},{"damage":1,"enemies":"3 Cultists","floor":22,"turns":4},{"damage":13,"enemies":"Centurion and Healer","floor":27,"turns":4},{"damage":37,"enemies":"Gremlin Leader","floor":30,"turns":7},{"damage":72,"enemies":"Automaton","floor":33,"turns":13},{"damage":29,"enemies":"Orb Walker","floor":35,"turns":5},{"damage":13,"enemies":"3 Darklings","floor":36,"turns":7},{"damage":8,"enemies":"4 Shapes","floor":37,"turns":5},{"damage":16,"enemies":"Jaw Worm Horde","floor":39,"turns":4},{"damage":95,"enemies":"Giant Head","floor":41,"turns":8}],"seed_played":"-1995600789556282704","potions_obtained":[{"floor":1,"key":"Swift Potion"},{"floor":3,"key":"PowerPotion"},{"floor":14,"key":"FairyPotion"},{"floor":16,"key":"Strength Potion"},{"floor":30,"key":"Dexterity Potion"},{"floor":33,"key":"AttackPotion"},{"floor":35,"key":"Regen Potion"},{"floor":41,"key":"Regen Potion"}],"is_trial":false,"path_per_floor":["M","?","M","$","M","R","?","R","T","M","$","M","M","M","R","B",null,"M","M","?","M","M","$","R","?","T","M","R","$","E","?","R","B",null,"M","M","M","$","M","R","E"],"character_chosen":"IRONCLAD","items_purchased":["Flex","Shrug It Off","Body Slam"],"campfire_rested":3,"item_purchase_floors":[4,4,23],"current_hp_per_floor":[80,80,80,80,80,80,80,80,80,80,80,80,79,80,80,58,80,66,60,60,34,39,39,63,63,63,56,80,80,49,49,73,7,80,63,77,80,80,76,76,0,0],"gold":103,"neow_bonus":"HUNDRED_GOLD","is_daily":false,"chose_seed":false,"campfire_upgraded":4,"win_rate":0.0,"timestamp":1608281435,"path_taken":["M","?","M","$","M","R","?","R","T","M","$","M","M","?","R","BOSS","M","M","?","?","M","?","R","?","T","M","R","$","E","?","R","BOSS","M","M","M","$","M","R","E"],"items_purchased_type":["Card","Card","Card"],"build_version":"2020-12-13","purchased_purges":4,"victory":false,"max_hp_per_floor":[80,80,80,80,80,80,80,80,80,80,80,80,80,80,80,80,80,80,80,80,80,80,80,80,80,80,80,80,80,80,80,80,80,80,80,80,80,80,80,80,80,80],"card_choices":[{"not_picked":["Bloodletting","Carnage","Wild Strike"],"picked":"SKIP","floor":1},{"not_picked":["Rupture","Havoc","Anger"],"picked":"SKIP","floor":3},{"not_picked":["Wild Strike","Bloodletting"],"picked":"Anger","floor":5},{"not_picked":["Sentinel","Exhume","Sword Boomerang"],"picked":"SKIP","floor":10},{"not_picked":["Havoc","Shrug It Off"],"picked":"Iron Wave","floor":12},{"not_picked":["Headbutt","Perfected Strike"],"picked":"Flex","floor":13},{"not_picked":["Evolve","Dual Wield"],"picked":"Heavy Blade","floor":14},{"not_picked":["Barricade","conspire:HitWhereItHurts"],"picked":"Juggernaut","floor":16},{"not_picked":["Combust","Dropkick+1","Havoc"],"picked":"SKIP","floor":18},{"not_picked":["True Grit","Cleave"],"picked":"Shrug It Off","floor":19},{"not_picked":["Flex","Perfected Strike"],"picked":"Body Slam","floor":21},{"not_picked":["Pommel Strike","Disarm+1"],"picked":"Clash","floor":22},{"not_picked":["Hemokinesis+1","Armaments","Sword Boomerang"],"picked":"SKIP","floor":27},{"not_picked":["Power Through","Fire Breathing+1"],"picked":"Ghostly Armor","floor":30},{"not_picked":["Thunderclap","Feel No Pain+1"],"picked":"Cleave+1","floor":35},{"not_picked":["Anger+1","Dropkick+1"],"picked":"Body Slam+1","floor":36},{"not_picked":["Clothesline","Power Through+1"],"picked":"Barricade","floor":37},{"not_picked":["Flex","True Grit"],"picked":"Shrug It Off","floor":39}],"player_experience":1751472,"relics_obtained":[{"floor":9,"key":"aspiration:ChemicalBlood"},{"floor":26,"key":"Ornamental Fan"},{"floor":30,"key":"hubris:ToyBattleship"}],"event_choices":[{"cards_removed":["Strike_R"],"damage_healed":0,"gold_gain":0,"player_choice":"Purged","damage_taken":0,"max_hp_gain":0,"max_hp_loss":0,"event_name":"Purifier","floor":7,"gold_loss":0},{"damage_healed":0,"gold_gain":0,"player_choice":"Ignored","damage_taken":0,"max_hp_gain":0,"max_hp_loss":0,"event_name":"NoteForYourself","floor":20,"gold_loss":0},{"damage_healed":0,"gold_gain":0,"player_choice":"Inject Mutagens","damage_taken":0,"relics_obtained":["MutagenicStrength"],"max_hp_gain":0,"max_hp_loss":0,"event_name":"Drug Dealer","floor":25,"gold_loss":0}],"is_beta":false,"boss_relics":[{"not_picked":["aspiration:RitualDagger","conspire:SeveredTorchhead"],"picked":"hubris:ScarierMask"},{"not_picked":["vexMod:RockOfEvil","Pandora\u0027s Box"],"picked":"Black Blood"}],"items_purged_floors":[4,11,23,38],"is_endless":false,"potions_floor_spawned":[1,3,14,16,21,22,33,35],"killed_by":"Giant Head","ascension_level":0}}