{"host":"k4e6oxvdzzmkrew5","time":1608309149,"event":{"mods":["AchievementEnabler","BaseMod","BetterRewards","Clawfect","Colored Map","Custom Start","Highlight Path","Minty Spire (QoL Compilation)","Permanent Neow","Remove Card Discount Mod","Replay The Spire","Shop Mod","StSLib","Unceasing Turn Reminder"],"gold_per_floor":[110,130,130,2038,2056,2083,2083,2099,2125,2136,2136,2136,2152,2183,2193,1367,1367,1469,1469,1484,1500,1500,1500,257,257,282,302,372,372,312,3460,3495,3506,3506,3601,3601,3621,3647,3661,3335,3354,3389,2996,2996,3021,3021,2697,2697,2731,3000,3000,3000,3000,3000,2540,2567,2575],"floor_reached":58,"playtime":6901,"items_purged":["Strike_G","Strike_G","Strike_G","Strike_G","Strike_G","Defend_G","Defend_G","Defend_G","Defend_G","Replay:Poison Smokescreen","Draining Mist+1","Pot Of Greed","Pot Of Greed"],"score":1360,"play_id":"52bd718e-12c8-4f61-831d-8d46f4d19299","local_time":"20201218103229","is_ascension_mode":true,"campfire_choices":[{"floor":7,"key":"RECALL"},{"floor":17,"key":"REST"},{"floor":25,"key":"REST"},{"data":"Phantasmal Killer","floor":29,"key":"SMITH"},{"floor":44,"key":"REST"},{"data":"ReplayTheSpireMod:Brewmster","floor":51,"key":"SMITH"},{"data":"ReplayTheSpireMod:Necrosis","floor":54,"key":"SMITH"}],"circlet_count":0,"master_deck":["Defend_G+2","Survivor+1","Neutralize","CurseOfTheBell","Bane","Distraction","Atom Bomb","Dodge and Roll","Leg Sweep","Well Laid Plans+1","Acrobatics","Deflect+1","ReplayTheSpireMod:The Works","Bane+1","Bouncing Flask","Escape Plan","Prepared","Catalyst","Toxin Wave","Backflip","Crow Ritual","Phantasmal Killer+1","ReplayTheSpireMod:Speed Training","Escape Plan","RitualDagger+1","Secret Weapon","Fluid Movement","Acrobatics","Dagger Throw","Replay:Bootleg Shield Generator","Panache","Mind Blast","Dramatic Entrance","Pot Of Greed","Pot Of Greed","Pot Of Greed","Prepared+1","Poisoned Strike","Die Die Die","Panacea","Toxin Wave","Catalyst+1","Prepared","Burst+1","Flying Knee+1","Flying Knee+1","Footwork+1","ReplayTheSpireMod:The Works","Backflip+1","ReplayTheSpireMod:Brewmster+1","Deep Breath","Backstab","Madness","Madness","ReplayTheSpireMod:Necrosis+1","Noxious Fumes","ReplayTheSpireMod:From All Sides","Acrobatics"],"relics":["Calling Bell","Gremlin Food","Iron Hammer","Pocketwatch","Lee\u0027s Waffle","War Paint","Gremlin Horn","MerchantsRug","Smiling Mask","PreservedInsect","Omamori","Bag of Preparation","Art of War","Orrery","SacredBark","MutagenicStrength","Bottled Flame","Replay:Bottled Snecko","ReplayTheSpireMod:ShopPack","Grinning Jar","Basket Of Snakes","Replay:Mystery Machine","Membership Card","Nunchaku","HoveringKite","WingedGreaves","Peace Pipe","Pet Ghost","Cauldron","Sundial","Whetstone","Regal Pillow","OrangePellets","Simple Rune","Ring of Chaos","Ring of Misfortune","ReplayTheSpireMod:Lightbulb","Singing Bowl","HandDrill","Centennial Puzzle","Red Mask","White Beast Statue","Replay:Rubber Ducky","ClockworkSouvenir","Replay:Bandana"],"acts_visited":["Exordium","TheCity","TheBeyond","TheEnding"],"potions_floor_usage":[6,6,14,14,18,18,18,26,35,40,41,52,52,52,52,52,52,57,57,57,57,57,57,57],"damage_taken":[{"damage":0,"enemies":"Small Slimes","floor":1,"turns":4},{"damage":1,"enemies":"Cultist","floor":2,"turns":4},{"damage":0,"enemies":"2 Louse","floor":5,"turns":3},{"damage":22,"enemies":"Replay:BlueRogue","floor":6,"turns":6},{"damage":0,"enemies":"Large Slime","floor":8,"turns":5},{"damage":4,"enemies":"Exordium Wildlife","floor":10,"turns":5},{"damage":3,"enemies":"Exordium Thugs","floor":13,"turns":9},{"damage":0,"enemies":"3 Sentries","floor":14,"turns":7},{"damage":0,"enemies":"3 Louse","floor":15,"turns":4},{"damage":14,"enemies":"Fading Forest","floor":18,"turns":11},{"damage":0,"enemies":"2 Thieves","floor":20,"turns":3},{"damage":6,"enemies":"Shell Parasite","floor":21,"turns":4},{"damage":0,"enemies":"Replay:Snechameleon","floor":26,"turns":4},{"damage":0,"enemies":"Snecko","floor":27,"turns":3},{"damage":0,"enemies":"Slavers","floor":32,"turns":1},{"damage":0,"enemies":"3 Cultists","floor":33,"turns":1},{"damage":13,"enemies":"Champ","floor":35,"turns":5},{"damage":0,"enemies":"3 Darklings","floor":37,"turns":3},{"damage":0,"enemies":"Orb Walker","floor":39,"turns":1},{"damage":15,"enemies":"Transient","floor":41,"turns":5},{"damage":0,"enemies":"R_Hoarder","floor":42,"turns":2},{"damage":0,"enemies":"Nemesis","floor":49,"turns":1},{"damage":13,"enemies":"Replay:Hell Engine","floor":52,"turns":5},{"damage":0,"enemies":"Shield and Spear","floor":56,"turns":2},{"damage":61,"enemies":"The Heart","floor":57,"turns":6}],"seed_played":"-8275531773774462597","potions_obtained":[{"floor":3,"key":"Swift Potion"},{"floor":3,"key":"Poison Potion"},{"floor":3,"key":"Cursed Concoction"},{"floor":6,"key":"CultistPotion"},{"floor":8,"key":"Fire Potion"},{"floor":15,"key":"ColorlessPotion"},{"floor":27,"key":"SteroidPotion"},{"floor":39,"key":"Energy Potion"},{"floor":40,"key":"DuplicationPotion"},{"floor":40,"key":"Toxic Potion"}],"is_trial":false,"path_per_floor":["M","M","?","$","M","E","R","M","T","M","PTL","PTL","M","E","M","$","R_BF","B",null,"M","M","?","?","$","R","E","M","T","R","?","$","E","M","R_BF","B",null,"M","?","M","$","M","E","$","R","T","?","$","?","E","?","R","B",null,"R","$","E","B",null],"character_chosen":"THE_SILENT","items_purchased":["Lee\u0027s Waffle","War Paint","Gremlin Horn","MerchantsRug","AttackPotion","Distraction","Atom Bomb","Bag of Preparation","Art of War","Orrery","Milkshake","Toxin Wave","Backflip","Crow Ritual","Bottled Flame","Replay:Bottled Snecko","ReplayTheSpireMod:ShopPack","Swift Potion","Milkshake","Elixir","Secret Weapon","Fluid Movement","Acrobatics","Dagger Throw","Replay:Bootleg Shield Generator","Basket Of Snakes","Replay:Mystery Machine","Membership Card","DuplicationPotion","Ancient Potion","Poisoned Strike","Die Die Die","Panacea","Peace Pipe","Pet Ghost","Fruit Juice","Cauldron","Whetstone","Regal Pillow","OrangePellets","ColorlessPotion","ReplayTheSpireMod:Brewmster","Deep Breath","ReplayTheSpireMod:Lightbulb","Singing Bowl","HandDrill","Backstab","White Beast Statue","Replay:Rubber Ducky","ClockworkSouvenir","BlessingOfTheForge","Fire Potion","Weak Potion","Noxious Fumes","ReplayTheSpireMod:From All Sides"],"campfire_rested":3,"item_purchase_floors":[4,4,4,4,4,4,4,16,16,16,16,16,16,16,24,24,24,24,24,24,24,24,24,24,24,31,31,31,31,31,31,31,31,40,40,40,40,43,43,43,43,43,43,47,47,47,47,55,55,55,55,55,55,55,55],"current_hp_per_floor":[70,69,69,77,77,55,55,55,55,51,51,51,48,48,48,48,71,75,77,77,71,71,65,65,77,77,77,77,77,77,77,77,77,77,64,77,77,47,47,57,42,42,42,83,83,83,83,72,72,72,72,59,87,87,87,87,26],"gold":2575,"neow_bonus":"BOSS_RELIC","is_daily":false,"chose_seed":false,"campfire_upgraded":3,"win_rate":0.0,"timestamp":1608309149,"path_taken":["M","M","?","$","M","E","R","M","T","M","PTL","PTL","M","E","M","?","R_BF","BOSS","M","M","?","?","$","R","E","M","T","R","?","$","E","?","R_BF","BOSS","M","?","?","$","?","E","$","R","T","?","$","?","E","?","R","BOSS","R","$","E","BOSS"],"items_purchased_type":["Relic","Relic","Relic","Relic","Potion","Card","Card","Relic","Relic","Relic","Potion","Card","Card","Card","Relic","Relic","Relic","Potion","Potion","Potion","Card","Card","Card","Card","Card","Relic","Relic","Relic","Potion","Potion","Card","Card","Card","Relic","Relic","Potion","Relic","Relic","Relic","Relic","Potion","Card","Card","Relic","Relic","Relic","Card","Relic","Relic","Relic","Potion","Potion","Potion","Card","Card"],"build_version":"2020-12-13","purchased_purges":13,"victory":true,"max_hp_per_floor":[70,70,70,77,77,77,77,77,77,77,77,77,77,77,77,77,77,77,77,77,77,77,77,77,77,77,77,77,77,77,77,77,77,77,77,77,77,77,77,87,87,87,87,87,87,87,87,87,87,87,87,87,87,87,87,87,87],"card_choices":[{"not_picked":["Outmaneuver","Backstab"],"picked":"Skewer","floor":1},{"not_picked":["Outmaneuver","Sucker Punch"],"picked":"Bane","floor":2},{"not_picked":["Sucker Punch","PiercingWail"],"picked":"Dodge and Roll","floor":5},{"not_picked":["All Out Attack","Prepared"],"picked":"Leg Sweep","floor":6},{"not_picked":["Endless Agony","PiercingWail"],"picked":"Well Laid Plans","floor":8},{"not_picked":["Sneak Up","Finisher"],"picked":"Acrobatics","floor":10},{"not_picked":["Underhanded Strike","Tactician"],"picked":"Deflect","floor":13},{"not_picked":["Bouncing Flask","Deflect"],"picked":"ReplayTheSpireMod:The Works","floor":14},{"not_picked":["Draining Mist","Flying Knee"],"picked":"Replay:Poison Smokescreen","floor":15},{"not_picked":["Reflex","Setup"],"picked":"Bane","floor":16},{"not_picked":["Hidden Blade","Underhanded Strike"],"picked":"Bouncing Flask","floor":16},{"not_picked":["Poisoned Stab","Quick Slash"],"picked":"Escape Plan","floor":16},{"not_picked":["Doppelganger","Outmaneuver"],"picked":"Prepared","floor":16},{"not_picked":["Distraction","Heel Hook"],"picked":"Catalyst","floor":16},{"not_picked":["Doppelganger","Die Die Die"],"picked":"Phantasmal Killer","floor":18},{"not_picked":["Quick Slash","Sucker Punch+1"],"picked":"ReplayTheSpireMod:Speed Training","floor":20},{"not_picked":["Underhanded Strike","Accuracy+1"],"picked":"Escape Plan","floor":21},{"not_picked":["Transmutation","ReplayTheSpireMod:Necrogeddon"],"picked":"Panache","floor":24},{"not_picked":["ReplayTheSpireMod:Uncanny Aura","Good Instincts"],"picked":"Mind Blast","floor":24},{"not_picked":["Good Instincts","Midas Touch"],"picked":"Dramatic Entrance","floor":24},{"not_picked":["Sucker Punch","Deflect"],"picked":"Draining Mist+1","floor":26},{"not_picked":["Flying Knee","Acrobatics"],"picked":"Prepared+1","floor":27},{"not_picked":["Cloak And Dagger","Fluid Movement"],"picked":"Toxin Wave","floor":32},{"not_picked":["Bouncing Flask+1","Sucker Punch"],"picked":"Catalyst+1","floor":33},{"not_picked":["After Image","Venomology"],"picked":"Burst","floor":35},{"not_picked":["Riddle With Holes+1","Cloak And Dagger+1"],"picked":"Flying Knee+1","floor":37},{"not_picked":["Replay:Poison Smokescreen","Reflex"],"picked":"Flying Knee+1","floor":38},{"not_picked":["Dodge and Roll","Accuracy"],"picked":"Footwork+1","floor":39},{"not_picked":["Infinite Blades+1","ReplayTheSpireMod:Speed Training"],"picked":"ReplayTheSpireMod:The Works","floor":41},{"not_picked":["Dagger Throw","Bane"],"picked":"Backflip+1","floor":42},{"not_picked":["Escape Plan","Backflip+1"],"picked":"ReplayTheSpireMod:Necrosis","floor":49},{"not_picked":["Quick Slash+1","Outmaneuver"],"picked":"Acrobatics","floor":56}],"player_experience":150368,"relics_obtained":[{"floor":0,"key":"Gremlin Food"},{"floor":0,"key":"Iron Hammer"},{"floor":0,"key":"Pocketwatch"},{"floor":6,"key":"Smiling Mask"},{"floor":9,"key":"PreservedInsect"},{"floor":14,"key":"Omamori"},{"floor":26,"key":"Grinning Jar"},{"floor":32,"key":"Nunchaku"},{"floor":38,"key":"WingedGreaves"},{"floor":42,"key":"Sundial"},{"floor":45,"key":"Simple Rune"},{"floor":46,"key":"Ring of Chaos"},{"floor":46,"key":"Ring of Misfortune"},{"floor":49,"key":"Centennial Puzzle"},{"floor":56,"key":"Replay:Bandana"}],"event_choices":[{"damage_healed":0,"gold_gain":0,"player_choice":"Got Potions","damage_taken":0,"max_hp_gain":0,"max_hp_loss":0,"event_name":"Lab","floor":3,"gold_loss":0},{"damage_healed":0,"gold_gain":0,"player_choice":"Inject Mutagens","damage_taken":0,"relics_obtained":["MutagenicStrength"],"max_hp_gain":0,"max_hp_loss":0,"event_name":"Drug Dealer","floor":22,"gold_loss":0},{"damage_healed":0,"gold_gain":0,"player_choice":"Joined the Cult","damage_taken":6,"max_hp_gain":0,"max_hp_loss":0,"event_name":"Nest","floor":23,"gold_loss":0,"cards_obtained":["RitualDagger"]},{"damage_healed":0,"gold_gain":0,"player_choice":"Embrace Madness","damage_taken":11,"max_hp_gain":0,"max_hp_loss":0,"event_name":"Winding Halls","floor":48,"gold_loss":0,"cards_obtained":["Madness","Madness"]},{"damage_healed":0,"gold_gain":0,"player_choice":"Paid","damage_taken":0,"relics_obtained":["Red Mask"],"max_hp_gain":0,"max_hp_loss":0,"event_name":"Tomb of Lord Red Mask","floor":50,"gold_loss":2731}],"is_beta":false,"boss_relics":[{"not_picked":["Snecko Eye","Sozu"],"picked":"SacredBark"},{"not_picked":["Velvet Choker","Pandora\u0027s Box"],"picked":"HoveringKite"}],"items_purged_floors":[4,16,16,16,16,16,16,24,24,43,43,43,43],"is_endless":false,"potions_floor_spawned":[6,8,15,27,33,39,49,56],"ascension_level":1}}