{"host":"4a6fro0of1ie0h2w","time":1608288195,"event":{"mods":["Aspiration","BaseMod","CCEM","Colored Map","Conspire","Downfall","GifTheSpireLib","Halation","Highlight Path","Hubris","Infinite Spire","Marisa????????","Minty Spire (QoL Compilation)","Permanent Neow","Replay The Spire","StSLib","Stuff the Spire","The Servant 0.9.4"],"gold_per_floor":[99,116,34,67,52,87,87,99,24,52,52,64,64,122,141,141,141],"floor_reached":16,"playtime":861,"items_purged":[],"score":124,"play_id":"f26fe4d7-3c44-4d59-8905-4423879d6133","local_time":"20201218124315","is_ascension_mode":true,"campfire_choices":[{"data":"expansioncontent:CaCaw","floor":1,"key":"SMITH"},{"data":"hexamod:RainOfEmbers","floor":9,"key":"SMITH"}],"circlet_count":0,"master_deck":["hexamod:Strike+1","hexamod:Strike","hexamod:Strike","hexamod:Defend","hexamod:Defend","hexamod:Defend","hexamod:Defend","hexamod:Sear","hexamod:Float","expansioncontent:CaCaw+1","hexamod:HauntingEcho","hexamod:RainOfEmbers+1","hexamod:FourthSeal","hexamod:PhantomFireball","hexamod:GhostOfSpireFuture","hexamod:FifthSeal","hexamod:BacktrackSmack","hexamod:SixthSeal","hexamod:ThirdSeal","hexamod:EmpoweredFlame","Pot Of Greed","Pot Of Greed","hexamod:SixthSeal","hexamod:EtherealExpedition"],"relics":["hexamod:SpiritBrand","Blood Vial","halation:Toothbrush","downfall:HeartBlessingBlue","Lantern","Grinning Jar"],"acts_visited":["Exordium"],"potions_floor_usage":[6,6,10,14,14,14,14,14,16],"damage_taken":[{"damage":6,"enemies":"Jaw Worm","floor":2,"turns":4},{"damage":0,"enemies":"downfall:FleeingMerchant","floor":3,"turns":4},{"damage":26,"enemies":"Replay:BlueRogue","floor":4,"turns":7},{"damage":4,"enemies":"downfall:FleeingMerchant","floor":5,"turns":4},{"damage":19,"enemies":"Gremlin Nob","floor":6,"turns":4},{"damage":3,"enemies":"2 Louse","floor":8,"turns":2},{"damage":10,"enemies":"Lagavulin","floor":10,"turns":7},{"damage":7,"enemies":"Small Slimes","floor":12,"turns":3},{"damage":28,"enemies":"Gremlin Nob","floor":14,"turns":5},{"damage":15,"enemies":"conspire:2 RoseBushes","floor":15,"turns":6},{"damage":23,"enemies":"downfall:Watcher","floor":16,"turns":4}],"seed_played":"-6330938434584054397","potions_obtained":[{"floor":4,"key":"hexamod:InfernoChargePotion"},{"floor":4,"key":"SmokeBomb"},{"floor":5,"key":"SteroidPotion"},{"floor":6,"key":"Milkshake"},{"floor":6,"key":"Strength Potion"},{"floor":8,"key":"Regen Potion"},{"floor":10,"key":"EntropicBrew"},{"floor":15,"key":"CultistPotion"},{"floor":15,"key":"SmokeBomb"}],"is_trial":false,"path_per_floor":["R","M","$","E","$","E","T","M","R","E","?","M","?","?","M","B"],"character_chosen":"THE_SPIRIT","items_purchased":["hexamod:FourthSeal"],"campfire_rested":0,"item_purchase_floors":[3],"current_hp_per_floor":[70,64,64,38,36,19,19,18,28,35,43,38,41,15,2,0,0],"gold":141,"neow_bonus":"RANDOM_COLORLESS","is_daily":false,"chose_seed":false,"campfire_upgraded":2,"win_rate":0.0,"timestamp":1608288195,"path_taken":["R","M","$","E","$","E","T","M","R","E","?","M","?","?","M","BOSS"],"items_purchased_type":["Card"],"build_version":"2020-12-13","purchased_purges":0,"victory":false,"max_hp_per_floor":[70,70,70,70,70,70,70,70,80,80,80,80,83,83,83,83,83],"card_choices":[{"not_picked":["ReplayTheSpireMod:Uncanny Aura","expansioncontent:LastStand"],"picked":"expansioncontent:CaCaw","floor":0},{"not_picked":["hexamod:FlamesFromBeyond","hexamod:PowerFromBeyond"],"picked":"hexamod:HauntingEcho","floor":2},{"not_picked":["hexamod:AdvancingGuard","hexamod:Firestarter"],"picked":"hexamod:RainOfEmbers","floor":3},{"not_picked":["hexamod:AdvancingGuard","hexamod:NightmareGuise"],"picked":"hexamod:PhantomFireball","floor":4},{"not_picked":["hexamod:SpectersWail","hexamod:SoulSteal"],"picked":"hexamod:GhostOfSpireFuture","floor":5},{"not_picked":["hexamod:InspiringFlames","hexamod:NightmareStrike"],"picked":"hexamod:FifthSeal","floor":6},{"not_picked":["hexamod:NightmareStrike","hexamod:PhantomFireball"],"picked":"hexamod:BacktrackSmack","floor":8},{"not_picked":["hexamod:FourthSeal","hexamod:ThirdSeal"],"picked":"hexamod:SixthSeal","floor":10},{"not_picked":["hexamod:SoulSteal","hexamod:DynamicBlow"],"picked":"hexamod:ThirdSeal","floor":10},{"not_picked":["hexamod:NightmareStrike","hexamod:Haunt"],"picked":"hexamod:EmpoweredFlame","floor":12},{"not_picked":["hexamod:FourthSeal","hexamod:FirstSeal"],"picked":"hexamod:SixthSeal","floor":14},{"not_picked":["hexamod:CatchUp","hexamod:ThermalTransfer"],"picked":"hexamod:EtherealExpedition","floor":15},{"not_picked":["hexamod:GhostflameInferno","hexamod:FastForward","hexamod:NightmareGuise"],"picked":"SKIP","floor":15}],"player_experience":184234,"relics_obtained":[{"floor":4,"key":"Blood Vial"},{"floor":6,"key":"halation:Toothbrush"},{"floor":10,"key":"Lantern"},{"floor":14,"key":"Grinning Jar"}],"event_choices":[],"is_beta":false,"boss_relics":[],"items_purged_floors":[],"is_endless":false,"potions_floor_spawned":[4,6,8,15],"killed_by":"downfall:Watcher","ascension_level":1}}