{"host":"8h3glbk9j4k4ylc4","time":1608306256,"event":{"mods":["AchievementEnabler","Act Like it!","BaseMod","Colored Map","Colored Powertips","Energized Spire","Gensokyo","Hallownest","Hermit","Hubris","Infinite Spire","Jorbs\u0027s Wanderer Trilogy","Lobotomy","Marisa????????","Minty Spire (QoL Compilation)","Replay The Spire","Somnambulant","StSLib","Td1madao Mod","The Bug Knight","The Judge","The Senshi"],"gold_per_floor":[117,60,74,74,84,84,112,112,136,166,184,1,1,20,20,117,117,133,133,133,151,169,201,201,201,201],"floor_reached":25,"playtime":1388,"items_purged":[],"score":241,"play_id":"1dd2aff2-3fbb-40e4-9e52-ed6cbfdc14fd","local_time":"20201218174416","daily_mods":["Draft"],"is_ascension_mode":true,"campfire_choices":[{"data":"BasicCrystalCard","floor":6.0,"key":"SMITH"},{"data":"Redo","floor":8.0,"key":"SMITH"},{"data":"Crystallizer","floor":13.0,"key":"SMITH"},{"data":"BasicCrystalCard","floor":15.0,"key":"SMITH"},{"data":"ReplaySort","floor":24,"key":"SMITH"}],"circlet_count":0,"master_deck":["Lockon","Redo+1","ReplaySort+1","Compile Driver","Compile Driver","Stack","Coolheaded","Sweeping Beam","Darkness","Self Repair","Leap","Rebound","Darkness","Leap","Coolheaded","White Noise","Loop+1","Hologram","Cold Snap","Redo+1","BasicCrystalCard+1","Leap","Coolheaded","BasicCrystalCard+1","Crystallizer+1","hubris:SpecializedCircuitry","FIFO Queue","BasicCrystalCard+1"],"relics":["Cracked Core","Gremlin Horn","hubris:SlimyHat","DataDisk","Toy Ornithopter","energizedSpire:DeadBattery","Ring of Peace","infinitespire:Satchel","Frozen Eye"],"acts_visited":["Gensokyo:Gensokyo","Gensokyo:Gensokyoer"],"potions_floor_usage":[25],"damage_taken":[{"damage":0.0,"enemies":"Gensokyo:3_Fairies","floor":1.0,"turns":3.0},{"damage":8.0,"enemies":"Gensokyo:Gryphon","floor":3.0,"turns":4.0},{"damage":0.0,"enemies":"Gensokyo:2_Kodama","floor":5.0,"turns":5.0},{"damage":23.0,"enemies":"Gensokyo:Aya","floor":7.0,"turns":6.0},{"damage":6.0,"enemies":"Gensokyo:Cirno","floor":10.0,"turns":6.0},{"damage":0.0,"enemies":"Gensokyo:LivingMonolith","floor":11.0,"turns":2.0},{"damage":3.0,"enemies":"Gensokyo:Python_and_Kodama","floor":14.0,"turns":4.0},{"damage":18.0,"enemies":"Gensokyo:Kokoro","floor":16.0,"turns":7.0},{"damage":7.0,"enemies":"Gensokyo:CosmicMonolith","floor":18.0,"turns":4.0},{"damage":14.0,"enemies":"Gensokyo:AngelMirror","floor":21.0,"turns":4.0},{"damage":0.0,"enemies":"Gensokyo:Wraith","floor":22.0,"turns":5.0},{"damage":21,"enemies":"Nightmare","floor":23,"turns":8},{"damage":0,"enemies":"Gensokyo:Koishi","floor":25,"turns":6}],"seed_played":"-4151532747570453172","potions_obtained":[{"floor":7.0,"key":"Energy Potion"},{"floor":10.0,"key":"Explosive Potion"},{"floor":22.0,"key":"SpeedPotion"}],"is_trial":true,"path_per_floor":["M","$","M","?","M","R","E","R","T","E","M","$","R","M","R","B",null,"M","?","?","M","M","NM","R","E"],"character_chosen":"DEFECT","items_purchased":["Loop+1","Crystallizer","Toy Ornithopter"],"campfire_rested":0,"item_purchase_floors":[2,12,12],"current_hp_per_floor":[75,75,74,74,75,75,59,59,59,60,60,60,60,64,64,53,75,68,68,68,54,61,47,47,52,52],"gold":201,"neow_bonus":"","is_daily":false,"chose_seed":false,"campfire_upgraded":5,"win_rate":0.0,"timestamp":1608306256,"path_taken":["M","?","M","?","M","R","E","R","T","E","M","$","R","M","R","BOSS","M","?","?","M","M","NM","R","E"],"items_purchased_type":["Card","Card","Relic"],"build_version":"2020-12-13","purchased_purges":0,"victory":false,"max_hp_per_floor":[75,75,75,75,75,75,75,75,75,75,75,75,75,75,75,75,75,75,75,75,75,75,75,75,75,75],"card_choices":[{"not_picked":["Rebound","ReplayTheSpireMod:GoodbyeWorld"],"picked":"Lockon","floor":0.0},{"not_picked":["Turbo","Cold Snap"],"picked":"Redo","floor":0.0},{"not_picked":["ReplayTheSpireMod:System Scan","ReplayTheSpireMod:Reroute Power"],"picked":"ReplaySort","floor":0.0},{"not_picked":["Leap","Melter"],"picked":"Compile Driver","floor":0.0},{"not_picked":["Gash","ReplayGash"],"picked":"Compile Driver","floor":0.0},{"not_picked":["Self Repair","Compile Driver"],"picked":"Stack","floor":0.0},{"not_picked":["Undo","Redo"],"picked":"Coolheaded","floor":0.0},{"not_picked":["Steam","Panic Button"],"picked":"Sweeping Beam","floor":0.0},{"not_picked":["Cold Snap","Consume"],"picked":"Darkness","floor":0.0},{"not_picked":["Streamline","Beam Cell"],"picked":"Self Repair","floor":0.0},{"not_picked":["Cold Snap","Steam"],"picked":"Leap","floor":0.0},{"not_picked":["Storm","Stack"],"picked":"Rebound","floor":0.0},{"not_picked":["Leap","Conserve Battery"],"picked":"Darkness","floor":0.0},{"not_picked":["Beam Cell","ReplayTheSpireMod:System Scan"],"picked":"Leap","floor":0.0},{"not_picked":["Conserve Battery","Rebound"],"picked":"Coolheaded","floor":0.0},{"not_picked":["Steam Power","Streamline"],"picked":"White Noise","floor":1.0},{"not_picked":["Barrage","Steam Power"],"picked":"Hologram","floor":3.0},{"not_picked":["Barrage","Conserve Battery"],"picked":"Cold Snap","floor":4.0},{"not_picked":["Rebound","Reinforced Body"],"picked":"Redo","floor":4.0},{"not_picked":["Reprogram","Steam"],"picked":"BasicCrystalCard","floor":5.0},{"not_picked":["Meteor Strike","Cold Snap"],"picked":"Leap","floor":7.0},{"not_picked":["Redo","Auto Shields"],"picked":"Coolheaded","floor":10.0},{"not_picked":["ReplayTheSpireMod:Repulse","Barrage"],"picked":"BasicCrystalCard","floor":11.0},{"not_picked":["Redo","Beam Cell","FTL"],"picked":"SKIP","floor":14.0},{"not_picked":["ReplayTheSpireMod:Omega Cannon","Thunder Strike"],"picked":"hubris:SpecializedCircuitry","floor":16.0},{"not_picked":["Redo","Leap+1"],"picked":"FIFO Queue","floor":18.0},{"not_picked":["Fusion","Ball Lightning"],"picked":"BasicCrystalCard+1","floor":21.0},{"not_picked":["Gash","Barrage","Double Energy"],"picked":"SKIP","floor":22.0},{"not_picked":["ReplayTheSpireMod:Reroute Power","Crystallizer","Go for the Eyes"],"picked":"SKIP","floor":23}],"player_experience":296476,"relics_obtained":[{"floor":7.0,"key":"Gremlin Horn"},{"floor":9.0,"key":"hubris:SlimyHat"},{"floor":10.0,"key":"DataDisk"},{"floor":20.0,"key":"Ring of Peace"},{"floor":23,"key":"infinitespire:Satchel"}],"event_choices":[],"is_beta":false,"boss_relics":[{"not_picked":["hubris:BlackHole","hubris:CrackedHourglass"],"picked":"energizedSpire:DeadBattery"}],"items_purged_floors":[],"is_endless":true,"potions_floor_spawned":[7,10,22,23],"killed_by":"Gensokyo:Koishi","ascension_level":1}}