{"host":"ifd7sfhtlbe34qll","time":1608325252,"event":{"mods":["2.2 Compatiblity","BaseMod","Block Reminder","Colored Map","Downfall","Highlight Path","Minty Spire (QoL Compilation)","Potion Indicator Mod","Quick Restart","Random Character Button","Relic Stats","StSLib"],"gold_per_floor":[99,160,191,366,3,20,20,34,34,61,83,83,108,157,171,277,277,277,277,277],"floor_reached":19,"playtime":1370,"items_purged":["Doubt"],"score":228,"play_id":"40be2386-55e3-4369-8216-b8dbb963c423","local_time":"20201218150052","is_ascension_mode":true,"campfire_choices":[{"data":"hexamod:Sear","floor":1,"key":"SMITH"},{"floor":9,"key":"REST"},{"data":"hexamod:Float","floor":18,"key":"SMITH"}],"circlet_count":0,"master_deck":["hexamod:Strike","hexamod:Strike","hexamod:Strike","hexamod:Defend","hexamod:Defend","hexamod:Defend+1","hexamod:Defend+1","hexamod:Sear+1","hexamod:Float+1","expansioncontent:PrepareCrush","hexamod:RainOfEmbers","hexamod:EmpoweredFlame","hexamod:SwordOfDarkness","hexamod:RainOfEmbers","hexamod:PhantomCloak","hexamod:HauntingEcho","hexamod:TimeOfNeed","hexamod:Hexaguard","hexamod:SecondSeal","hexamod:SpectersWail","hexamod:HeatMetal","hexamod:InspiringFlames","hexamod:ApocalypticArmor"],"relics":["hexamod:SpiritBrand","Bottled Lightning","Calipers","Chemical X","Dream Catcher","Peace Pipe","War Paint","Black Star"],"acts_visited":["Exordium","TheCity"],"potions_floor_usage":[13,16,19],"damage_taken":[{"damage":32,"enemies":"Lagavulin Event","floor":2,"turns":6},{"damage":16,"enemies":"Gremlin Nob","floor":3,"turns":4},{"damage":0,"enemies":"downfall:FleeingMerchant","floor":5,"turns":4},{"damage":0,"enemies":"Cultist","floor":6,"turns":3},{"damage":0,"enemies":"Small Slimes","floor":8,"turns":3},{"damage":3,"enemies":"3 Sentries","floor":10,"turns":7},{"damage":0,"enemies":"2 Louse","floor":11,"turns":2},{"damage":4,"enemies":"Red Slaver","floor":13,"turns":3},{"damage":7,"enemies":"Exordium Wildlife","floor":15,"turns":4},{"damage":12,"enemies":"downfall:Watcher","floor":16,"turns":6},{"damage":61,"enemies":"Gremlin Leader","floor":19,"turns":6}],"seed_played":"3308142514068300996","potions_obtained":[{"floor":3,"key":"Weak Potion"},{"floor":6,"key":"Strength Potion"},{"floor":11,"key":"Energy Potion"},{"floor":15,"key":"champ:CounterPotion"}],"is_trial":false,"path_per_floor":["R","?","E","?","$","M","T","M","R","E","M","?","M","T","M","B",null,"R","E"],"character_chosen":"THE_SPIRIT","items_purchased":["Chemical X","hexamod:RainOfEmbers","hexamod:PhantomCloak"],"campfire_rested":1,"item_purchase_floors":[5,5,5],"current_hp_per_floor":[63,31,15,15,15,15,15,15,36,33,33,33,29,29,22,10,55,55,0,0],"gold":277,"neow_bonus":"RANDOM_COLORLESS","is_daily":false,"chose_seed":false,"campfire_upgraded":2,"win_rate":0.0,"timestamp":1608325252,"path_taken":["R","?","E","?","$","M","T","M","R","E","M","?","M","?","M","BOSS","R","E"],"items_purchased_type":["Relic","Card","Card"],"build_version":"2020-12-13","purchased_purges":1,"victory":false,"max_hp_per_floor":[70,70,70,70,70,70,70,70,70,70,70,70,70,70,70,70,70,70,70,70],"relic_stats":{"Peace Pipe":0,"Dream Catcher":1,"counters":[11,48],"Black Star":0,"Chemical X":[20],"War Paint":["hexamod:Defend","hexamod:Defend"],"obtain_stats":[{"Peace Pipe":10,"Dream Catcher":7,"Calipers":3,"Black Star":17,"Bottled Lightning":2,"Chemical X":5,"War Paint":14,"hexamod:SpiritBrand":0},{"Peace Pipe":6,"Dream Catcher":4,"Calipers":2,"Black Star":10,"Bottled Lightning":1,"Chemical X":3,"War Paint":8,"hexamod:SpiritBrand":0},{"Peace Pipe":27,"Dream Catcher":17,"Calipers":10,"Black Star":42,"Bottled Lightning":6,"Chemical X":14,"War Paint":32,"hexamod:SpiritBrand":0}]},"card_choices":[{"not_picked":["expansioncontent:SlimeTackle","expansioncontent:LastStand"],"picked":"expansioncontent:PrepareCrush","floor":0},{"not_picked":["hexamod:NightmareGuise","hexamod:ShieldOfDarkness"],"picked":"hexamod:RainOfEmbers","floor":2},{"not_picked":["hexamod:RadiantFlame","hexamod:InspiringFlames"],"picked":"hexamod:EmpoweredFlame","floor":3},{"not_picked":["hexamod:ChargedBarrage","hexamod:BurningTouch"],"picked":"hexamod:SwordOfDarkness","floor":5},{"not_picked":["hexamod:NightmareGuise","hexamod:CatchUp"],"picked":"hexamod:HauntingEcho","floor":6},{"not_picked":["hexamod:HeatCrush","hexamod:ThermalTransfer"],"picked":"hexamod:TimeOfNeed","floor":8},{"not_picked":["hexamod:BurningTouch","hexamod:NightmareGuise"],"picked":"hexamod:Hexaguard","floor":9},{"not_picked":["hexamod:SwordOfDarkness","hexamod:GhostShield"],"picked":"hexamod:SecondSeal","floor":10},{"not_picked":["hexamod:Haunt","hexamod:BurningTouch"],"picked":"hexamod:SpectersWail","floor":11},{"not_picked":["hexamod:HauntingEcho","hexamod:PowerFromBeyond"],"picked":"hexamod:HeatMetal","floor":13},{"not_picked":["hexamod:RecurringNightmare","hexamod:ThermalTransfer"],"picked":"hexamod:InspiringFlames","floor":15},{"not_picked":["hexamod:TimeOfNeed","hexamod:WildfireWeapon"],"picked":"hexamod:ApocalypticArmor","floor":16}],"player_experience":1591267,"relics_obtained":[{"floor":2,"key":"Bottled Lightning"},{"floor":3,"key":"Calipers"},{"floor":7,"key":"Dream Catcher"},{"floor":10,"key":"Peace Pipe"},{"floor":14,"key":"War Paint"}],"event_choices":[{"cards_removed":["hexamod:Strike"],"damage_healed":0,"gold_gain":0,"player_choice":"Card Removal","damage_taken":0,"max_hp_gain":0,"max_hp_loss":0,"event_name":"The Cleric","floor":12,"gold_loss":0}],"is_beta":false,"boss_relics":[{"not_picked":["Fusion Hammer","Velvet Choker"],"picked":"Black Star"}],"items_purged_floors":[5],"is_endless":false,"potions_floor_spawned":[3,6,11,15],"killed_by":"Gremlin Leader","ascension_level":6}}