{"host":"cijhj3091wf4aho3","time":1608266738,"event":{"mods":["BaseMod","Colored Map","Colored Powertips","Friendly Minions","GifTheSpireLib","Highlight Path","Minty Spire (QoL Compilation)","Permanent Neow","Random Character Button","Relic Sorter","Relic Stats","StSLib","everything is the same but u backflip on backflip","slay the spire mod where everything is the same but ironclad has a cowboy hat"],"gold_per_floor":[19,35,48,48,58,390,390,104,104,117,117,144,144,163,163,266,266,286,117,128,308,325,325,354,354,404,226,151,8,8,8,8,110,110,123,123,174,185,198,198,198,7,7,24,44,73,73,105,105,105],"floor_reached":51,"playtime":2006,"items_purged":["Strike_G","Strike_G","Strike_G"],"score":955,"play_id":"f4a7ce52-e114-4eeb-9494-ab0e3a2587aa","local_time":"20201217204538","is_ascension_mode":true,"campfire_choices":[{"data":"Storm of Steel","floor":7,"key":"SMITH"},{"data":"Well Laid Plans","floor":11,"key":"SMITH"},{"data":"Crippling Poison","floor":15,"key":"SMITH"},{"data":"Adrenaline","floor":23,"key":"SMITH"},{"data":"Phantasmal Killer","floor":25,"key":"SMITH"},{"data":"Accuracy","floor":32,"key":"SMITH"},{"floor":40,"key":"REST"},{"data":"Accuracy","floor":47,"key":"SMITH"},{"floor":49,"key":"REST"}],"circlet_count":0,"master_deck":["Defend_G+1","Defend_G","Defend_G","Defend_G","Survivor","Neutralize","Storm of Steel+1","Backflip","Crippling Poison+1","Dagger Spray","Acrobatics","Phantasmal Killer+1","Well Laid Plans+1","Calculated Gamble+1","Backstab","Adrenaline+1","Terror+1","Accuracy+1","Footwork+1","Accuracy+1","Dodge and Roll+1","Acrobatics","Dodge and Roll","Blade Dance","Backflip+1","Footwork","Blade Dance+1","Leg Sweep+1"],"relics":["Ring of the Snake","Old Coin","Gremlin Horn","Shuriken","Sozu","Anchor","Dream Catcher","Lee\u0027s Waffle","Philosopher\u0027s Stone","Ginger","War Paint","Bottled Tornado","Potion Belt","Paper Crane"],"acts_visited":["Exordium","TheCity","TheBeyond"],"potions_floor_usage":[6,24,33],"damage_taken":[{"damage":0,"enemies":"Small Slimes","floor":1,"turns":4},{"damage":0,"enemies":"Cultist","floor":2,"turns":4},{"damage":1,"enemies":"Jaw Worm","floor":3,"turns":4},{"damage":0,"enemies":"2 Fungi Beasts","floor":5,"turns":5},{"damage":6,"enemies":"3 Sentries","floor":6,"turns":6},{"damage":1,"enemies":"Gremlin Gang","floor":10,"turns":5},{"damage":15,"enemies":"Gremlin Nob","floor":12,"turns":4},{"damage":0,"enemies":"Blue Slaver","floor":14,"turns":1},{"damage":0,"enemies":"Slime Boss","floor":16,"turns":3},{"damage":0,"enemies":"Spheric Guardian","floor":18,"turns":3},{"damage":0,"enemies":"Chosen","floor":20,"turns":4},{"damage":10,"enemies":"Centurion and Healer","floor":22,"turns":3},{"damage":15,"enemies":"Book of Stabbing","floor":24,"turns":5},{"damage":4,"enemies":"Automaton","floor":33,"turns":5},{"damage":10,"enemies":"3 Shapes","floor":35,"turns":3},{"damage":31,"enemies":"2 Orb Walkers","floor":37,"turns":6},{"damage":2,"enemies":"3 Darklings","floor":38,"turns":4},{"damage":0,"enemies":"Maw","floor":39,"turns":4},{"damage":0,"enemies":"4 Shapes","floor":44,"turns":4},{"damage":0,"enemies":"Jaw Worm Horde","floor":45,"turns":2},{"damage":2,"enemies":"Giant Head","floor":46,"turns":4},{"damage":27,"enemies":"Nemesis","floor":48,"turns":3},{"damage":11,"enemies":"Donu and Deca","floor":50,"turns":5}],"seed_played":"-3200452071757581484","potions_obtained":[{"floor":3,"key":"Fire Potion"},{"floor":10,"key":"Poison Potion"},{"floor":16,"key":"EssenceOfSteel"}],"is_trial":false,"path_per_floor":["M","M","M","?","M","E","R","$","T","M","R","E","?","M","R","B",null,"M","$","M","?","M","R","E","R","T","$","?","$","?","?","R","B",null,"M","$","?","M","M","R","?","$","T","M","M","E","R","E","R","B",null],"character_chosen":"THE_SILENT","items_purchased":["Phantasmal Killer","Well Laid Plans","Accuracy","Acrobatics","Lee\u0027s Waffle","Footwork","War Paint"],"campfire_rested":2,"item_purchase_floors":[8,8,19,27,29,42,42],"current_hp_per_floor":[70,70,69,69,69,63,63,63,63,62,62,47,47,47,47,47,70,70,70,70,51,41,41,26,26,26,26,26,77,77,77,77,73,77,67,67,36,34,34,57,57,57,57,57,57,55,55,28,51,40],"gold":105,"neow_bonus":"THREE_RARE_CARDS","is_daily":false,"chose_seed":false,"campfire_upgraded":7,"win_rate":0.0,"timestamp":1608266738,"path_taken":["M","M","M","?","M","E","R","$","T","?","R","E","?","M","R","BOSS","M","$","M","?","?","R","E","R","T","$","?","$","?","?","R","BOSS","M","$","?","M","M","R","?","$","T","?","M","E","R","E","R","BOSS"],"items_purchased_type":["Card","Card","Card","Card","Relic","Card","Relic"],"build_version":"2020-12-13","purchased_purges":3,"victory":true,"max_hp_per_floor":[70,70,70,70,70,70,70,70,70,70,70,70,70,70,70,70,70,70,70,70,70,70,70,70,70,70,70,70,77,77,77,77,77,77,77,77,77,77,77,77,77,77,77,77,77,77,77,77,77,77],"relic_stats":{"Sozu":8,"Dream Catcher":2,"Lee\u0027s Waffle":51,"Gremlin Horn":[17,17],"counters":[23,91],"Shuriken":[40],"Ginger":[5],"War Paint":["Defend_G","Backflip"],"obtain_stats":[{"Potion Belt":46,"Lee\u0027s Waffle":29,"Gremlin Horn":9,"Ginger":37,"War Paint":42,"Bottled Tornado":43,"Paper Crane":48,"Old Coin":6,"Sozu":17,"Anchor":24,"Dream Catcher":26,"Shuriken":12,"Philosopher\u0027s Stone":34,"Ring of the Snake":0},{"Potion Belt":21,"Lee\u0027s Waffle":13,"Gremlin Horn":5,"Ginger":16,"War Paint":18,"Bottled Tornado":18,"Paper Crane":22,"Old Coin":5,"Sozu":9,"Anchor":13,"Dream Catcher":13,"Shuriken":7,"Philosopher\u0027s Stone":14,"Ring of the Snake":0},{"Potion Belt":83,"Lee\u0027s Waffle":51,"Gremlin Horn":23,"Ginger":65,"War Paint":73,"Bottled Tornado":73,"Paper Crane":86,"Old Coin":23,"Sozu":36,"Anchor":51,"Dream Catcher":51,"Shuriken":32,"Philosopher\u0027s Stone":56,"Ring of the Snake":0}],"Ring of the Snake":[46]},"card_choices":[{"not_picked":["Envenom","Adrenaline"],"picked":"Storm of Steel","floor":0},{"not_picked":["Slice","Crippling Poison"],"picked":"Backflip","floor":1},{"not_picked":["Outmaneuver","Blur"],"picked":"Crippling Poison","floor":2},{"not_picked":["Concentrate","Eviscerate","Slice"],"picked":"SKIP","floor":3},{"not_picked":["Reflex","Dagger Throw"],"picked":"Dagger Spray","floor":5},{"not_picked":["Deadly Poison","Poisoned Stab"],"picked":"Acrobatics","floor":6},{"not_picked":["Deadly Poison","Deflect","Unload"],"picked":"SKIP","floor":10},{"not_picked":["Leg Sweep","Catalyst"],"picked":"Calculated Gamble","floor":12},{"not_picked":["Escape Plan","Outmaneuver"],"picked":"Backstab","floor":14},{"not_picked":["Night Terror","Tools of the Trade"],"picked":"Adrenaline","floor":16},{"not_picked":["Endless Agony","Sucker Punch"],"picked":"Terror+1","floor":18},{"not_picked":["Slice+1","Masterful Stab+1"],"picked":"Footwork+1","floor":20},{"not_picked":["Riddle With Holes","Slice"],"picked":"Accuracy","floor":22},{"not_picked":["Glass Knife","Escape Plan"],"picked":"Dodge and Roll+1","floor":24},{"not_picked":["Endless Agony","Prepared+1","Masterful Stab"],"picked":"SKIP","floor":35},{"not_picked":["Distraction+1","Crippling Poison+1"],"picked":"Blade Dance","floor":38},{"not_picked":["Prepared+1","Calculated Gamble","PiercingWail"],"picked":"SKIP","floor":39},{"not_picked":["Sucker Punch+1","Acrobatics+1"],"picked":"Backflip","floor":40},{"not_picked":["Poisoned Stab+1","Deflect+1","Sucker Punch"],"picked":"SKIP","floor":44},{"not_picked":["Predator","Quick Slash","Eviscerate+1"],"picked":"SKIP","floor":45},{"not_picked":["Grand Finale","Quick Slash+1","Poisoned Stab+1"],"picked":"SKIP","floor":46},{"not_picked":["Leg Sweep","Deflect"],"picked":"Blade Dance+1","floor":48},{"not_picked":["Distraction+1","Noxious Fumes+1"],"picked":"Leg Sweep+1","floor":49}],"player_experience":231492,"relics_obtained":[{"floor":6,"key":"Old Coin"},{"floor":9,"key":"Gremlin Horn"},{"floor":12,"key":"Shuriken"},{"floor":24,"key":"Anchor"},{"floor":26,"key":"Dream Catcher"},{"floor":37,"key":"Ginger"},{"floor":43,"key":"Bottled Tornado"},{"floor":46,"key":"Potion Belt"},{"floor":48,"key":"Paper Crane"}],"event_choices":[{"cards_removed":["Strike_G"],"damage_healed":0,"gold_gain":0,"player_choice":"Purged","damage_taken":0,"max_hp_gain":0,"max_hp_loss":0,"event_name":"Purifier","floor":4,"gold_loss":0},{"damage_healed":0,"gold_gain":0,"player_choice":"Grow","damage_taken":0,"max_hp_gain":0,"max_hp_loss":0,"event_name":"Living Wall","floor":13,"gold_loss":0,"cards_upgraded":["Calculated Gamble"]},{"damage_healed":0,"gold_gain":180,"player_choice":"GOLD GOLD ","damage_taken":19,"max_hp_gain":0,"max_hp_loss":0,"event_name":"Knowing Skull","floor":21,"potions_obtained":[],"gold_loss":0,"cards_obtained":[]},{"cards_removed":["Strike_G"],"damage_healed":0,"gold_gain":0,"player_choice":"Gave Gold","damage_taken":0,"max_hp_gain":0,"max_hp_loss":0,"event_name":"Beggar","floor":28,"gold_loss":75},{"damage_healed":0,"gold_gain":0,"player_choice":"Ignored","damage_taken":0,"max_hp_gain":0,"max_hp_loss":0,"event_name":"Vampires","floor":30,"gold_loss":0},{"damage_healed":0,"gold_gain":0,"player_choice":"Read","damage_taken":0,"max_hp_gain":0,"max_hp_loss":0,"event_name":"The Library","floor":31,"gold_loss":0,"cards_obtained":["Dodge and Roll"]},{"damage_healed":0,"gold_gain":0,"player_choice":"Fight","damage_taken":0,"max_hp_gain":0,"max_hp_loss":0,"event_name":"Mysterious Sphere","floor":37,"gold_loss":0},{"cards_removed":["Defend_G"],"damage_healed":0,"gold_gain":0,"player_choice":"Card Removal","damage_taken":0,"max_hp_gain":0,"max_hp_loss":0,"event_name":"Wheel of Change","floor":41,"gold_loss":0}],"is_beta":false,"boss_relics":[{"not_picked":["Snecko Eye","Black Star"],"picked":"Sozu"},{"not_picked":["SacredBark","Fusion Hammer"],"picked":"Philosopher\u0027s Stone"}],"items_purged_floors":[8,19,27],"is_endless":false,"potions_floor_spawned":[3,10,16,18,22,24,33,35,44,45,48],"ascension_level":4}}