{"host":"eez7vtcxu2i37lck","time":1608286372,"event":{"mods":["AchievementEnabler","BaseMod","Colored Map","Colored Powertips","Downfall","Hermit","Highlight Path","Hubris","Infinite Spire","Jorbs\u0027s Wanderer Trilogy","Minty Spire (QoL Compilation)","Quick Restart","Rare Cards Sparkle","Replay The Spire","Shop Mod","StSLib","The IronCluck"],"gold_per_floor":[213,213,213,224,239,266,266,283,283,303,328,328,341,360,360,460,460,478,478,495,495,338,372,390,400,400,414,414,414,414],"floor_reached":29,"playtime":1042,"items_purged":[],"score":259,"play_id":"0c232327-4240-4661-b8de-5f0e0d0836ca","local_time":"20201218051252","is_ascension_mode":false,"campfire_choices":[{"floor":7.0,"key":"REST"},{"data":"1","floor":12.0,"key":"LIFT"},{"data":"2","floor":15.0,"key":"LIFT"}],"circlet_count":0,"master_deck":["infinitespire:FinalStrike+1","Strike_G","Strike_G","Strike_G","Strike_G","Strike_G","Defend_G","Defend_G","Defend_G","Defend_G","Survivor","Neutralize+1","Underhanded Strike","Prepared","Acrobatics","Underhanded Strike","Venomology+1","ReplayTheSpireMod:Speed Training","ReplayTheSpireMod:From All Sides","Escape Plan","Infinite Blades","ReplayTheSpireMod:Scrap Shanks","Acrobatics","Hidden Blade"],"relics":["Replay:Wanted Poster","hubris:Icosahedron","hubris:TinFlute","Ornamental Fan","Girya","SacredBark","Nunchaku","hubris:BottledRain","MutagenicStrength"],"acts_visited":["Exordium","TheCity"],"potions_floor_usage":[23,23,23,23,24,25,29,29,29],"damage_taken":[{"damage":4.0,"enemies":"2 Louse","floor":1.0,"turns":3.0},{"damage":0.0,"enemies":"Jaw Worm","floor":4.0,"turns":2.0},{"damage":6.0,"enemies":"Cultist","floor":5.0,"turns":3.0},{"damage":12.0,"enemies":"Replay:BlueRogue","floor":6.0,"turns":4.0},{"damage":4.0,"enemies":"2 Fungi Beasts","floor":8.0,"turns":3.0},{"damage":1.0,"enemies":"Lots of Slimes","floor":10.0,"turns":4.0},{"damage":6.0,"enemies":"Lagavulin","floor":11.0,"turns":3.0},{"damage":7.0,"enemies":"3 Louse","floor":13.0,"turns":3.0},{"damage":1.0,"enemies":"Looter","floor":14.0,"turns":3.0},{"damage":22.0,"enemies":"Fading Forest","floor":16.0,"turns":11.0},{"damage":0.0,"enemies":"Spheric Guardian","floor":18.0,"turns":1.0},{"damage":14.0,"enemies":"3 Byrds","floor":20.0,"turns":6.0},{"damage":20,"enemies":"Nightmare","floor":23,"turns":4},{"damage":3,"enemies":"Cultist and Chosen","floor":24,"turns":4},{"damage":4,"enemies":"Snecko","floor":25,"turns":4},{"damage":1,"enemies":"3 Cultists","floor":27,"turns":3},{"damage":27,"enemies":"Colosseum Slavers","floor":29,"turns":3},{"damage":6,"enemies":"Colosseum Nobs","floor":29,"turns":2}],"seed_played":"6086041960490318150","potions_obtained":[{"floor":1.0,"key":"Dexterity Potion"},{"floor":10.0,"key":"Languid Potion"},{"floor":13.0,"key":"Guardian:BlockOnCardUsePotion"},{"floor":24,"key":"PowerPotion"}],"is_trial":false,"path_per_floor":["M","?","?","M","M","E","R","M","T","M","E","R","M","M","R","B",null,"M","?","M","?","$","NM","M","M","T","M","?","?"],"character_chosen":"THE_SILENT","items_purchased":["Escape Plan","Infinite Blades"],"campfire_rested":1,"item_purchase_floors":[22,22],"current_hp_per_floor":[66,66,66,66,60,48,69,65,65,64,58,58,51,50,50,38,70,70,70,56,56,56,36,33,29,29,28,28,0,0],"gold":414,"neow_bonus":"BOSS_RELIC","is_daily":false,"chose_seed":false,"campfire_upgraded":0,"win_rate":0.0,"timestamp":1608286372,"path_taken":["M","?","?","M","?","E","R","M","T","M","E","R","M","M","R","BOSS","M","?","M","?","$","NM","M","?","T","M","?","?"],"items_purchased_type":["Card","Card"],"build_version":"2020-12-13","purchased_purges":0,"victory":false,"max_hp_per_floor":[70,70,70,70,70,70,70,70,70,70,70,70,70,70,70,70,70,70,70,70,70,70,70,70,70,70,70,70,70,70],"card_choices":[{"not_picked":["Quick Slash","Sucker Punch","All Out Attack"],"picked":"SKIP","floor":1.0},{"not_picked":["Accuracy","hubris:SlightOfHand","Dodge and Roll"],"picked":"SKIP","floor":4.0},{"not_picked":["Sucker Punch","Concentrate"],"picked":"Underhanded Strike","floor":5.0},{"not_picked":["Blade Dance","Reflex"],"picked":"Prepared","floor":6.0},{"not_picked":["Blade Dance","Riddle With Holes","Quick Slash"],"picked":"SKIP","floor":8.0},{"not_picked":["Dash","Poisoned Stab","Outmaneuver"],"picked":"SKIP","floor":10.0},{"not_picked":["Choke","Riddle With Holes"],"picked":"Acrobatics","floor":11.0},{"not_picked":["Outmaneuver","Flying Knee"],"picked":"Underhanded Strike","floor":13.0},{"not_picked":["Bullet Time","Dagger Throw","Deflect"],"picked":"SKIP","floor":14.0},{"not_picked":["Unload","Envenom"],"picked":"Venomology","floor":16.0},{"not_picked":["Infinite Blades+1","Backflip","Flying Knee+1"],"picked":"SKIP","floor":18.0},{"not_picked":["PiercingWail","Backflip+1"],"picked":"ReplayTheSpireMod:Speed Training","floor":20.0},{"not_picked":["Heel Hook+1","Deflect"],"picked":"ReplayTheSpireMod:Scrap Shanks","floor":23},{"not_picked":["ReplayTheSpireMod:Exploit Weakness+1","Toxin Wave"],"picked":"Acrobatics","floor":24},{"not_picked":["hubris:TrickCloak+1","Replay:Poison Smokescreen","Quick Slash"],"picked":"SKIP","floor":25},{"not_picked":["Flying Knee+1","Choke"],"picked":"Hidden Blade","floor":27}],"player_experience":219308,"relics_obtained":[{"floor":6.0,"key":"hubris:TinFlute"},{"floor":9.0,"key":"Ornamental Fan"},{"floor":11.0,"key":"Girya"},{"floor":23,"key":"Nunchaku"},{"floor":26,"key":"hubris:BottledRain"}],"event_choices":[{"damage_healed":0.0,"max_hp_gain":0.0,"max_hp_loss":0.0,"gold_gain":0.0,"event_name":"Upgrade Shrine","player_choice":"Upgraded","floor":3.0,"gold_loss":0.0,"damage_taken":0.0,"cards_upgraded":["Neutralize"]},{"damage_healed":0.0,"max_hp_gain":0.0,"max_hp_loss":0.0,"gold_gain":0.0,"cards_transformed":["Defend_G"],"event_name":"Transmorgrifier","player_choice":"Transformed","floor":21.0,"gold_loss":0.0,"damage_taken":0.0,"cards_obtained":["ReplayTheSpireMod:From All Sides"]},{"damage_healed":0,"gold_gain":0,"player_choice":"Inject Mutagens","damage_taken":0,"relics_obtained":["MutagenicStrength"],"max_hp_gain":0,"max_hp_loss":0,"event_name":"Drug Dealer","floor":28,"gold_loss":0},{"damage_healed":0,"gold_gain":0,"player_choice":"Fight","damage_taken":0,"max_hp_gain":0,"max_hp_loss":0,"event_name":"Colosseum","floor":29,"gold_loss":0},{"damage_healed":0,"gold_gain":0,"player_choice":"Fought Nobs","damage_taken":0,"max_hp_gain":0,"max_hp_loss":0,"event_name":"Colosseum","floor":29,"gold_loss":0}],"is_beta":false,"boss_relics":[{"not_picked":["ReplayTheSpireMod:DimensionalGlitch","Abe\u0027s Treasure"],"picked":"SacredBark"}],"items_purged_floors":[],"is_endless":true,"potions_floor_spawned":[1,10,13,14,20,24],"killed_by":"Colosseum Nobs","ascension_level":0}}