{"host":"icrrc9b69c1a6188","time":1608330900,"event":{"mods":["Act Like it!","BaseMod","Bestiary","Better Altar","Better Match","Better Note","Better Sensory Stone","Better Skull","Better Third Choice","Block Reminder","Colored Map","Colored Powertips","Curses Come First","Displayed Cursed Tome","Faster Ascension Climbing","HexUI Lib","Jorbs\u0027s Wanderer Trilogy","Minty Spire (QoL Compilation)","Quick Restart","RNG Fix","Random Character Mod","Rare Cards Sparkle","Spicy Shops","StSLib","Unceasing Turn Reminder"],"gold_per_floor":[124,140,154,170,34,34,84,84,84,9,41,41,73,92,92,165,165,176,186,197,197,211,211,236,236,282,282,296,308,39,64,64,152,152,165,165,165,180,193,193,233,250,322,322,332,381,415,435,435,435,435,435],"floor_reached":51,"playtime":5301,"items_purged":["stsjorbsmod:Strike_Wanderer","stsjorbsmod:Strike_Wanderer"],"score":1468,"play_id":"e24f2e36-a4b4-4f34-82a5-e5ecdb954d79","local_time":"20201218163500","is_ascension_mode":true,"campfire_choices":[{"data":"stsjorbsmod:TinyHut","floor":6,"key":"SMITH"},{"data":"stsjorbsmod:FranticSearch","floor":8,"key":"SMITH"},{"floor":15,"key":"REST"},{"floor":23,"key":"REST"},{"data":"1","floor":25,"key":"LIFT"},{"data":"2","floor":27,"key":"LIFT"},{"data":"3","floor":32,"key":"LIFT"},{"data":"stsjorbsmod:CorrodingBarrier","floor":40,"key":"SMITH"},{"floor":44,"key":"RECALL"},{"data":"stsjorbsmod:Prestidigitation","floor":49,"key":"SMITH"}],"circlet_count":0,"master_deck":["AscendersBane","stsjorbsmod:ForbiddenGrimoire+1","stsjorbsmod:Strike_Wanderer+1","stsjorbsmod:Strike_Wanderer+1","stsjorbsmod:Defend_Wanderer+1","stsjorbsmod:Defend_Wanderer","stsjorbsmod:Defend_Wanderer","stsjorbsmod:Defend_Wanderer","stsjorbsmod:FreshAdventure+1","stsjorbsmod:EyeOfTheStorm","stsjorbsmod:Hibernate","stsjorbsmod:MistyStep","stsjorbsmod:SchoolsOfMagic+1","stsjorbsmod:FranticSearch+1","stsjorbsmod:TinyHut+1","stsjorbsmod:Thorns+1","stsjorbsmod:FranticSearch+1","stsjorbsmod:SiphonEnergy+1","stsjorbsmod:MagicMissiles","stsjorbsmod:BurningFlask+1","stsjorbsmod:MagicMissiles","stsjorbsmod:Materialize+1","stsjorbsmod:EyeOfTheStorm+1","stsjorbsmod:CorrodingBarrier+1","stsjorbsmod:LoseGrip+1","stsjorbsmod:Prestidigitation+1","stsjorbsmod:Stalwart"],"relics":["stsjorbsmod:GrimoireRelic","FossilizedHelix","Girya","TungstenRod","Busted Crown","Toy Ornithopter","Oddly Smooth Stone","DollysMirror","White Beast Statue","Coffee Dripper","Smiling Mask","CaptainsWheel","Gremlin Horn"],"acts_visited":["Exordium","TheCity","TheBeyond"],"potions_floor_usage":[4,11,16,22,24,33,41,50],"damage_taken":[{"damage":0,"enemies":"2 Louse","floor":1,"turns":4},{"damage":5,"enemies":"Small Slimes","floor":2,"turns":6},{"damage":2,"enemies":"Cultist","floor":3,"turns":5},{"damage":12,"enemies":"Looter","floor":4,"turns":4},{"damage":50,"enemies":"Gremlin Nob","floor":11,"turns":5},{"damage":24,"enemies":"3 Sentries","floor":13,"turns":7},{"damage":0,"enemies":"2 Fungi Beasts","floor":14,"turns":3},{"damage":19,"enemies":"The Guardian","floor":16,"turns":9},{"damage":5,"enemies":"Chosen","floor":18,"turns":5},{"damage":0,"enemies":"3 Byrds","floor":19,"turns":2},{"damage":0,"enemies":"Centurion and Healer","floor":20,"turns":5},{"damage":0,"enemies":"Snake Plant","floor":22,"turns":3},{"damage":0,"enemies":"Book of Stabbing","floor":24,"turns":5},{"damage":1,"enemies":"Shelled Parasite and Fungi","floor":28,"turns":3},{"damage":0,"enemies":"Cultist and Chosen","floor":29,"turns":4},{"damage":6,"enemies":"Gremlin Leader","floor":31,"turns":5},{"damage":19,"enemies":"Automaton","floor":33,"turns":6},{"damage":0,"enemies":"Orb Walker","floor":35,"turns":3},{"damage":10,"enemies":"3 Shapes","floor":38,"turns":3},{"damage":0,"enemies":"Spire Growth","floor":39,"turns":4},{"damage":14,"enemies":"Giant Head","floor":41,"turns":6},{"damage":0,"enemies":"3 Darklings","floor":42,"turns":5},{"damage":0,"enemies":"Writhing Mass","floor":45,"turns":5},{"damage":9,"enemies":"2 Orb Walkers","floor":46,"turns":4},{"damage":5,"enemies":"Reptomancer","floor":47,"turns":5},{"damage":0,"enemies":"Maw","floor":48,"turns":5},{"damage":26,"enemies":"Donu and Deca","floor":50,"turns":7},{"damage":58,"enemies":"Time Eater","floor":51,"turns":10}],"seed_played":"-5750471150014763356","potions_obtained":[{"floor":2,"key":"SkillPotion"},{"floor":3,"key":"FairyPotion"},{"floor":4,"key":"SkillPotion"},{"floor":14,"key":"AttackPotion"},{"floor":18,"key":"Energy Potion"},{"floor":20,"key":"BlessingOfTheForge"},{"floor":28,"key":"Weak Potion"},{"floor":29,"key":"stsjorbsmod:DimensionDoorPotion"},{"floor":33,"key":"DuplicationPotion"},{"floor":36,"key":"stsjorbsmod:LiquidVirtue"},{"floor":38,"key":"Fruit Juice"},{"floor":41,"key":"SkillPotion"},{"floor":45,"key":"LiquidBronze"}],"is_trial":false,"path_per_floor":["M","M","M","M","$","R","?","R","T","$","E","?","E","M","R","B",null,"M","M","M","?","M","R","E","R","T","R","M","M","$","E","R","B",null,"M","?","?","M","M","R","E","M","T","R","M","?","E","M","R","B","B"],"character_chosen":"WANDERER","items_purchased":["stsjorbsmod:TinyHut","stsjorbsmod:Thorns","DollysMirror"],"campfire_rested":2,"item_purchase_floors":[5,5,30],"current_hp_per_floor":[66,63,63,53,53,53,46,46,46,46,25,25,1,5,26,7,54,54,58,63,13,20,41,46,46,46,46,50,55,55,55,55,47,66,70,70,70,66,71,71,75,77,77,77,77,73,77,79,79,58,0,0],"gold":435,"neow_bonus":"TEN_PERCENT_HP_BONUS","is_daily":false,"chose_seed":false,"campfire_upgraded":4,"win_rate":0.0,"timestamp":1608330900,"path_taken":["M","M","M","M","$","R","?","R","T","?","E","?","E","?","R","BOSS","M","M","M","?","M","R","E","R","T","R","M","?","$","E","R","BOSS","M","?","?","M","M","R","E","M","T","R","?","?","E","?","R","BOSS","BOSS"],"items_purchased_type":["Card","Card","Relic"],"build_version":"2020-12-13","purchased_purges":2,"victory":false,"max_hp_per_floor":[70,70,70,70,70,70,70,70,70,70,70,70,70,70,70,70,70,70,70,70,70,72,72,72,72,72,72,72,72,72,72,72,72,72,72,72,72,72,72,72,77,77,77,77,77,77,79,79,79,79,79,79],"card_choices":[{"not_picked":["stsjorbsmod:ParryingBlow","stsjorbsmod:FracturedMind"],"picked":"stsjorbsmod:Hibernate","floor":1},{"not_picked":["stsjorbsmod:WeightOfMemory","stsjorbsmod:DoubleCheck"],"picked":"stsjorbsmod:MistyStep","floor":2},{"not_picked":["stsjorbsmod:Rest","stsjorbsmod:Materialize"],"picked":"stsjorbsmod:SchoolsOfMagic","floor":3},{"not_picked":["stsjorbsmod:Materialize","stsjorbsmod:RefuseToForget"],"picked":"stsjorbsmod:FranticSearch","floor":4},{"not_picked":["stsjorbsmod:DoubleCheck","stsjorbsmod:TinyHut","stsjorbsmod:Will"],"picked":"SKIP","floor":11},{"not_picked":["stsjorbsmod:ThirstingSword","stsjorbsmod:ChainLightning","stsjorbsmod:SchoolsOfMagic"],"picked":"SKIP","floor":13},{"not_picked":["stsjorbsmod:Message","stsjorbsmod:SchoolsOfMagic"],"picked":"stsjorbsmod:FranticSearch","floor":14},{"not_picked":["stsjorbsmod:Withdraw","stsjorbsmod:Entangle"],"picked":"stsjorbsmod:SiphonEnergy","floor":16},{"not_picked":["stsjorbsmod:RayOfFrost"],"picked":"SKIP","floor":18},{"not_picked":[],"picked":"stsjorbsmod:MagicMissiles","floor":19},{"not_picked":[],"picked":"stsjorbsmod:BurningFlask","floor":20},{"not_picked":["stsjorbsmod:TinyHut"],"picked":"SKIP","floor":22},{"not_picked":["stsjorbsmod:Prepare"],"picked":"SKIP","floor":24},{"not_picked":[],"picked":"stsjorbsmod:MagicMissiles","floor":28},{"not_picked":[],"picked":"stsjorbsmod:Materialize+1","floor":29},{"not_picked":["stsjorbsmod:Materialize"],"picked":"SKIP","floor":31},{"not_picked":["stsjorbsmod:Materialize"],"picked":"SKIP","floor":31},{"not_picked":[],"picked":"stsjorbsmod:CorrodingBarrier","floor":33},{"not_picked":[],"picked":"stsjorbsmod:ArcaneWeapon","floor":35},{"not_picked":[],"picked":"stsjorbsmod:LoseGrip","floor":38},{"not_picked":["stsjorbsmod:TrueStrike"],"picked":"SKIP","floor":39},{"not_picked":["stsjorbsmod:ParryingBlow+1"],"picked":"SKIP","floor":41},{"not_picked":["stsjorbsmod:TrueStrike+1"],"picked":"SKIP","floor":42},{"not_picked":["stsjorbsmod:Counterspell"],"picked":"SKIP","floor":45},{"not_picked":["stsjorbsmod:Counterspell"],"picked":"SKIP","floor":45},{"not_picked":[],"picked":"stsjorbsmod:Prestidigitation","floor":47},{"not_picked":[],"picked":"stsjorbsmod:Stalwart","floor":48}],"player_experience":685140,"relics_obtained":[{"floor":9,"key":"FossilizedHelix"},{"floor":11,"key":"Girya"},{"floor":13,"key":"TungstenRod"},{"floor":24,"key":"Toy Ornithopter"},{"floor":26,"key":"Oddly Smooth Stone"},{"floor":31,"key":"White Beast Statue"},{"floor":41,"key":"Smiling Mask"},{"floor":46,"key":"CaptainsWheel"},{"floor":47,"key":"Gremlin Horn"}],"event_choices":[{"damage_healed":0,"gold_gain":50,"player_choice":"Touch","damage_taken":7,"max_hp_gain":0,"max_hp_loss":0,"event_name":"FaceTrader","floor":7,"gold_loss":0},{"damage_healed":0,"gold_gain":0,"player_choice":"Forge","damage_taken":0,"max_hp_gain":0,"max_hp_loss":0,"event_name":"Accursed Blacksmith","floor":12,"gold_loss":0,"cards_upgraded":["stsjorbsmod:Thorns"]},{"damage_healed":0,"gold_gain":0,"player_choice":"UP UP UP UP ","damage_taken":63,"relics_obtained":[],"max_hp_gain":0,"max_hp_loss":0,"event_name":"betterSkull:BetterSkull","floor":21,"gold_loss":0,"cards_upgraded":["stsjorbsmod:Strike_Wanderer","stsjorbsmod:BurningFlask","stsjorbsmod:Defend_Wanderer","stsjorbsmod:SiphonEnergy"]},{"damage_healed":0,"gold_gain":0,"player_choice":"Got Potions","damage_taken":0,"max_hp_gain":0,"max_hp_loss":0,"event_name":"Lab","floor":36,"gold_loss":0},{"cards_removed":["stsjorbsmod:ArcaneWeapon"],"damage_healed":0,"gold_gain":0,"player_choice":"Removed Power","damage_taken":0,"max_hp_gain":0,"max_hp_loss":0,"event_name":"Falling","floor":37,"gold_loss":0},{"damage_healed":0,"gold_gain":0,"player_choice":"Fight","damage_taken":0,"max_hp_gain":0,"max_hp_loss":0,"event_name":"Mysterious Sphere","floor":46,"gold_loss":0}],"is_beta":false,"boss_relics":[{"not_picked":["Cursed Key","Astrolabe"],"picked":"Busted Crown"},{"not_picked":["Runic Dome","Philosopher\u0027s Stone"],"picked":"Coffee Dripper"}],"items_purged_floors":[10,30],"is_endless":false,"potions_floor_spawned":[2,3,4,14,18,20,28,29,33,35,38,39,41,42,45,46,47,48],"killed_by":"Time Eater","ascension_level":20}}