{"host":"eav5i5w47nlnv2l1","time":1608327830,"event":{"mods":["BaseMod","Minty Spire (QoL Compilation)"],"gold_per_floor":[117,42,42,52,67,93,104,131,207,207,227,237,237,255,255,359,359,379,393,147,161,181,181,181],"floor_reached":23,"playtime":2167,"items_purged":["Strike_P","Strike_P"],"score":207,"play_id":"699cf5d9-b09b-44b7-9027-59c0c59a8829","local_time":"20201218164350","is_ascension_mode":false,"campfire_choices":[{"floor":10,"key":"REST"},{"data":"Eruption","floor":15,"key":"SMITH"}],"circlet_count":0,"master_deck":["Strike_P+1","Defend_P+1","Defend_P","Defend_P+1","Defend_P","Eruption+1","Vigilance","ClearTheMind","MasterReality","Consecrate","SpiritShield","SashWhip","InnerPeace","Evaluate","Establishment","DeceiveReality+1","EmptyBody","LessonLearned"],"relics":["PureWater","FossilizedHelix","Bottled Tornado","Thread and Needle","Letter Opener","VioletLotus"],"acts_visited":["Exordium","TheCity"],"potions_floor_usage":[6,8,22,23],"damage_taken":[{"damage":5,"enemies":"Small Slimes","floor":1,"turns":6},{"damage":0,"enemies":"2 Louse","floor":4,"turns":2},{"damage":0,"enemies":"Cultist","floor":5,"turns":3},{"damage":3,"enemies":"Lagavulin","floor":6,"turns":6},{"damage":2,"enemies":"Exordium Wildlife","floor":7,"turns":8},{"damage":12,"enemies":"Gremlin Nob","floor":8,"turns":4},{"damage":0,"enemies":"2 Fungi Beasts","floor":11,"turns":5},{"damage":0,"enemies":"Blue Slaver","floor":12,"turns":6},{"damage":0,"enemies":"Large Slime","floor":14,"turns":4},{"damage":47,"enemies":"Hexaghost","floor":16,"turns":13},{"damage":0,"enemies":"3 Byrds","floor":18,"turns":6},{"damage":2,"enemies":"Chosen","floor":19,"turns":10},{"damage":0,"enemies":"Snake Plant","floor":21,"turns":13},{"damage":2,"enemies":"Chosen and Byrds","floor":22,"turns":17},{"damage":64,"enemies":"Gremlin Leader","floor":23,"turns":8}],"seed_played":"-8189438887062954675","potions_obtained":[{"floor":1,"key":"Energy Potion"},{"floor":5,"key":"LiquidBronze"},{"floor":8,"key":"Ancient Potion"},{"floor":19,"key":"Ancient Potion"},{"floor":21,"key":"Block Potion"}],"is_trial":false,"path_per_floor":["M","$","?","M","M","E","M","E","T","R","M","M","?","M","R","B",null,"M","M","$","M","M","E"],"character_chosen":"WATCHER","items_purchased":["LessonLearned"],"campfire_rested":1,"item_purchase_floors":[20],"current_hp_per_floor":[60,60,47,47,47,44,42,30,30,49,49,49,49,49,49,2,65,65,63,63,63,61,0,0],"gold":181,"neow_bonus":"ONE_RARE_RELIC","is_daily":false,"chose_seed":false,"campfire_upgraded":1,"win_rate":0.0,"timestamp":1608327830,"path_taken":["M","$","?","M","M","E","M","E","T","R","M","M","?","M","R","BOSS","M","M","$","M","M","E"],"items_purchased_type":["Card"],"build_version":"2020-12-13","purchased_purges":2,"victory":false,"max_hp_per_floor":[65,65,65,65,65,65,65,65,65,65,65,65,65,65,65,65,65,65,65,65,65,65,65,65],"card_choices":[{"not_picked":["BattleHymn","JustLucky"],"picked":"ClearTheMind","floor":1},{"not_picked":["FlyingSleeves","ThirdEye","ForeignInfluence"],"picked":"SKIP","floor":4},{"not_picked":["BowlingBash","FollowUp"],"picked":"MasterReality","floor":5},{"not_picked":["ThirdEye","JustLucky","BowlingBash"],"picked":"SKIP","floor":6},{"not_picked":["SignatureMove","Fasting2"],"picked":"Consecrate","floor":7},{"not_picked":["Collect","Weave"],"picked":"SpiritShield","floor":8},{"not_picked":["JustLucky","EmptyFist"],"picked":"SashWhip","floor":11},{"not_picked":["Wireheading","BowlingBash"],"picked":"InnerPeace","floor":12},{"not_picked":["Adaptation","Nirvana"],"picked":"Evaluate","floor":14},{"not_picked":["Alpha","Wish"],"picked":"Establishment","floor":16},{"not_picked":["FlurryOfBlows+1","SashWhip"],"picked":"DeceiveReality+1","floor":18},{"not_picked":["Evaluate","Collect"],"picked":"EmptyBody","floor":19},{"not_picked":["CutThroughFate+1","FlurryOfBlows+1","JustLucky"],"picked":"SKIP","floor":21},{"not_picked":["FollowUp","WaveOfTheHand","Collect+1"],"picked":"SKIP","floor":22}],"player_experience":1407201,"relics_obtained":[{"floor":6,"key":"Bottled Tornado"},{"floor":8,"key":"Thread and Needle"},{"floor":9,"key":"Letter Opener"}],"event_choices":[{"damage_healed":0,"gold_gain":0,"player_choice":"Entered Light","damage_taken":13,"max_hp_gain":0,"max_hp_loss":0,"event_name":"Shining Light","floor":3,"gold_loss":0,"cards_upgraded":["Strike_P","Defend_P"]},{"cards_removed":["Strike_P"],"damage_healed":0,"gold_gain":0,"player_choice":"Purged","damage_taken":0,"max_hp_gain":0,"max_hp_loss":0,"event_name":"Purifier","floor":13,"gold_loss":0}],"is_beta":false,"boss_relics":[{"not_picked":["SlaversCollar","Velvet Choker"],"picked":"VioletLotus"}],"items_purged_floors":[2,20],"is_endless":false,"potions_floor_spawned":[1,5,8,19,21],"killed_by":"Gremlin Leader","ascension_level":0}}