{"host":"llpusn9usp8rznkj","time":1608269534,"event":{"mods":["2.2 Compatiblity","BaseMod","Colored Map","Colored Powertips","Conspire","Downfall","Hubris","Minty Spire (QoL Compilation)","Rare Cards Sparkle","Replay The Spire","StSLib","The Cursed"],"gold_per_floor":[119,119,9,9,9,36,36,71,71,28,42,55,69,69,69,69,69],"floor_reached":16,"playtime":570,"items_purged":[],"score":316,"play_id":"b82758ed-a3b7-4e3d-af29-b85f0063d086","local_time":"20201218003214","is_ascension_mode":true,"campfire_choices":[{"data":"Noxious Fumes","floor":7.0,"key":"SMITH"},{"data":"Acrobatics","floor":15.0,"key":"SMITH"}],"circlet_count":0,"master_deck":["AscendersBane","Strike_G","Strike_G","Strike_G+1","Strike_G","Defend_G","Defend_G","Defend_G","Defend_G+1","Defend_G","Survivor","Neutralize","Escape Plan","Noxious Fumes+1","Deadly Poison","Escape Plan","Infinite Blades","Cloak And Dagger","ReplayTheSpireMod:The Works","Acrobatics+1"],"relics":["Ring of the Snake","NeowsBlessing","hubris:Icosahedron","Onion Ring","White Beast Statue","conspire:Flyswatter"],"acts_visited":["Exordium"],"potions_floor_usage":[],"damage_taken":[{"damage":0.0,"enemies":"Small Slimes","floor":1.0,"turns":1.0},{"damage":0.0,"enemies":"Gremlin Nob","floor":6.0,"turns":1.0},{"damage":0.0,"enemies":"3 Sentries","floor":8.0,"turns":2.0},{"damage":1.0,"enemies":"Jaw Worm","floor":11.0,"turns":3.0},{"damage":0.0,"enemies":"2 Louse","floor":12.0,"turns":2.0},{"damage":3.0,"enemies":"Lots of Slimes","floor":13.0,"turns":4.0},{"damage":50,"enemies":"Fading Forest","floor":16,"turns":13}],"seed_played":"4532760417246071787","potions_obtained":[{"floor":1.0,"key":"ColorlessPotion"},{"floor":8.0,"key":"Cursed Concoction"},{"floor":11.0,"key":"EssenceOfSteel"},{"floor":12.0,"key":"DuplicationPotion"},{"floor":13.0,"key":"Ancient Potion"}],"is_trial":false,"path_per_floor":["M","?","$","?","?","E","R","E","T","$","M","M","M","?","R","B"],"character_chosen":"THE_SILENT","items_purchased":["Noxious Fumes","Deadly Poison","Infinite Blades"],"campfire_rested":0,"item_purchase_floors":[3,3,10],"current_hp_per_floor":[59,59,59,55,35,35,35,35,35,35,34,34,31,31,31,0,0],"gold":69,"neow_bonus":"THREE_ENEMY_KILL","is_daily":false,"chose_seed":false,"campfire_upgraded":2,"win_rate":0.0,"timestamp":1608269534,"path_taken":["M","?","$","?","?","E","R","E","T","?","M","M","?","?","R","BOSS"],"items_purchased_type":["Card","Card","Card"],"build_version":"2020-12-13","purchased_purges":0,"victory":false,"max_hp_per_floor":[66,66,66,66,66,66,66,66,66,66,66,66,66,66,66,66,66],"card_choices":[{"not_picked":["conspire:PoisonWeapons","Acrobatics"],"picked":"Escape Plan","floor":1.0},{"not_picked":["Dagger Throw","Riddle With Holes"],"picked":"Escape Plan","floor":6.0},{"not_picked":["Slice","Deflect","Quick Slash"],"picked":"SKIP","floor":8.0},{"not_picked":["Outmaneuver","hubris:Counter"],"picked":"Cloak And Dagger","floor":11.0},{"not_picked":["Blade Dance","Acrobatics"],"picked":"ReplayTheSpireMod:The Works","floor":12.0},{"not_picked":["Quick Slash","Atom Bomb"],"picked":"Acrobatics","floor":13.0}],"player_experience":1078264,"relics_obtained":[{"floor":6.0,"key":"Onion Ring"},{"floor":8.0,"key":"White Beast Statue"},{"floor":9.0,"key":"conspire:Flyswatter"}],"event_choices":[{"damage_healed":0.0,"max_hp_gain":0.0,"max_hp_loss":0.0,"gold_gain":0.0,"event_name":"conspire:Investor","player_choice":"Leave","floor":4.0,"gold_loss":0.0,"damage_taken":0.0},{"damage_healed":0.0,"max_hp_gain":0.0,"max_hp_loss":0.0,"gold_gain":0.0,"event_name":"Shining Light","player_choice":"Entered Light","floor":5.0,"gold_loss":0.0,"damage_taken":20.0,"cards_upgraded":["Strike_G","Defend_G"]},{"cards_removed":["Strike_G"],"damage_healed":0.0,"max_hp_gain":0.0,"max_hp_loss":0.0,"gold_gain":0.0,"event_name":"Wheel of Change","player_choice":"Card Removal","floor":14.0,"gold_loss":0.0,"damage_taken":0.0}],"is_beta":false,"boss_relics":[],"items_purged_floors":[],"is_endless":false,"potions_floor_spawned":[1,8,11,12,13],"killed_by":"Fading Forest","ascension_level":20}}