{"host":"agbyy69nq62afhwx","time":1608326261,"event":{"mods":["BaseMod","Colored Map","Highlight Path","Keyboard Shortcuts","Minty Spire (QoL Compilation)","Quick Restart","StSLib","SuperFastMode","everything is the same but u backflip on backflip"],"gold_per_floor":[109,120,120,139,158,158,174,188,188,188,202,218,218,237,237,237,237],"floor_reached":16,"playtime":687,"items_purged":[],"score":108,"play_id":"e04187c6-7937-491d-b389-0660d5d5d1bd","local_time":"20201219061741","is_ascension_mode":true,"campfire_choices":[{"data":"Eviscerate","floor":6,"key":"SMITH"},{"floor":10,"key":"REST"},{"floor":15,"key":"REST"}],"circlet_count":0,"master_deck":["Strike_G","Strike_G","Strike_G","Defend_G","Defend_G","Defend_G","Defend_G","Defend_G","Survivor","Neutralize","Reflex","Reflex","Eviscerate+1","Escape Plan","Outmaneuver+1","PiercingWail+1"],"relics":["Ring of the Snake","Toxic Egg 2"],"acts_visited":["Exordium"],"potions_floor_usage":[11,16,16],"damage_taken":[{"damage":0.0,"enemies":"2 Louse","floor":1.0,"turns":4.0},{"damage":4.0,"enemies":"Cultist","floor":2.0,"turns":6.0},{"damage":8.0,"enemies":"Jaw Worm","floor":4.0,"turns":6.0},{"damage":12,"enemies":"Gremlin Gang","floor":5,"turns":7},{"damage":27,"enemies":"Large Slime","floor":7,"turns":13},{"damage":16,"enemies":"Lots of Slimes","floor":8,"turns":8},{"damage":5,"enemies":"Gremlin Gang","floor":11,"turns":5},{"damage":9,"enemies":"Blue Slaver","floor":12,"turns":3},{"damage":23,"enemies":"2 Fungi Beasts","floor":14,"turns":6},{"damage":35,"enemies":"The Guardian","floor":16,"turns":14}],"seed_played":"-3440941653745987483","potions_obtained":[{"floor":1.0,"key":"Swift Potion"},{"floor":4.0,"key":"Ancient Potion"},{"floor":7,"key":"Swift Potion"},{"floor":8,"key":"EntropicBrew"},{"floor":11,"key":"FairyPotion"}],"is_trial":false,"path_per_floor":["M","M","?","M","M","R","M","M","T","R","M","M","?","M","R","B"],"character_chosen":"THE_SILENT","items_purchased":[],"campfire_rested":2,"item_purchase_floors":[],"current_hp_per_floor":[70,66,66,58,46,46,19,3,3,24,19,10,10,11,32,0,0],"gold":237,"neow_bonus":"TRANSFORM_CARD","is_daily":false,"chose_seed":false,"campfire_upgraded":1,"win_rate":0.0,"timestamp":1608326261,"path_taken":["M","M","?","M","M","R","M","?","T","R","M","M","?","M","R","BOSS"],"items_purchased_type":[],"build_version":"2020-12-13","purchased_purges":0,"victory":false,"max_hp_per_floor":[70,70,70,70,70,70,70,70,70,70,70,70,70,70,70,70,70],"card_choices":[{"not_picked":["Calculated Gamble","Well Laid Plans"],"picked":"Reflex","floor":1.0},{"not_picked":["Endless Agony","Heel Hook","Blade Dance"],"picked":"SKIP","floor":2.0},{"not_picked":["Backflip","Acrobatics"],"picked":"Eviscerate","floor":4.0},{"not_picked":["Choke","Outmaneuver","Cloak And Dagger"],"picked":"SKIP","floor":5},{"not_picked":["Blade Dance","Infinite Blades"],"picked":"Escape Plan","floor":7},{"not_picked":["Noxious Fumes","Cloak And Dagger","Heel Hook"],"picked":"SKIP","floor":8},{"not_picked":["Cloak And Dagger+1","Crippling Poison+1"],"picked":"Outmaneuver+1","floor":11},{"not_picked":["Flying Knee","Dagger Throw"],"picked":"PiercingWail+1","floor":12},{"not_picked":["Deadly Poison+1","Deflect+1","Poisoned Stab"],"picked":"SKIP","floor":14}],"player_experience":318687,"relics_obtained":[{"floor":9,"key":"Toxic Egg 2"}],"event_choices":[{"damage_healed":0.0,"max_hp_gain":0.0,"max_hp_loss":0.0,"gold_gain":0.0,"event_name":"Match and Keep!","player_choice":"0 cards matched","floor":3.0,"gold_loss":0.0,"damage_taken":0.0,"cards_obtained":[]},{"cards_removed":["Strike_G"],"damage_healed":0,"gold_gain":0,"player_choice":"Purged","damage_taken":0,"max_hp_gain":0,"max_hp_loss":0,"event_name":"Purifier","floor":13,"gold_loss":0}],"is_beta":false,"boss_relics":[],"items_purged_floors":[],"is_endless":false,"potions_floor_spawned":[1,4,7,8,11],"killed_by":"The Guardian","ascension_level":2}}