{"host":"ix7p32bjxfunmfrv","time":1608312700,"event":{"mods":["AchievementEnabler","BaseMod","DeckTracker","Minty Spire (QoL Compilation)","Permanent Neow","Quick Restart"],"gold_per_floor":[110,127,77,77,29,29,60,70,97,97,132,63,92,103,103,205,205,222,222,235,160,171,196,196,196,196,206,221,321,76,96,96,191,191,207,221,33,83,129,129,52,52,52],"floor_reached":42,"playtime":1711,"items_purged":["Defend_R"],"score":484,"play_id":"8a53e286-d79f-4444-86c2-7cda8ed81888","local_time":"20201219023140","is_ascension_mode":false,"campfire_choices":[{"data":"Perfected Strike","floor":6.0,"key":"SMITH"},{"data":"Dark Embrace","floor":10.0,"key":"SMITH"},{"data":"Battle Trance","floor":15.0,"key":"SMITH"},{"data":"Pommel Strike","floor":24.0,"key":"SMITH"},{"data":"Perfected Strike","floor":32.0,"key":"SMITH"},{"data":"Double Tap","floor":40.0,"key":"SMITH"}],"circlet_count":0,"master_deck":["Strike_R","Strike_R","Strike_R","Defend_R+1","Defend_R+1","Bash","Dark Embrace+1","Cleave","Perfected Strike+1","Twin Strike","Twin Strike","Pommel Strike","Battle Trance+1","Wild Strike","Double Tap+1","Pommel Strike+1","Dropkick","Twin Strike+1","Evolve","Perfected Strike+1","Corruption","Headbutt","Feel No Pain","Rage+1","Sentinel","Power Through+1","Perfected Strike+1","Shrug It Off+1","Sentinel"],"relics":["Burning Blood","NeowsBlessing","Bag of Preparation","War Paint","Anchor","Letter Opener","Philosopher\u0027s Stone","Orichalcum","Bottled Lightning","Mango","Blue Candle","White Beast Statue","Snecko Eye","Membership Card","Du-Vu Doll","Lizard Tail","Orrery"],"acts_visited":["Exordium","TheCity","TheBeyond"],"potions_floor_usage":[],"damage_taken":[{"damage":0.0,"enemies":"2 Louse","floor":1.0,"turns":1.0},{"damage":0.0,"enemies":"Jaw Worm","floor":2.0,"turns":1.0},{"damage":0.0,"enemies":"3 Sentries","floor":7.0,"turns":2.0},{"damage":0.0,"enemies":"Cultist","floor":8.0,"turns":4.0},{"damage":20.0,"enemies":"Lagavulin","floor":11.0,"turns":5.0},{"damage":14.0,"enemies":"3 Sentries","floor":13.0,"turns":6.0},{"damage":10.0,"enemies":"Large Slime","floor":14.0,"turns":3.0},{"damage":27.0,"enemies":"Slime Boss","floor":16.0,"turns":6.0},{"damage":6.0,"enemies":"Spheric Guardian","floor":18.0,"turns":3.0},{"damage":8.0,"enemies":"Shell Parasite","floor":20.0,"turns":4.0},{"damage":5.0,"enemies":"Centurion and Healer","floor":22.0,"turns":6.0},{"damage":1.0,"enemies":"Gremlin Leader","floor":23.0,"turns":4.0},{"damage":19.0,"enemies":"Snecko","floor":27.0,"turns":4.0},{"damage":18.0,"enemies":"Snake Plant","floor":28.0,"turns":3.0},{"damage":5.0,"enemies":"Colosseum Slavers","floor":29.0,"turns":3.0},{"damage":0.0,"enemies":"Colosseum Nobs","floor":29.0,"turns":3.0},{"damage":5.0,"enemies":"Cultist and Chosen","floor":31.0,"turns":4.0},{"damage":65.0,"enemies":"Automaton","floor":33.0,"turns":8.0},{"damage":14.0,"enemies":"3 Shapes","floor":35.0,"turns":3.0},{"damage":0.0,"enemies":"Orb Walker","floor":36.0,"turns":2.0},{"damage":0.0,"enemies":"Mind Bloom Boss Battle","floor":38.0,"turns":3.0},{"damage":28.0,"enemies":"2 Orb Walkers","floor":39.0,"turns":4.0},{"damage":0,"enemies":"Nemesis","floor":42,"turns":1}],"seed_played":"5292991405972454431","potions_obtained":[{"floor":7.0,"key":"BlessingOfTheForge"},{"floor":14.0,"key":"Dexterity Potion"},{"floor":19.0,"key":"Fruit Juice"},{"floor":19.0,"key":"Block Potion"},{"floor":19.0,"key":"Energy Potion"},{"floor":22.0,"key":"FearPotion"},{"floor":28.0,"key":"Regen Potion"},{"floor":29.0,"key":"DuplicationPotion"},{"floor":31.0,"key":"Weak Potion"},{"floor":33.0,"key":"Ancient Potion"},{"floor":35.0,"key":"Weak Potion"},{"floor":36.0,"key":"DistilledChaos"},{"floor":39.0,"key":"FairyPotion"}],"is_trial":false,"path_per_floor":["M","M","?","?","$","R","E","M","T","R","E","$","E","M","R","B",null,"M","?","M","$","M","E","R","?","T","M","M","?","$","M","R","B",null,"M","M","$","?","?","R","$","E"],"character_chosen":"IRONCLAD","items_purchased":["Perfected Strike","Battle Trance","White Beast Statue","Membership Card","Feel No Pain","Orrery"],"campfire_rested":0,"item_purchase_floors":[5,12,30,37,37,41],"current_hp_per_floor":[80,80,80,73,73,73,79,80,80,80,66,66,58,54,54,33,80,80,85,83,83,84,85,85,85,85,72,60,81,81,82,82,38,99,91,97,97,99,77,77,77,77,77],"gold":52,"neow_bonus":"THREE_ENEMY_KILL","is_daily":false,"chose_seed":false,"campfire_upgraded":6,"win_rate":0.0,"timestamp":1608312700,"path_taken":["M","M","?","?","$","R","E","M","T","R","E","$","E","M","R","BOSS","M","?","M","$","?","E","R","?","T","?","M","?","?","M","R","BOSS","M","?","$","?","?","R","$","E"],"items_purchased_type":["Card","Card","Relic","Relic","Card","Relic"],"build_version":"2020-12-13","purchased_purges":1,"victory":false,"max_hp_per_floor":[80,80,80,80,80,80,80,80,80,80,80,80,80,80,80,80,80,80,85,85,85,85,85,85,85,85,85,85,99,99,99,99,99,99,99,99,99,99,99,99,99,99,99],"card_choices":[{"not_picked":["Clash","Seeing Red"],"picked":"Dark Embrace","floor":1.0},{"not_picked":["Shrug It Off","Flex"],"picked":"Cleave","floor":2.0},{"not_picked":["Warcry","Fire Breathing"],"picked":"Twin Strike","floor":7.0},{"not_picked":["Heavy Blade","True Grit"],"picked":"Twin Strike","floor":8.0},{"not_picked":["Armaments","Exhume"],"picked":"Pommel Strike","floor":11.0},{"not_picked":["Clothesline","Sword Boomerang"],"picked":"Wild Strike","floor":13.0},{"not_picked":["Iron Wave","Body Slam","Spot Weakness"],"picked":"SKIP","floor":14.0},{"not_picked":["Juggernaut","Reaper"],"picked":"Double Tap","floor":16.0},{"not_picked":["Infernal Blade+1","Heavy Blade","Warcry"],"picked":"SKIP","floor":18.0},{"not_picked":["Thunderclap","Havoc"],"picked":"Pommel Strike","floor":20.0},{"not_picked":["Havoc+1","Heavy Blade","Reaper"],"picked":"SKIP","floor":22.0},{"not_picked":["Blood for Blood+1","Heavy Blade","Bloodletting"],"picked":"SKIP","floor":23.0},{"not_picked":["Pommel Strike","Sword Boomerang+1"],"picked":"Twin Strike+1","floor":27.0},{"not_picked":["Anger","Dropkick"],"picked":"Evolve","floor":28.0},{"not_picked":["Iron Wave","Reckless Charge"],"picked":"Perfected Strike","floor":31.0},{"not_picked":["Bludgeon","Fiend Fire"],"picked":"Corruption","floor":33.0},{"not_picked":["Clash+1","Sword Boomerang+1","Infernal Blade+1"],"picked":"SKIP","floor":35.0},{"not_picked":["Cleave","Wild Strike"],"picked":"Headbutt","floor":36.0},{"not_picked":["Combust","Rupture+1"],"picked":"Rage+1","floor":39.0},{"not_picked":["Seeing Red","Dropkick+1"],"picked":"Sentinel","floor":41.0},{"not_picked":["Headbutt+1","Pummel+1"],"picked":"Power Through+1","floor":41.0},{"not_picked":["Heavy Blade","Infernal Blade+1"],"picked":"Perfected Strike+1","floor":41.0},{"not_picked":["Dropkick+1","Wild Strike"],"picked":"Shrug It Off+1","floor":41.0},{"not_picked":["Clash","Body Slam"],"picked":"Sentinel","floor":41.0}],"player_experience":144680,"relics_obtained":[{"floor":7.0,"key":"Bag of Preparation"},{"floor":9.0,"key":"War Paint"},{"floor":11.0,"key":"Anchor"},{"floor":13.0,"key":"Letter Opener"},{"floor":23.0,"key":"Orichalcum"},{"floor":26.0,"key":"Bottled Lightning"},{"floor":29.0,"key":"Mango"},{"floor":29.0,"key":"Blue Candle"},{"floor":38.0,"key":"Du-Vu Doll"},{"floor":39.0,"key":"Lizard Tail"}],"event_choices":[{"cards_removed":["Strike_R"],"damage_healed":0.0,"max_hp_gain":0.0,"max_hp_loss":0.0,"gold_gain":0.0,"event_name":"The Cleric","player_choice":"Card Removal","floor":3.0,"gold_loss":50.0,"damage_taken":0.0},{"cards_removed":["Strike_R"],"damage_healed":0.0,"max_hp_gain":0.0,"max_hp_loss":0.0,"gold_gain":0.0,"event_name":"Golden Wing","player_choice":"Card Removal","floor":4.0,"gold_loss":0.0,"damage_taken":7.0},{"damage_healed":0.0,"max_hp_gain":0.0,"max_hp_loss":0.0,"gold_gain":0.0,"event_name":"Lab","player_choice":"Got Potions","floor":19.0,"gold_loss":0.0,"damage_taken":0.0},{"damage_healed":0.0,"max_hp_gain":0.0,"max_hp_loss":0.0,"gold_gain":0.0,"cards_transformed":["Defend_R"],"event_name":"Transmorgrifier","player_choice":"Transformed","floor":25.0,"gold_loss":0.0,"damage_taken":0.0,"cards_obtained":["Dropkick"]},{"damage_healed":0.0,"max_hp_gain":0.0,"max_hp_loss":0.0,"gold_gain":0.0,"event_name":"Colosseum","player_choice":"Fight","floor":29.0,"gold_loss":0.0,"damage_taken":0.0},{"damage_healed":0.0,"max_hp_gain":0.0,"max_hp_loss":0.0,"gold_gain":0.0,"event_name":"Colosseum","player_choice":"Fought Nobs","floor":29.0,"gold_loss":0.0,"damage_taken":0.0},{"damage_healed":0.0,"max_hp_gain":0.0,"max_hp_loss":0.0,"gold_gain":0.0,"event_name":"MindBloom","player_choice":"Fight","floor":38.0,"gold_loss":0.0,"damage_taken":0.0},{"damage_healed":0.0,"max_hp_gain":0.0,"max_hp_loss":0.0,"gold_gain":0.0,"event_name":"Mysterious Sphere","player_choice":"Fight","floor":39.0,"gold_loss":0.0,"damage_taken":0.0}],"is_beta":false,"boss_relics":[{"not_picked":["Ectoplasm","Mark of Pain"],"picked":"Philosopher\u0027s Stone"},{"not_picked":["Cursed Key","Busted Crown"],"picked":"Snecko Eye"}],"items_purged_floors":[21],"is_endless":false,"potions_floor_spawned":[7,14,22,28,29,31,33,35,36,38,39],"killed_by":"Nemesis","ascension_level":0}}