{"host":"sabve5zmqufxyc5o","time":1608302319,"event":{"mods":["2.2 Compatiblity","AchievementEnabler","Act Like it!","BaseMod","Block Reminder","Colored Map","Colored Powertips","DeckTracker","KOR Keyword Fix","Keyboard Shortcuts","Minty Spire (QoL Compilation)","Quick Restart","Rare Cards Sparkle","Relic Stats","StSLib","SuperFastMode"],"gold_per_floor":[116,116,133,150,19,46,46,58,106,106,181,196,196,222,222,222,222],"floor_reached":16,"playtime":332,"items_purged":[],"score":320,"play_id":"1aaaab5c-97e3-4ccb-a77f-ede9700efb77","local_time":"20201218233839","is_ascension_mode":true,"campfire_choices":[{"floor":7,"key":"REST"},{"data":"Dualcast","floor":10,"key":"SMITH"},{"floor":13,"key":"REST"},{"data":"Hologram","floor":15,"key":"SMITH"}],"circlet_count":0,"master_deck":["AscendersBane","Strike_B","Strike_B","Strike_B","Strike_B","Defend_B","Defend_B","Defend_B","Defend_B","Zap+1","Dualcast+1","Sweeping Beam","Stack","Hologram+1","Glacier","Beam Cell","Electrodynamics","BootSequence","Stack","Cold Snap"],"relics":["Cracked Core","Letter Opener","Regal Pillow","Bag of Marbles"],"acts_visited":["Exordium"],"potions_floor_usage":[6,6,14],"damage_taken":[{"damage":12,"enemies":"Jaw Worm","floor":1,"turns":3},{"damage":0,"enemies":"Cultist","floor":3,"turns":4},{"damage":11,"enemies":"2 Louse","floor":4,"turns":2},{"damage":20,"enemies":"3 Sentries","floor":6,"turns":17},{"damage":1,"enemies":"Large Slime","floor":8,"turns":4},{"damage":1,"enemies":"3 Louse","floor":12,"turns":2},{"damage":43,"enemies":"Gremlin Nob","floor":14,"turns":5},{"damage":42,"enemies":"The Guardian","floor":16,"turns":14}],"seed_played":"3994692185534118425","potions_obtained":[{"floor":3,"key":"SkillPotion"},{"floor":6,"key":"Fruit Juice"},{"floor":14,"key":"Fruit Juice"}],"is_trial":false,"path_per_floor":["M","?","M","M","$","E","R","M","T","R","?","M","R","E","R","B"],"character_chosen":"DEFECT","items_purchased":["Glacier","Beam Cell"],"campfire_rested":2,"item_purchase_floors":[5,5],"current_hp_per_floor":[52,52,52,41,41,26,48,47,47,47,36,35,72,34,34,0,0],"gold":222,"neow_bonus":"THREE_CARDS","is_daily":false,"chose_seed":false,"campfire_upgraded":2,"win_rate":0.0,"timestamp":1608302319,"path_taken":["M","?","M","M","$","E","R","M","T","R","?","M","R","E","R","BOSS"],"items_purchased_type":["Card","Card"],"build_version":"2020-12-13","purchased_purges":0,"victory":false,"max_hp_per_floor":[71,71,71,71,71,76,76,76,76,76,76,76,76,81,81,81,81],"relic_stats":{"Regal Pillow":15,"counters":[8,51],"Letter Opener":[48],"obtain_stats":[{"Regal Pillow":9,"Bag of Marbles":14,"Letter Opener":6,"Cracked Core":0},{"Regal Pillow":5,"Bag of Marbles":7,"Letter Opener":4,"Cracked Core":0},{"Regal Pillow":30,"Bag of Marbles":37,"Letter Opener":26,"Cracked Core":0}]},"card_choices":[{"not_picked":["Auto Shields","Double Energy"],"picked":"Steam","floor":0.0},{"not_picked":["Skim","Rebound"],"picked":"Sweeping Beam","floor":1},{"not_picked":["Leap","Auto Shields"],"picked":"Stack","floor":3},{"not_picked":["Redo","Tempest"],"picked":"Hologram","floor":4},{"not_picked":["Streamline","Stack"],"picked":"Electrodynamics","floor":6},{"not_picked":["Stack","Defragment"],"picked":"BootSequence","floor":8},{"not_picked":["BootSequence","Steam"],"picked":"Stack","floor":12},{"not_picked":["Hologram","Fission"],"picked":"Cold Snap","floor":14}],"player_experience":785949,"relics_obtained":[{"floor":6,"key":"Letter Opener"},{"floor":9,"key":"Regal Pillow"},{"floor":14,"key":"Bag of Marbles"}],"event_choices":[{"damage_healed":0,"gold_gain":0,"player_choice":"Grow","damage_taken":0,"max_hp_gain":0,"max_hp_loss":0,"event_name":"Living Wall","floor":2,"gold_loss":0,"cards_upgraded":["Zap"]},{"damage_healed":0,"gold_gain":75,"player_choice":"Gather Gold","damage_taken":11,"max_hp_gain":0,"max_hp_loss":0,"event_name":"World of Goop","floor":11,"gold_loss":0}],"is_beta":false,"boss_relics":[],"items_purged_floors":[],"is_endless":false,"potions_floor_spawned":[3,6,14],"killed_by":"The Guardian","ascension_level":20}}