{"host":"4iyx5awba3brsmhd","time":1608251291,"event":{"mods":["AchievementEnabler","Act Like it!","BaseMod","Better Match","Colored Powertips","Duelist Mod","Hallownest","Hero for Fun","Hubris","Infinite Spire","Magitek Elite","Marisa????????","Melee Mod","Minty Spire (QoL Compilation)","Quick Restart","Rare Cards Sparkle","Replay The Spire","Robot Space Explorer","Shade Mod","StSLib","SuperFastMode","The Blackbeard","The Blue Laboratory","The Bug Knight","The Cursed","The Necromancer","The Servant 0.9.4","TheWitcher"],"gold_per_floor":[113,130,55,55,67,86,86,98,98,98,132,151,151,175,175,278,278,292,292,308,88,88,114,114,97,124,124,24,24,37,37,37,233,233,251,268,268,281,281,281,281,309,357,357,377,377,146,163,163,163],"floor_reached":51,"playtime":2685,"items_purged":["Defend_W","Strike_W","Strike_W","Summon_Death_Knight","Violent_Necrosis"],"score":779,"play_id":"ef0dfead-2c9c-43f8-8bce-fc49ec954260","local_time":"20201217192811","is_ascension_mode":true,"campfire_choices":[{"data":"Siphon_Strength","floor":7.0,"key":"SMITH"},{"data":"Summon_Death_Knight","floor":10.0,"key":"SMITH"},{"data":"Blood_Curse","floor":15.0,"key":"SMITH"},{"data":"RitualDagger","floor":24.0,"key":"SMITH"},{"floor":32.0,"key":"REST"},{"data":"Deaths_Shadow","floor":40,"key":"SMITH"},{"floor":49,"key":"REST"}],"circlet_count":0,"master_deck":["Negative_Energy_Arrows","Bone_Wall","Blood_Curse+1","Toxic_Smoke_Screen+1","Siphon_Strength+1","Summon_Death_Knight+1","Bone_Armor","Life_Drain","Skeleton_Dragon","Hellfire","Bone_Shift+1","RitualDagger+1","Death_March_Dance","infinitespire:UltimateForm","Summon_Death_Knight","Negative_Energy_Sphere","Deaths_Shadow+1","Summon_Lich+1","Necrotic_Claws+1","infinitespire:Starlight","Bone_Spikes+1","Sadistic Nature","Summon_Undead_Army","Toxic_Smoke_Screen+1"],"relics":["ReplayTheSpireMod:DimensionalGlitch","hubris:Icosahedron","Onion Ring","hubris:Towel","Odd Mushroom","hubris:ScarierMask","Sundial","Sozu","Lantern","HollowMod:LifeEnderRelic","Guard_Bracelet","infinitespire:PuzzleCube","Pandora\u0027s Box","Ginger","Mummified Hand","Replay:Baseball","BargainBundle"],"acts_visited":["Exordium","TheCity","TheBeyond"],"potions_floor_usage":[33,38,38],"damage_taken":[{"damage":0.0,"enemies":"Small Slimes","floor":1.0,"turns":3.0},{"damage":1.0,"enemies":"Cultist","floor":2.0,"turns":4.0},{"damage":0.0,"enemies":"Jaw Worm","floor":5.0,"turns":3.0},{"damage":0.0,"enemies":"Exordium Thugs","floor":6.0,"turns":4.0},{"damage":3.0,"enemies":"Large Slime","floor":8.0,"turns":6.0},{"damage":3.0,"enemies":"Lagavulin","floor":11.0,"turns":6.0},{"damage":0.0,"enemies":"2 Fungi Beasts","floor":12.0,"turns":3.0},{"damage":7.0,"enemies":"The Mushroom Lair","floor":14.0,"turns":4.0},{"damage":23.0,"enemies":"Slime Boss","floor":16.0,"turns":9.0},{"damage":12.0,"enemies":"Chosen","floor":18.0,"turns":4.0},{"damage":0.0,"enemies":"Snake Plant","floor":20.0,"turns":3.0},{"damage":2.0,"enemies":"HollowMod:Nosk","floor":23.0,"turns":7.0},{"damage":6.0,"enemies":"theDuelist:KaibaA2","floor":25.0,"turns":3.0},{"damage":0.0,"enemies":"Snecko","floor":30.0,"turns":4.0},{"damage":16,"enemies":"Champ","floor":33,"turns":8},{"damage":1,"enemies":"Orb Walker","floor":35,"turns":3},{"damage":31,"enemies":"3 Shapes","floor":36,"turns":4},{"damage":7,"enemies":"Transient","floor":38,"turns":5},{"damage":22,"enemies":"Giant Head","floor":42,"turns":7},{"damage":16,"enemies":"4 Shapes","floor":45,"turns":8},{"damage":0,"enemies":"Jaw Worm Horde","floor":48,"turns":2},{"damage":37,"enemies":"Time Eater","floor":50,"turns":11}],"seed_played":"1443729066161447985","potions_obtained":[{"floor":2.0,"key":"GamblersBrew"},{"floor":8.0,"key":"CultistPotion"},{"floor":11.0,"key":"blueLaboratory:FruitPunch"},{"floor":14.0,"key":"Toxic Potion"},{"floor":16.0,"key":"Swift Potion"}],"is_trial":false,"path_per_floor":["M","M","?","?","M","M","R","M","T","R","E","M","?","?","R","B",null,"M","AVR","M","$","?","E","R","E","T","?","$","?","M","?","R","B",null,"M","M","AVR","M","?","R","?","E","T","?","M","?","$","M","R","B",null],"character_chosen":"NECROMANCER","items_purchased":["Lantern","BargainBundle","Summon_Undead_Army"],"campfire_rested":2,"item_purchase_floors":[21,47,47],"current_hp_per_floor":[75,74,74,74,74,74,74,71,71,71,68,68,68,64,64,47,77,65,65,68,68,62,63,63,60,60,31,31,31,34,34,57,47,77,76,48,48,49,49,49,49,35,35,35,24,24,24,27,48,21],"gold":163,"neow_bonus":"BOSS_RELIC","is_daily":false,"chose_seed":false,"campfire_upgraded":5,"win_rate":0.0,"timestamp":1608251291,"path_taken":["M","M","?","?","M","M","R","M","T","R","E","?","?","?","R","BOSS","M","AVR","M","$","?","E","R","E","T","?","$","?","M","?","R","BOSS","M","M","AVR","M","?","R","?","E","T","?","?","?","$","M","R","BOSS"],"items_purchased_type":["Relic","Relic","Card"],"build_version":"2020-12-13","purchased_purges":5,"victory":true,"max_hp_per_floor":[75,75,75,75,75,75,75,75,75,75,75,75,75,75,75,77,77,77,77,77,77,77,77,77,77,77,77,77,77,77,77,77,77,77,77,77,77,77,77,77,73,73,73,73,73,73,73,73,73,73],"card_choices":[{"not_picked":["Violent_Necrosis","Blood_for_Blood"],"picked":"Blood_Curse","floor":1.0},{"not_picked":["Consume_Illness","Shackles_Of_Pain","Whirlwind_of_Bones"],"picked":"SKIP","floor":2.0},{"not_picked":["Negative_Energy_Sphere+1","Chill_Blood+1"],"picked":"Toxic_Smoke_Screen+1","floor":3.0},{"not_picked":["Flesh_Made_Foul","Blood_Curse"],"picked":"Siphon_Strength","floor":5.0},{"not_picked":["Life_Tap","Negative_Energy_Javelin"],"picked":"Summon_Death_Knight","floor":6.0},{"not_picked":["Life_Drain","Blood_Whip","Toxic_Smoke_Screen"],"picked":"SKIP","floor":8.0},{"not_picked":["Blood_Whip","Corrupt"],"picked":"Bone_Armor","floor":11.0},{"not_picked":["Negative_Energy_Javelin","Plague_Bolt"],"picked":"Life_Drain","floor":12.0},{"not_picked":["Toxic_Smoke_Screen","Negative_Energy_Mist"],"picked":"Skeleton_Dragon","floor":14.0},{"not_picked":["Detonate_Bones","Cloudkill"],"picked":"Hellfire","floor":16.0},{"not_picked":["Vampiric_Strike","Summon_Vampire_Lady"],"picked":"Bone_Shift+1","floor":18.0},{"not_picked":["Vampiric_Strike","Strike_from_Beyond+1","Bone_Shift+1"],"picked":"SKIP","floor":20.0},{"not_picked":["Detonate_Bones","Toxic_Smoke_Screen+1"],"picked":"Death_Coil+1","floor":23.0},{"not_picked":["Shade_Step","Finger_Of_Death"],"picked":"Death_March_Dance","floor":25.0},{"not_picked":["ReplayTheSpireMod:??????????????????????","ReplayTheSpireMod:Haul"],"picked":"infinitespire:UltimateForm","floor":27.0},{"not_picked":["Shackles_Of_Pain","Necromantic_Selection","Finger_Of_Death"],"picked":"SKIP","floor":30.0},{"not_picked":["Negative_Energy_Sphere","Acid_Javelin+1"],"picked":"Summon_Lich+1","floor":35},{"not_picked":["Necromantic_Selection+1","Summon_Undead_Army+1"],"picked":"Necrotic_Claws+1","floor":36},{"not_picked":["Bone_Shift+1","Bones_to_Steel+1","Skeleton_Dragon"],"picked":"SKIP","floor":38},{"not_picked":["Bone_Armory+1","Life_Drain+1"],"picked":"Bone_Spikes+1","floor":42},{"not_picked":["Blood_Whip+1","Violent_Necrosis+1","Negative_Energy_Mist"],"picked":"SKIP","floor":45},{"not_picked":["ReplayTheSpireMod:Trickstab","Secret Technique"],"picked":"Sadistic Nature","floor":46},{"not_picked":["Bone_Bullets","Scare+1"],"picked":"Toxic_Smoke_Screen+1","floor":48}],"player_experience":411821,"relics_obtained":[{"floor":11.0,"key":"Onion Ring"},{"floor":14.0,"key":"Odd Mushroom"},{"floor":23.0,"key":"HollowMod:LifeEnderRelic"},{"floor":25.0,"key":"Guard_Bracelet"},{"floor":26.0,"key":"infinitespire:PuzzleCube"},{"floor":42,"key":"Mummified Hand"},{"floor":43,"key":"Replay:Baseball"}],"event_choices":[{"damage_healed":0.0,"max_hp_gain":0.0,"max_hp_loss":0.0,"gold_gain":0.0,"event_name":"betterMatch:BetterMatch","player_choice":"2","floor":3.0,"gold_loss":0.0,"damage_taken":0.0,"cards_obtained":["betterMatch:CommonCard"]},{"damage_healed":0.0,"max_hp_gain":0.0,"max_hp_loss":0.0,"gold_gain":0.0,"event_name":"Mushrooms","player_choice":"Fought Mushrooms","floor":14.0,"gold_loss":0.0,"damage_taken":0.0},{"damage_healed":0.0,"max_hp_gain":0.0,"max_hp_loss":0.0,"gold_gain":0.0,"event_name":"Nest","player_choice":"Joined the Cult","floor":22.0,"gold_loss":0.0,"damage_taken":6.0,"cards_obtained":["RitualDagger"]},{"damage_healed":0,"gold_gain":0,"player_choice":"Ignored","damage_taken":0,"max_hp_gain":0,"max_hp_loss":0,"event_name":"Mysterious Sphere","floor":39,"gold_loss":0},{"damage_healed":0,"gold_gain":0,"player_choice":"Max HP","damage_taken":0,"max_hp_gain":0,"max_hp_loss":4,"event_name":"Winding Halls","floor":41,"gold_loss":0},{"cards_removed":["Death_Coil"],"damage_healed":0,"gold_gain":0,"player_choice":"Removed Attack","damage_taken":0,"max_hp_gain":0,"max_hp_loss":0,"event_name":"Falling","floor":44,"gold_loss":0},{"damage_healed":0,"gold_gain":0,"player_choice":"Memory 1","damage_taken":0,"max_hp_gain":0,"max_hp_loss":0,"event_name":"SensoryStone","floor":46,"gold_loss":0}],"is_beta":false,"boss_relics":[{"not_picked":["Black Star","hubris:TerracottaHorce"],"picked":"hubris:ScarierMask"},{"not_picked":["Kintsugi","Coffee Dripper"],"picked":"Pandora\u0027s Box"}],"items_purged_floors":[19,21,28,37,47],"is_endless":false,"potions_floor_spawned":[2,8,11,14,16,25,30,33,35,36],"ascension_level":2}}