{"host":"bq4pt811tk9yrmjl","time":1608329663,"event":{"mods":["AchievementEnabler","BaseMod","Colored Map","Colored Powertips","Defuse TimeMaze Blight","Minty Spire (QoL Compilation)","StSLib","SuperFastMode","UnlockEverythingMod"],"gold_per_floor":[118,118,193,208,208,208,237,247,274,274,274,274,305,329,329,329,329],"floor_reached":16,"playtime":183,"items_purged":[],"score":140,"play_id":"62817f28-6110-47ed-b88b-367c37e5f522","local_time":"20201218201423","is_ascension_mode":true,"campfire_choices":[{"data":"Loop","floor":6,"key":"SMITH"},{"data":"Zap","floor":10,"key":"SMITH"},{"data":"Capacitor","floor":15,"key":"SMITH"}],"circlet_count":0,"master_deck":["Strike_B","Strike_B","Strike_B","Strike_B","Defend_B","Defend_B","Defend_B","Defend_B","Zap+1","Dualcast","Loop+1","Melter","FTL","Twin Strike","Capacitor+1"],"relics":["Cracked Core","NeowsBlessing","Blood Vial","Strawberry","Golden Idol","PreservedInsect"],"acts_visited":["Exordium"],"potions_floor_usage":[13],"damage_taken":[{"damage":0,"enemies":"2 Louse","floor":1,"turns":1},{"damage":0,"enemies":"Jaw Worm","floor":4,"turns":1},{"damage":0,"enemies":"3 Sentries","floor":7,"turns":1},{"damage":0,"enemies":"Small Slimes","floor":8,"turns":3},{"damage":29,"enemies":"Gremlin Nob","floor":13,"turns":5},{"damage":5,"enemies":"Looter","floor":14,"turns":3},{"damage":48,"enemies":"Hexaghost","floor":16,"turns":9}],"seed_played":"6568191314808381020","potions_obtained":[{"floor":7,"key":"CultistPotion"},{"floor":8,"key":"PowerPotion"}],"is_trial":false,"path_per_floor":["M","$","?","M","T","R","E","M","T","R","?","?","E","M","R","B"],"character_chosen":"DEFECT","items_purchased":[],"campfire_rested":0,"item_purchase_floors":[],"current_hp_per_floor":[75,75,64,64,64,64,73,75,75,75,75,75,48,45,45,0,0],"gold":329,"neow_bonus":"THREE_ENEMY_KILL","is_daily":false,"chose_seed":false,"campfire_upgraded":3,"win_rate":0.0,"timestamp":1608329663,"path_taken":["M","$","?","M","?","R","E","M","T","R","?","?","E","M","R","BOSS"],"items_purchased_type":[],"build_version":"2020-12-13","purchased_purges":0,"victory":false,"max_hp_per_floor":[75,75,75,75,75,75,82,82,82,82,82,82,82,82,82,82,82],"card_choices":[{"not_picked":["Compile Driver","Consume","Leap"],"picked":"SKIP","floor":1},{"not_picked":["Sweeping Beam","Darkness"],"picked":"Loop","floor":4},{"not_picked":["Sweeping Beam","Beam Cell"],"picked":"Melter","floor":7},{"not_picked":["Coolheaded","Barrage"],"picked":"FTL","floor":8},{"not_picked":["Sweeping Beam","Gash","Fission"],"picked":"SKIP","floor":13},{"not_picked":["Turbo","Beam Cell"],"picked":"Capacitor","floor":14}],"player_experience":77160,"relics_obtained":[{"floor":5,"key":"Blood Vial"},{"floor":7,"key":"Strawberry"},{"floor":13,"key":"PreservedInsect"}],"event_choices":[{"damage_healed":0,"gold_gain":75,"player_choice":"Gather Gold","damage_taken":11,"max_hp_gain":0,"max_hp_loss":0,"event_name":"World of Goop","floor":3,"gold_loss":0},{"damage_healed":0,"gold_gain":0,"player_choice":"Take Wound","damage_taken":0,"relics_obtained":["Golden Idol"],"max_hp_gain":0,"max_hp_loss":0,"event_name":"Golden Idol","floor":11,"gold_loss":0,"cards_obtained":["Injury"]},{"cards_removed":["Injury"],"damage_healed":0,"gold_gain":0,"player_choice":"Took Card","damage_taken":0,"max_hp_gain":0,"max_hp_loss":0,"event_name":"NoteForYourself","floor":12,"gold_loss":0,"cards_obtained":["Twin Strike"]}],"is_beta":false,"boss_relics":[],"items_purged_floors":[],"is_endless":false,"potions_floor_spawned":[7,8],"killed_by":"Hexaghost","ascension_level":1}}