{"host":"q9718omregw4er46","time":1608321292,"event":{"mods":["BaseMod","Bestiary","Colored Powertips","Custom Start","Highlight Path","Minty Spire (QoL Compilation)","Practice Mode","Quick Restart","Relic Stats"],"gold_per_floor":[112,112,112,70,145,186,186,222,222,247,265,308,308,308,308],"floor_reached":14,"playtime":209,"items_purged":[],"score":304,"play_id":"ccf0b9ef-41cb-48aa-99e9-0344888f2627","local_time":"20201219005452","is_ascension_mode":true,"campfire_choices":[{"floor":13,"key":"REST"}],"circlet_count":0,"master_deck":["AscendersBane","Strike_B","Strike_B","Strike_B","Strike_B","Defend_B","Defend_B","Defend_B","Defend_B","Zap","Dualcast","Ball Lightning","Static Discharge","Core Surge","Steam"],"relics":["Cracked Core","NeowsBlessing","Golden Idol","Omamori","Symbiotic Virus","The Courier","Unceasing Top"],"acts_visited":["Exordium"],"potions_floor_usage":[12,12],"damage_taken":[{"damage":0,"enemies":"2 Louse","floor":1,"turns":1},{"damage":0,"enemies":"Lagavulin","floor":6,"turns":1},{"damage":0,"enemies":"Gremlin Nob","floor":8,"turns":1},{"damage":3,"enemies":"Small Slimes","floor":10,"turns":3},{"damage":7,"enemies":"Jaw Worm","floor":11,"turns":3},{"damage":15,"enemies":"3 Sentries","floor":12,"turns":5},{"damage":38,"enemies":"Gremlin Nob","floor":14,"turns":3}],"seed_played":"-6778695181928460784","potions_obtained":[{"floor":1,"key":"LiquidMemories"},{"floor":10,"key":"ColorlessPotion"},{"floor":11,"key":"AttackPotion"}],"is_trial":false,"path_per_floor":["M","$","?","$","?","E","?","E","T","M","M","E","R","E"],"character_chosen":"DEFECT","items_purchased":["Static Discharge"],"campfire_rested":1,"item_purchase_floors":[4],"current_hp_per_floor":[64,64,40,40,29,29,29,29,29,26,19,4,25,0,0],"gold":308,"neow_bonus":"THREE_ENEMY_KILL","is_daily":false,"chose_seed":false,"campfire_upgraded":0,"win_rate":0.0,"timestamp":1608321292,"path_taken":["M","$","?","$","?","E","?","E","T","M","M","E","R","E"],"items_purchased_type":["Card"],"build_version":"2020-12-13","purchased_purges":0,"victory":false,"max_hp_per_floor":[71,71,71,71,71,71,71,71,71,71,71,71,71,71,71],"relic_stats":{"counters":[7,17],"Golden Idol":33,"obtain_stats":[{"NeowsBlessing":0,"Golden Idol":3,"The Courier":9,"Omamori":6,"Cracked Core":0,"Symbiotic Virus":8,"Unceasing Top":12},{"NeowsBlessing":0,"Golden Idol":1,"The Courier":3,"Omamori":2,"Cracked Core":0,"Symbiotic Virus":3,"Unceasing Top":6},{"NeowsBlessing":0,"Golden Idol":1,"The Courier":3,"Omamori":2,"Cracked Core":0,"Symbiotic Virus":3,"Unceasing Top":14}],"Unceasing Top":[0]},"card_choices":[{"not_picked":["Skim","Coolheaded"],"picked":"Ball Lightning","floor":1},{"not_picked":["Aggregate","Conserve Battery","Chaos"],"picked":"SKIP","floor":6},{"not_picked":["Streamline","BootSequence"],"picked":"Core Surge","floor":8},{"not_picked":["Rebound","Skim","Streamline"],"picked":"SKIP","floor":10},{"not_picked":["Coolheaded","Sweeping Beam","Barrage"],"picked":"SKIP","floor":11},{"not_picked":["Streamline","Barrage"],"picked":"Steam","floor":12}],"player_experience":1050086,"relics_obtained":[{"floor":6,"key":"Omamori"},{"floor":8,"key":"Symbiotic Virus"},{"floor":9,"key":"The Courier"},{"floor":12,"key":"Unceasing Top"}],"event_choices":[{"damage_healed":0,"gold_gain":0,"player_choice":"Take Damage","damage_taken":24,"relics_obtained":["Golden Idol"],"max_hp_gain":0,"max_hp_loss":0,"event_name":"Golden Idol","floor":3,"gold_loss":0},{"damage_healed":0,"gold_gain":75,"player_choice":"Gather Gold","damage_taken":11,"max_hp_gain":0,"max_hp_loss":0,"event_name":"World of Goop","floor":5,"gold_loss":0},{"damage_healed":0,"gold_gain":0,"player_choice":"Ignored","damage_taken":0,"max_hp_gain":0,"max_hp_loss":0,"event_name":"Liars Game","floor":7,"gold_loss":0}],"is_beta":false,"boss_relics":[],"items_purged_floors":[],"is_endless":false,"potions_floor_spawned":[1,10,11],"killed_by":"Gremlin Nob","ascension_level":19}}