{"host":"1ivxh6f0wtekmpqo","time":1608312290,"event":{"mods":["AchievementEnabler","BaseMod","Colored Map","Minty Spire (QoL Compilation)","Rare Cards Sparkle","StSLib","SuperFastMode","everything is the same but u backflip on backflip"],"gold_per_floor":[118,118,94,113,131,131,147,147,217,217,217],"floor_reached":10,"playtime":496,"items_purged":[],"score":58,"play_id":"ecfa8099-4726-4850-bf59-a2e2e55577d4","local_time":"20201219012450","is_ascension_mode":false,"campfire_choices":[{"floor":6,"key":"RECALL"},{"floor":8,"key":"REST"}],"circlet_count":0,"master_deck":["Strike_P","Strike_P","Strike_P","Strike_P","Defend_P","Defend_P","Defend_P","Defend_P","Eruption","Vigilance","EmptyFist","Eruption","JustLucky","Crescendo","ClearTheMind","Nirvana"],"relics":["PureWater","Boot"],"acts_visited":["Exordium"],"potions_floor_usage":[],"damage_taken":[{"damage":0,"enemies":"Jaw Worm","floor":1,"turns":3},{"damage":0,"enemies":"Cultist","floor":4,"turns":2},{"damage":20,"enemies":"Small Slimes","floor":5,"turns":2},{"damage":5,"enemies":"2 Fungi Beasts","floor":7,"turns":3},{"damage":88,"enemies":"Gremlin Nob","floor":10,"turns":5}],"seed_played":"2353143101710915122","potions_obtained":[],"is_trial":false,"path_per_floor":["M","?","$","M","M","R","M","R","T","E"],"character_chosen":"WATCHER","items_purchased":["JustLucky"],"campfire_rested":1,"item_purchase_floors":[3],"current_hp_per_floor":[72,72,72,72,52,52,47,68,68,0,0],"gold":217,"neow_bonus":"RANDOM_COMMON_RELIC","is_daily":false,"chose_seed":false,"campfire_upgraded":0,"win_rate":0.0,"timestamp":1608312290,"path_taken":["M","?","$","?","M","R","M","R","T","E"],"items_purchased_type":["Card"],"build_version":"2020-12-13","purchased_purges":0,"victory":false,"max_hp_per_floor":[72,72,72,72,72,72,72,72,72,72,72],"card_choices":[{"not_picked":["CrushJoints","PathToVictory"],"picked":"EmptyFist","floor":1},{"not_picked":["JustLucky","SashWhip"],"picked":"Crescendo","floor":4},{"not_picked":["JustLucky","Wallop"],"picked":"ClearTheMind","floor":5},{"not_picked":["CutThroughFate","SignatureMove"],"picked":"Nirvana","floor":7}],"player_experience":214461,"relics_obtained":[],"event_choices":[{"damage_healed":0,"gold_gain":0,"player_choice":"1 cards matched","damage_taken":0,"max_hp_gain":0,"max_hp_loss":0,"event_name":"Match and Keep!","floor":2,"gold_loss":0,"cards_obtained":["Eruption"]}],"is_beta":false,"boss_relics":[],"items_purged_floors":[],"is_endless":false,"potions_floor_spawned":[],"killed_by":"Gremlin Nob","ascension_level":0}}