{"host":"fevvm7bbzuh4s1jc","time":1608316424,"event":{"mods":["BaseMod","Highlight Path","Minty Spire (QoL Compilation)","Relic Stats"],"gold_per_floor":[115,115,115,129,139,139,152,152,152,152,181,181,9,44,44,117,117,135,148,148,167,182,182,201,201,201,101,101,117,148,160,160,160,160],"floor_reached":33,"playtime":2772,"items_purged":["Strike_R","Strike_R"],"score":554,"play_id":"f8adbde6-6677-4997-aacf-29e3d4f8a82c","local_time":"20201218133344","is_ascension_mode":true,"campfire_choices":[{"data":"Whirlwind","floor":6.0,"key":"SMITH"},{"floor":8.0,"key":"DIG"},{"data":"1","floor":10.0,"key":"LIFT"},{"floor":12.0,"key":"REST"},{"data":"2","floor":15.0,"key":"LIFT"},{"floor":23,"key":"REST"},{"data":"3","floor":25,"key":"LIFT"},{"floor":32,"key":"REST"}],"circlet_count":0,"master_deck":["AscendersBane","Strike_R","Strike_R","Strike_R+1","Defend_R","Defend_R+1","Defend_R","Defend_R","Bash","Clothesline","Twin Strike","Whirlwind+1","Flame Barrier","Shockwave","Shrug It Off","Battle Trance","Offering","Twin Strike","Feel No Pain","Disarm","Impervious","True Grit+1","Dark Embrace","Burning Pact","Battle Trance"],"relics":["Burning Blood","Shovel","Prayer Wheel","Girya","Sundial","StoneCalendar","Philosopher\u0027s Stone","Gremlin Horn","Unceasing Top"],"acts_visited":["Exordium","TheCity"],"potions_floor_usage":[29,31,33],"damage_taken":[{"damage":14.0,"enemies":"Jaw Worm","floor":1.0,"turns":4.0},{"damage":5.0,"enemies":"2 Louse","floor":4.0,"turns":3.0},{"damage":1.0,"enemies":"Small Slimes","floor":5.0,"turns":3.0},{"damage":7.0,"enemies":"Blue Slaver","floor":7.0,"turns":4.0},{"damage":47.0,"enemies":"Lagavulin","floor":11.0,"turns":8.0},{"damage":8.0,"enemies":"Gremlin Nob","floor":14.0,"turns":3.0},{"damage":23.0,"enemies":"Hexaghost","floor":16.0,"turns":9.0},{"damage":6.0,"enemies":"Chosen","floor":18.0,"turns":3.0},{"damage":18.0,"enemies":"Shell Parasite","floor":19.0,"turns":4.0},{"damage":9,"enemies":"Snake Plant","floor":21,"turns":3},{"damage":11,"enemies":"Snecko","floor":22,"turns":3},{"damage":20,"enemies":"Centurion and Healer","floor":24,"turns":5},{"damage":6,"enemies":"Snake Plant","floor":29,"turns":5},{"damage":13,"enemies":"Gremlin Leader","floor":30,"turns":4},{"damage":24,"enemies":"Shelled Parasite and Fungi","floor":31,"turns":7},{"damage":46,"enemies":"Champ","floor":33,"turns":12}],"seed_played":"4321553934610237618","potions_obtained":[{"floor":7.0,"key":"Ancient Potion"},{"floor":14.0,"key":"Block Potion"},{"floor":21,"key":"SpeedPotion"},{"floor":24,"key":"Regen Potion"},{"floor":31,"key":"SneckoOil"}],"is_trial":false,"path_per_floor":["M","?","?","M","M","R","M","R","T","R","E","R","$","E","R","B",null,"M","M","?","M","M","R","M","R","T","$","?","M","E","M","R","B"],"character_chosen":"IRONCLAD","items_purchased":["Shockwave","Shrug It Off"],"campfire_rested":3,"item_purchase_floors":[13,13],"current_hp_per_floor":[42,19,44,45,50,50,49,49,49,49,8,30,30,28,28,11,59,59,47,26,23,18,42,28,28,28,28,28,42,35,17,41,0,0],"gold":160,"neow_bonus":"ONE_RARE_RELIC","is_daily":false,"chose_seed":false,"campfire_upgraded":1,"win_rate":0.0,"timestamp":1608316424,"path_taken":["M","?","?","M","M","R","M","R","T","R","E","R","$","E","R","BOSS","M","M","?","M","M","R","M","R","T","$","?","M","E","M","R","BOSS"],"items_purchased_type":["Card","Card"],"build_version":"2020-12-13","purchased_purges":2,"victory":false,"max_hp_per_floor":[75,75,75,75,75,75,75,75,75,75,75,75,75,75,75,75,75,75,75,80,80,80,80,80,80,80,80,80,80,80,80,80,80,80],"relic_stats":{"Shovel":1,"Gremlin Horn":[3,3],"counters":[16,80],"Sundial":[12],"Prayer Wheel":7,"StoneCalendar":[140],"obtain_stats":[{"Girya":9,"Shovel":0,"Gremlin Horn":26,"Sundial":11,"Prayer Wheel":8,"StoneCalendar":14,"Philosopher\u0027s Stone":17,"Burning Blood":0,"Unceasing Top":30},{"Girya":4,"Shovel":0,"Gremlin Horn":12,"Sundial":5,"Prayer Wheel":4,"StoneCalendar":6,"Philosopher\u0027s Stone":7,"Burning Blood":0,"Unceasing Top":14},{"Girya":14,"Shovel":0,"Gremlin Horn":52,"Sundial":22,"Prayer Wheel":14,"StoneCalendar":25,"Philosopher\u0027s Stone":34,"Burning Blood":0,"Unceasing Top":61}],"Burning Blood":90,"Unceasing Top":[0]},"card_choices":[{"not_picked":["Thunderclap","Armaments"],"picked":"Clothesline","floor":1.0},{"not_picked":["Pommel Strike","Sword Boomerang"],"picked":"Twin Strike","floor":4.0},{"not_picked":["Armaments","Twin Strike"],"picked":"Whirlwind","floor":5.0},{"not_picked":["Perfected Strike","Bloodletting","Body Slam"],"picked":"SKIP","floor":7.0},{"not_picked":["Exhume","Flex"],"picked":"Flame Barrier","floor":11.0},{"not_picked":["Anger","Iron Wave"],"picked":"Battle Trance","floor":14.0},{"not_picked":["Bludgeon","Limit Break"],"picked":"Offering","floor":16.0},{"not_picked":["Heavy Blade","Rage"],"picked":"Twin Strike","floor":18.0},{"not_picked":["Havoc+1","Headbutt","Flex"],"picked":"SKIP","floor":18.0},{"not_picked":["Sentinel","Second Wind"],"picked":"Feel No Pain","floor":19.0},{"not_picked":["Heavy Blade","Pommel Strike","Armaments"],"picked":"SKIP","floor":19.0},{"not_picked":["Perfected Strike","Anger","Headbutt"],"picked":"SKIP","floor":21},{"not_picked":["Warcry","Whirlwind","Pommel Strike"],"picked":"SKIP","floor":21},{"not_picked":["Sentinel","Shockwave"],"picked":"Disarm","floor":22},{"not_picked":["Clothesline","Evolve","Warcry"],"picked":"SKIP","floor":22},{"not_picked":["Shrug It Off","Perfected Strike"],"picked":"Impervious","floor":24},{"not_picked":["Flex","Feel No Pain"],"picked":"True Grit+1","floor":24},{"not_picked":["Cleave","Hemokinesis"],"picked":"Burning Pact","floor":29},{"not_picked":["Clash","Headbutt","Flame Barrier"],"picked":"SKIP","floor":29},{"not_picked":["Clash","Headbutt","Flame Barrier"],"picked":"SKIP","floor":29},{"not_picked":["Entrench+1","Pummel","Twin Strike"],"picked":"SKIP","floor":30},{"not_picked":["Ghostly Armor","Pommel Strike"],"picked":"Battle Trance","floor":31},{"not_picked":["Pommel Strike","Wild Strike+1","Headbutt"],"picked":"SKIP","floor":31}],"player_experience":2555254,"relics_obtained":[{"floor":8.0,"key":"Prayer Wheel"},{"floor":9.0,"key":"Girya"},{"floor":11.0,"key":"Sundial"},{"floor":14.0,"key":"StoneCalendar"},{"floor":26,"key":"Gremlin Horn"},{"floor":30,"key":"Unceasing Top"}],"event_choices":[{"damage_healed":0.0,"max_hp_gain":0.0,"max_hp_loss":0.0,"gold_gain":0.0,"event_name":"Shining Light","player_choice":"Entered Light","floor":2.0,"gold_loss":0.0,"damage_taken":23.0,"cards_upgraded":["Defend_R","Strike_R"]},{"damage_healed":25.0,"max_hp_gain":0.0,"max_hp_loss":0.0,"gold_gain":0.0,"event_name":"Big Fish","player_choice":"Banana","floor":3.0,"gold_loss":0.0,"damage_taken":0.0},{"damage_healed":0.0,"max_hp_gain":5.0,"max_hp_loss":0.0,"gold_gain":0.0,"event_name":"Forgotten Altar","player_choice":"Shed Blood","floor":20.0,"gold_loss":0.0,"damage_taken":26.0},{"damage_healed":0,"gold_gain":0,"player_choice":"Read","damage_taken":0,"max_hp_gain":0,"max_hp_loss":0,"event_name":"The Library","floor":28,"gold_loss":0,"cards_obtained":["Dark Embrace"]}],"is_beta":false,"boss_relics":[{"not_picked":["Empty Cage","Black Star"],"picked":"Philosopher\u0027s Stone"}],"items_purged_floors":[13,27],"is_endless":false,"potions_floor_spawned":[7,14,21,24,31],"killed_by":"Champ","ascension_level":20}}