{"host":"12piqfhmdln9x2la","time":1608314759,"event":{"mods":["2.2 Compatiblity","AchievementEnabler","BaseMod","BetterRewards","Colored Powertips","Minty Spire (QoL Compilation)","Quick Restart","SuperFastMode"],"gold_per_floor":[119,119,71,71,86,113,131,164,164,184,184,200,200,214,214,214,214],"floor_reached":16,"playtime":278,"items_purged":[],"score":137,"play_id":"522ce581-a1d5-4a48-973f-2c0c79eaab0b","local_time":"20201219030559","is_ascension_mode":false,"campfire_choices":[{"data":"Bouncing Flask","floor":15,"key":"SMITH"}],"circlet_count":0,"master_deck":["Strike_G","Strike_G","Strike_G","Strike_G","Defend_G","Defend_G","Defend_G","Defend_G+1","Defend_G","Survivor","Neutralize","Acrobatics","Deadly Poison","Reflex","Bouncing Flask+1","Bane+1","Deflect","Prepared","Poisoned Stab","Dodge and Roll"],"relics":["Ring of the Snake","NeowsBlessing","FaceOfCleric","Pen Nib","The Courier","Art of War","HornCleat"],"acts_visited":["Exordium"],"potions_floor_usage":[8],"damage_taken":[{"damage":0,"enemies":"Jaw Worm","floor":1,"turns":1},{"damage":0,"enemies":"2 Louse","floor":5,"turns":1},{"damage":0,"enemies":"3 Sentries","floor":6,"turns":2},{"damage":0,"enemies":"Cultist","floor":7,"turns":3},{"damage":20,"enemies":"Lagavulin","floor":8,"turns":8},{"damage":13,"enemies":"Exordium Wildlife","floor":10,"turns":3},{"damage":0,"enemies":"Blue Slaver","floor":12,"turns":3},{"damage":0,"enemies":"Exordium Thugs","floor":14,"turns":5},{"damage":31,"enemies":"Slime Boss","floor":16,"turns":3}],"seed_played":"-1601679421904157612","potions_obtained":[{"floor":5,"key":"ColorlessPotion"},{"floor":8,"key":"LiquidBronze"},{"floor":14,"key":"FearPotion"}],"is_trial":false,"path_per_floor":["M","?","$","?","M","E","M","E","T","M","?","M","T","M","R","B"],"character_chosen":"THE_SILENT","items_purchased":["Deadly Poison"],"campfire_rested":0,"item_purchase_floors":[3],"current_hp_per_floor":[70,70,70,70,71,72,73,54,54,42,27,28,28,29,29,0,0],"gold":214,"neow_bonus":"THREE_ENEMY_KILL","is_daily":false,"chose_seed":false,"campfire_upgraded":1,"win_rate":0.0,"timestamp":1608314759,"path_taken":["M","?","$","?","?","E","M","E","T","M","?","M","?","M","R","BOSS"],"items_purchased_type":["Card"],"build_version":"2020-12-13","purchased_purges":0,"victory":false,"max_hp_per_floor":[70,70,70,70,71,72,73,74,74,75,75,76,76,77,77,77,77],"card_choices":[{"not_picked":["Backflip","Cloak And Dagger"],"picked":"Acrobatics","floor":1},{"not_picked":["Blade Dance","Underhanded Strike"],"picked":"Reflex","floor":5},{"not_picked":["Malaise","Riddle With Holes"],"picked":"Bouncing Flask","floor":6},{"not_picked":["Deflect","Blade Dance"],"picked":"Bane","floor":7},{"not_picked":["Blade Dance","Tactician"],"picked":"Deflect","floor":8},{"not_picked":["Envenom","Flying Knee"],"picked":"Prepared","floor":10},{"not_picked":["Bane","Dagger Throw"],"picked":"Poisoned Stab","floor":12},{"not_picked":["Infinite Blades","Skewer"],"picked":"Dodge and Roll","floor":14}],"player_experience":95635,"relics_obtained":[{"floor":6,"key":"Pen Nib"},{"floor":8,"key":"The Courier"},{"floor":9,"key":"Art of War"},{"floor":13,"key":"HornCleat"}],"event_choices":[{"cards_removed":["Strike_G"],"damage_healed":0,"gold_gain":0,"player_choice":"Forget","damage_taken":0,"max_hp_gain":0,"max_hp_loss":0,"event_name":"Living Wall","floor":2,"gold_loss":0},{"damage_healed":0,"gold_gain":0,"player_choice":"Trade","damage_taken":0,"relics_obtained":["FaceOfCleric"],"max_hp_gain":0,"max_hp_loss":0,"event_name":"FaceTrader","floor":4,"gold_loss":0},{"damage_healed":0,"gold_gain":0,"player_choice":"Entered Light","damage_taken":15,"max_hp_gain":0,"max_hp_loss":0,"event_name":"Shining Light","floor":11,"gold_loss":0,"cards_upgraded":["Bane","Defend_G"]}],"is_beta":false,"boss_relics":[],"items_purged_floors":[],"is_endless":false,"potions_floor_spawned":[5,8,14],"killed_by":"Slime Boss","ascension_level":0}}