{"host":"wha9hktbkslqvblg","time":1608271909,"event":{"mods":["BaseMod","Colored Map","Minty Spire (QoL Compilation)","Relic Stats","SuperFastMode","everything is the same but u backflip on backflip"],"gold_per_floor":[116,116,127,127,52,86,86,110,110,110,110,143,68,92,92,166,166,178,19,33,33,33,33,52,52,78,78,88,107,107,107,107,107,107],"floor_reached":33,"playtime":828,"items_purged":["Strike_R","Strike_R"],"score":548,"play_id":"a9520e2a-c9f9-4daa-888d-df86ee72d9eb","local_time":"20201218151149","is_ascension_mode":true,"campfire_choices":[{"data":"Body Slam","floor":7,"key":"SMITH"},{"data":"Offering","floor":10,"key":"SMITH"},{"floor":15,"key":"REST"},{"data":"Battle Trance","floor":25,"key":"SMITH"},{"data":"Shrug It Off","floor":27,"key":"SMITH"},{"data":"Ghostly","floor":32,"key":"SMITH"}],"circlet_count":0,"master_deck":["AscendersBane","Defend_R+1","Defend_R+1","Defend_R+1","Defend_R+1","Bash+1","Body Slam+1","Clash","Offering+1","Shrug It Off+1","Blood for Blood","Battle Trance+1","Offering","Ghostly+1","Ghostly","Ghostly"],"relics":["Burning Blood","NeowsBlessing","Bag of Preparation","Odd Mushroom","Bottled Lightning","Juzu Bracelet","Whetstone","SacredBark"],"acts_visited":["Exordium","TheCity"],"potions_floor_usage":[12,12,12,20,24,24,33,33],"damage_taken":[{"damage":0,"enemies":"Jaw Worm","floor":1,"turns":1},{"damage":0,"enemies":"2 Louse","floor":3,"turns":1},{"damage":0,"enemies":"Lagavulin","floor":6,"turns":1},{"damage":22,"enemies":"The Mushroom Lair","floor":8,"turns":4},{"damage":66,"enemies":"3 Sentries","floor":12,"turns":16},{"damage":29,"enemies":"The Guardian","floor":16,"turns":13},{"damage":37,"enemies":"3 Byrds","floor":18,"turns":9},{"damage":20,"enemies":"Shell Parasite","floor":20,"turns":9},{"damage":6,"enemies":"Chosen and Byrds","floor":24,"turns":3},{"damage":6,"enemies":"Sentry and Sphere","floor":28,"turns":5},{"damage":6,"enemies":"Centurion and Healer","floor":29,"turns":5},{"damage":36,"enemies":"Collector","floor":33,"turns":8}],"seed_played":"6134066755221672248","potions_obtained":[{"floor":3,"key":"ElixirPotion"},{"floor":11,"key":"EntropicBrew"},{"floor":16,"key":"FearPotion"},{"floor":20,"key":"SpeedPotion"},{"floor":28,"key":"PowerPotion"},{"floor":29,"key":"Block Potion"}],"is_trial":false,"path_per_floor":["M","?","M","?","$","E","R","?","T","R","?","E","?","T","R","B",null,"M","$","M","?","?","$","M","R","T","R","M","M","?","?","R","B"],"character_chosen":"IRONCLAD","items_purchased":["Shrug It Off"],"campfire_rested":1,"item_purchase_floors":[19],"current_hp_per_floor":[74,79,80,80,80,80,80,64,64,64,64,19,19,19,43,20,65,34,34,52,52,52,52,52,52,52,52,52,52,52,40,40,4,4],"gold":107,"neow_bonus":"THREE_ENEMY_KILL","is_daily":false,"chose_seed":false,"campfire_upgraded":5,"win_rate":0.0,"timestamp":1608271909,"path_taken":["M","?","M","?","$","E","R","?","T","R","?","E","?","?","R","BOSS","M","$","M","?","?","?","M","R","T","R","M","M","?","?","R","BOSS"],"items_purchased_type":["Card"],"build_version":"2020-12-13","purchased_purges":2,"victory":false,"max_hp_per_floor":[75,80,80,80,80,80,80,80,80,80,80,80,80,80,80,80,80,80,80,80,80,80,80,80,80,80,80,80,80,80,40,40,40,40],"relic_stats":{"counters":[12,75],"Bag of Preparation":[18],"Juzu Bracelet":2,"Whetstone":["Bash","Strike_R"],"obtain_stats":[{"NeowsBlessing":0,"SacredBark":17,"Bag of Preparation":6,"Juzu Bracelet":12,"Bottled Lightning":9,"Whetstone":14,"Odd Mushroom":8,"Burning Blood":0},{"NeowsBlessing":0,"SacredBark":6,"Bag of Preparation":3,"Juzu Bracelet":5,"Bottled Lightning":4,"Whetstone":5,"Odd Mushroom":4,"Burning Blood":0},{"NeowsBlessing":0,"SacredBark":36,"Bag of Preparation":3,"Juzu Bracelet":23,"Bottled Lightning":7,"Whetstone":23,"Odd Mushroom":7,"Burning Blood":0}],"Burning Blood":55},"card_choices":[{"not_picked":["Shrug It Off","Clash"],"picked":"Body Slam","floor":1},{"not_picked":["Shockwave","Perfected Strike"],"picked":"Disarm","floor":3},{"not_picked":["True Grit","Double Tap"],"picked":"Offering","floor":6},{"not_picked":["Inflame","Iron Wave","Anger"],"picked":"SKIP","floor":12},{"not_picked":["Dropkick","Reckless Charge+1","Disarm"],"picked":"SKIP","floor":18},{"not_picked":["Wild Strike","Cleave","Warcry"],"picked":"SKIP","floor":20},{"not_picked":["Perfected Strike+1","Havoc","Thunderclap"],"picked":"SKIP","floor":24},{"not_picked":["Thunderclap","Twin Strike","Flame Barrier"],"picked":"SKIP","floor":28},{"not_picked":["Battle Trance","True Grit"],"picked":"Offering","floor":29}],"player_experience":870073,"relics_obtained":[{"floor":6,"key":"Bag of Preparation"},{"floor":8,"key":"Odd Mushroom"},{"floor":9,"key":"Bottled Lightning"},{"floor":12,"key":"Juzu Bracelet"},{"floor":14,"key":"Whetstone"}],"event_choices":[{"damage_healed":0,"gold_gain":0,"player_choice":"Donut","damage_taken":0,"max_hp_gain":5,"max_hp_loss":0,"event_name":"Big Fish","floor":2,"gold_loss":0},{"damage_healed":0,"gold_gain":0,"cards_transformed":["Strike_R"],"player_choice":"Change","damage_taken":0,"max_hp_gain":0,"max_hp_loss":0,"event_name":"Living Wall","floor":4,"gold_loss":0,"cards_obtained":["Clash"]},{"damage_healed":0,"gold_gain":0,"player_choice":"Fought Mushrooms","damage_taken":0,"max_hp_gain":0,"max_hp_loss":0,"event_name":"Mushrooms","floor":8,"gold_loss":0},{"damage_healed":0,"gold_gain":0,"player_choice":"Got Potions","damage_taken":0,"max_hp_gain":0,"max_hp_loss":0,"event_name":"Lab","floor":11,"gold_loss":0},{"cards_removed":["Strike_R"],"damage_healed":0,"gold_gain":0,"player_choice":"Card Removal","damage_taken":0,"max_hp_gain":0,"max_hp_loss":0,"event_name":"The Cleric","floor":13,"gold_loss":75},{"damage_healed":0,"gold_gain":0,"cards_transformed":["Disarm","Strike_R"],"player_choice":"Became Test Subject","damage_taken":0,"max_hp_gain":0,"max_hp_loss":0,"event_name":"Drug Dealer","floor":21,"gold_loss":0,"cards_obtained":["Blood for Blood","Battle Trance"]},{"damage_healed":0,"gold_gain":0,"player_choice":"Simplicity","damage_taken":0,"max_hp_gain":0,"max_hp_loss":0,"event_name":"Back to Basics","floor":22,"gold_loss":0,"cards_upgraded":["Defend_R","Defend_R","Defend_R","Defend_R"]},{"damage_healed":0,"gold_gain":0,"player_choice":"Ignored","damage_taken":0,"max_hp_gain":0,"max_hp_loss":0,"event_name":"The Mausoleum","floor":30,"gold_loss":0},{"damage_healed":0,"gold_gain":0,"player_choice":"Became a Ghost","damage_taken":0,"max_hp_gain":0,"max_hp_loss":40,"event_name":"Ghosts","floor":31,"gold_loss":0,"cards_obtained":["Ghostly","Ghostly","Ghostly"]}],"is_beta":false,"boss_relics":[{"not_picked":["Fusion Hammer","Runic Cube"],"picked":"SacredBark"}],"items_purged_floors":[5,19],"is_endless":false,"potions_floor_spawned":[3,16,18,20,28,29],"killed_by":"Collector","ascension_level":20}}