{"host":"o0q01dgb4z8zpo6o","time":1608275082,"event":{"mods":["BaseMod","GifTheSpireLib","Minty Spire (QoL Compilation)","Relic Stats","StSLib"],"gold_per_floor":[33,85,124,137,137,137,179,234,234,234,234],"floor_reached":10,"playtime":462,"items_purged":[],"score":123,"play_id":"d94feec4-8e96-438b-a60d-db144f3d88d1","local_time":"20201217230442","is_ascension_mode":true,"campfire_choices":[{"data":"HandOfGreed","floor":6,"key":"SMITH"}],"circlet_count":0,"master_deck":["AscendersBane","Strike_B","Strike_B","Strike_B","Strike_B","Defend_B","Defend_B","Defend_B","Defend_B","Zap","Dualcast","HandOfGreed+1","Steam","Auto Shields","Hologram","Rebound","Defragment","Cold Snap"],"relics":["Cracked Core","Mummified Hand","White Beast Statue"],"acts_visited":["Exordium"],"potions_floor_usage":[10,10],"damage_taken":[{"damage":7,"enemies":"Jaw Worm","floor":1,"turns":3},{"damage":16,"enemies":"Small Slimes","floor":2,"turns":6},{"damage":8,"enemies":"2 Louse","floor":3,"turns":4},{"damage":1,"enemies":"Looter","floor":4,"turns":5},{"damage":11,"enemies":"Blue Slaver","floor":7,"turns":6},{"damage":18,"enemies":"3 Sentries","floor":8,"turns":8},{"damage":12,"enemies":"Lagavulin","floor":10,"turns":6}],"seed_played":"-4991505972401395759","potions_obtained":[{"floor":4,"key":"Energy Potion"},{"floor":8,"key":"Swift Potion"}],"is_trial":false,"path_per_floor":["M","M","M","M","?","R","M","E","T","E"],"character_chosen":"DEFECT","items_purchased":[],"campfire_rested":0,"item_purchase_floors":[],"current_hp_per_floor":[57,41,33,32,32,32,21,3,3,0,0],"gold":234,"neow_bonus":"RANDOM_COLORLESS_2","is_daily":false,"chose_seed":false,"campfire_upgraded":1,"win_rate":0.0,"timestamp":1608275082,"path_taken":["M","M","M","M","?","R","M","E","T","E"],"items_purchased_type":[],"build_version":"2020-12-13","purchased_purges":0,"victory":false,"max_hp_per_floor":[71,71,71,71,71,71,71,71,71,71,71],"relic_stats":{"counters":[7,38],"Mummified Hand":[1],"obtain_stats":[{"Mummified Hand":8,"Cracked Core":0,"White Beast Statue":9},{"Mummified Hand":6,"Cracked Core":0,"White Beast Statue":6},{"Mummified Hand":32,"Cracked Core":0,"White Beast Statue":32}]},"card_choices":[{"not_picked":["Secret Weapon","The Bomb"],"picked":"HandOfGreed","floor":0},{"not_picked":["Go for the Eyes","Barrage"],"picked":"Steam","floor":1},{"not_picked":["Barrage","Scrape"],"picked":"Auto Shields","floor":2},{"not_picked":["Beam Cell","Gash"],"picked":"Hologram","floor":3},{"not_picked":["Static Discharge","Barrage"],"picked":"Rebound","floor":4},{"not_picked":["Gash","Consume"],"picked":"Defragment","floor":7},{"not_picked":["Reboot","Scrape"],"picked":"Cold Snap","floor":8}],"player_experience":1007112,"relics_obtained":[{"floor":8,"key":"Mummified Hand"},{"floor":9,"key":"White Beast Statue"}],"event_choices":[{"damage_healed":0,"gold_gain":0,"player_choice":"Ignored","damage_taken":0,"max_hp_gain":0,"max_hp_loss":0,"event_name":"Liars Game","floor":5,"gold_loss":0}],"is_beta":false,"boss_relics":[],"items_purged_floors":[],"is_endless":false,"potions_floor_spawned":[4,8],"killed_by":"Lagavulin","ascension_level":15}}