{"host":"sabve5zmqufxyc5o","time":1608279979,"event":{"mods":["2.2 Compatiblity","AchievementEnabler","Act Like it!","BaseMod","Block Reminder","Colored Map","Colored Powertips","DeckTracker","KOR Keyword Fix","Keyboard Shortcuts","Minty Spire (QoL Compilation)","Quick Restart","Rare Cards Sparkle","Relic Stats","StSLib","SuperFastMode"],"gold_per_floor":[218,235,235,24,38,38,64,64,91,110,143,159,169,169,169],"floor_reached":14,"playtime":250,"items_purged":[],"score":204,"play_id":"46210919-0013-442a-aaa1-d07454f6ea61","local_time":"20201218172619","is_ascension_mode":true,"campfire_choices":[{"data":"Fusion","floor":8,"key":"SMITH"}],"circlet_count":0,"master_deck":["AscendersBane","Strike_B","Strike_B","Strike_B","Defend_B","Defend_B","Defend_B","Defend_B","Zap","Dualcast","Coolheaded","Streamline+1","Compile Driver","Cold Snap+1","Fusion+1","Gash","Seek","Go for the Eyes","Self Repair"],"relics":["Cracked Core","CultistMask","Frozen Eye","Akabeko","Whetstone","Eternal Feather"],"acts_visited":["Exordium"],"potions_floor_usage":[7,14,14,14,14],"damage_taken":[{"damage":2,"enemies":"2 Louse","floor":1,"turns":3},{"damage":6,"enemies":"Cultist","floor":2,"turns":4},{"damage":0,"enemies":"Jaw Worm","floor":5,"turns":3},{"damage":6,"enemies":"Gremlin Nob","floor":7,"turns":3},{"damage":6,"enemies":"3 Louse","floor":10,"turns":4},{"damage":10,"enemies":"3 Sentries","floor":11,"turns":7},{"damage":1,"enemies":"Looter","floor":12,"turns":2},{"damage":8,"enemies":"Exordium Thugs","floor":13,"turns":3},{"damage":28,"enemies":"Gremlin Nob","floor":14,"turns":3}],"seed_played":"-7550263445355500675","potions_obtained":[{"floor":2,"key":"AttackPotion"},{"floor":5,"key":"LiquidBronze"},{"floor":10,"key":"EntropicBrew"},{"floor":12,"key":"Explosive Potion"},{"floor":13,"key":"AttackPotion"}],"is_trial":false,"path_per_floor":["M","M","?","$","M","?","E","R","T","M","E","M","M","E"],"character_chosen":"DEFECT","items_purchased":["Frozen Eye","Compile Driver"],"campfire_rested":0,"item_purchase_floors":[4,4],"current_hp_per_floor":[62,56,56,56,56,56,50,50,50,44,34,33,25,0,0],"gold":169,"neow_bonus":"HUNDRED_GOLD","is_daily":false,"chose_seed":false,"campfire_upgraded":1,"win_rate":0.0,"timestamp":1608279979,"path_taken":["M","M","?","$","?","?","E","R","T","M","E","?","M","E"],"items_purchased_type":["Relic","Card"],"build_version":"2020-12-13","purchased_purges":0,"victory":false,"max_hp_per_floor":[71,71,71,71,71,71,71,71,71,71,71,71,71,71,71],"relic_stats":{"counters":[9,32],"Eternal Feather":0,"Whetstone":["Cold Snap","Streamline"],"obtain_stats":[{"Frozen Eye":4,"Eternal Feather":11,"CultistMask":3,"Whetstone":9,"Cracked Core":0,"Akabeko":7},{"Frozen Eye":2,"Eternal Feather":6,"CultistMask":2,"Whetstone":4,"Cracked Core":0,"Akabeko":4},{"Frozen Eye":7,"Eternal Feather":24,"CultistMask":7,"Whetstone":13,"Cracked Core":0,"Akabeko":13}]},"card_choices":[{"not_picked":["Turbo","Reprogram"],"picked":"Coolheaded","floor":1},{"not_picked":["Hello World","Double Energy"],"picked":"Streamline","floor":2},{"not_picked":["Beam Cell","Steam"],"picked":"Cold Snap","floor":5},{"not_picked":["Steam","Barrage"],"picked":"Fusion","floor":7},{"not_picked":["Coolheaded","Conserve Battery"],"picked":"Gash","floor":10},{"not_picked":["Double Energy","Cold Snap"],"picked":"Seek","floor":11},{"not_picked":["Rip and Tear","Force Field"],"picked":"Go for the Eyes","floor":12},{"not_picked":["Storm","Ball Lightning"],"picked":"Self Repair","floor":13}],"player_experience":783740,"relics_obtained":[{"floor":7,"key":"Akabeko"},{"floor":9,"key":"Whetstone"},{"floor":11,"key":"Eternal Feather"}],"event_choices":[{"damage_healed":0,"gold_gain":0,"player_choice":"Trade","damage_taken":0,"relics_obtained":["CultistMask"],"max_hp_gain":0,"max_hp_loss":0,"event_name":"FaceTrader","floor":3,"gold_loss":0},{"cards_removed":["Strike_B"],"damage_healed":0,"gold_gain":0,"player_choice":"Offered Basic","damage_taken":0,"max_hp_gain":0,"max_hp_loss":0,"event_name":"Bonfire Elementals","floor":6,"gold_loss":0}],"is_beta":false,"boss_relics":[],"items_purged_floors":[],"is_endless":false,"potions_floor_spawned":[2,5,10,12,13],"killed_by":"Gremlin Nob","ascension_level":20}}