{"host":"y76clbnovzmw9ubx","time":1608265692,"event":{"mods":["AchievementEnabler","BaseMod","Minty Spire (QoL Compilation)","Permanent Neow","Relic Stats"],"gold_per_floor":[109,120,140,154,39,71,71,96,145,176,176,39,71,82,82,154,154,170,85,85,85,85,120,120,137,137,156,189,189,221,231,231,231,231],"floor_reached":33,"playtime":2129,"items_purged":["Strike_G","Strike_G"],"score":791,"play_id":"69f92dc9-4252-4d48-9b67-dfadabebaed6","local_time":"20201217232812","is_ascension_mode":true,"campfire_choices":[{"data":"Backstab","floor":7,"key":"SMITH"},{"floor":11,"key":"REST"},{"data":"Caltrops","floor":15,"key":"SMITH"},{"floor":24,"key":"REST"},{"data":"Blade Dance","floor":29,"key":"SMITH"},{"floor":32,"key":"REST"}],"circlet_count":0,"master_deck":["AscendersBane","Defend_G","Defend_G","Defend_G","Defend_G","Defend_G","Survivor","Neutralize","Backstab","Backstab+1","Dash","Caltrops+1","Endless Agony","Blade Dance+1","Footwork","Venomology","Doppelganger","Footwork","Decay","Bite","Bite","Bite","Bite","Bite","Dagger Spray"],"relics":["Ring of the Snake","Dead Branch","Art of War","Singing Bowl","Boot","Happy Flower","Bottled Tornado","WristBlade","StrikeDummy","Regal Pillow","Gremlin Horn","Pantograph","InkBottle"],"acts_visited":["Exordium","TheCity"],"potions_floor_usage":[10,13,23,33,33,33,33,33],"damage_taken":[{"damage":1,"enemies":"2 Louse","floor":1,"turns":3},{"damage":2,"enemies":"Small Slimes","floor":2,"turns":4},{"damage":7,"enemies":"Jaw Worm","floor":3,"turns":2},{"damage":0,"enemies":"Exordium Wildlife","floor":4,"turns":1},{"damage":12,"enemies":"3 Sentries","floor":6,"turns":7},{"damage":21,"enemies":"Gremlin Nob","floor":8,"turns":4},{"damage":5,"enemies":"3 Sentries","floor":10,"turns":5},{"damage":0,"enemies":"Lagavulin","floor":13,"turns":4},{"damage":3,"enemies":"Looter","floor":14,"turns":2},{"damage":1,"enemies":"The Guardian","floor":16,"turns":9},{"damage":0,"enemies":"Spheric Guardian","floor":18,"turns":3},{"damage":35,"enemies":"Gremlin Leader","floor":23,"turns":8},{"damage":17,"enemies":"Chosen","floor":25,"turns":4},{"damage":0,"enemies":"3 Cultists","floor":27,"turns":3},{"damage":0,"enemies":"Slavers","floor":28,"turns":8},{"damage":22,"enemies":"Book of Stabbing","floor":30,"turns":4},{"damage":13,"enemies":"Cultist and Chosen","floor":31,"turns":4},{"damage":91,"enemies":"Collector","floor":33,"turns":9}],"seed_played":"4377357820049912434","potions_obtained":[{"floor":4,"key":"EssenceOfSteel"},{"floor":8,"key":"BlessingOfTheForge"},{"floor":10,"key":"CultistPotion"},{"floor":23,"key":"EntropicBrew"}],"is_trial":false,"path_per_floor":["M","M","M","M","$","E","R","E","T","E","R","$","E","M","R","B",null,"M","?","?","?","?","E","R","M","T","M","E","R","E","M","R","B"],"character_chosen":"THE_SILENT","items_purchased":["Caltrops","Footwork"],"campfire_rested":3,"item_purchase_floors":[5,12],"current_hp_per_floor":[58,56,49,49,49,37,37,16,16,13,31,31,31,30,30,29,55,55,55,55,44,44,17,45,31,31,39,49,49,35,30,54,0,0],"gold":231,"neow_bonus":"ONE_RARE_RELIC","is_daily":false,"chose_seed":false,"campfire_upgraded":3,"win_rate":0.0,"timestamp":1608265692,"path_taken":["M","M","M","M","$","E","R","E","T","E","R","$","E","M","R","BOSS","M","?","?","?","?","E","R","M","T","M","E","R","E","?","R","BOSS"],"items_purchased_type":["Card","Card"],"build_version":"2020-12-13","purchased_purges":2,"victory":false,"max_hp_per_floor":[60,60,60,60,60,60,60,60,60,62,62,62,62,64,64,64,64,64,64,64,44,44,46,46,46,46,48,50,50,52,54,54,54,54],"relic_stats":{"Regal Pillow":23,"Singing Bowl":14,"Happy Flower":[19],"Gremlin Horn":[8,7],"counters":[18,84],"Dead Branch":[175],"Pantograph":0,"Art of War":[5],"Boot":[46],"obtain_stats":[{"Regal Pillow":23,"Singing Bowl":8,"Happy Flower":10,"Gremlin Horn":26,"Dead Branch":0,"Bottled Tornado":13,"Boot":9,"WristBlade":17,"Pantograph":28,"Art of War":6,"StrikeDummy":19,"InkBottle":30,"Ring of the Snake":0},{"Regal Pillow":12,"Singing Bowl":6,"Happy Flower":7,"Gremlin Horn":13,"Dead Branch":0,"Bottled Tornado":8,"Boot":6,"WristBlade":10,"Pantograph":15,"Art of War":5,"StrikeDummy":11,"InkBottle":16,"Ring of the Snake":0},{"Regal Pillow":52,"Singing Bowl":21,"Happy Flower":26,"Gremlin Horn":56,"Dead Branch":0,"Bottled Tornado":30,"Boot":21,"WristBlade":41,"Pantograph":67,"Art of War":17,"StrikeDummy":44,"InkBottle":71,"Ring of the Snake":0}],"InkBottle":[8],"Ring of the Snake":[38]},"card_choices":[{"not_picked":["Prepared","Poisoned Stab"],"picked":"Backstab","floor":1},{"not_picked":["Underhanded Strike","Choke"],"picked":"Backstab","floor":2},{"not_picked":["Bane","Dodge and Roll","Heel Hook"],"picked":"SKIP","floor":3},{"not_picked":["Tools of the Trade","Prepared"],"picked":"Dash","floor":4},{"not_picked":["Deadly Poison","Cloak And Dagger"],"picked":"Endless Agony","floor":6},{"not_picked":["Night Terror","Deflect"],"picked":"Blade Dance","floor":8},{"not_picked":["A Thousand Cuts","Masterful Stab","Flying Knee"],"picked":"Singing Bowl","floor":10},{"not_picked":["Setup","Crippling Poison"],"picked":"Venomology","floor":13},{"not_picked":["Sucker Punch","Eviscerate","All Out Attack"],"picked":"Singing Bowl","floor":14},{"not_picked":["After Image","Glass Knife"],"picked":"Doppelganger","floor":16},{"not_picked":["Dagger Throw+1","Bane+1"],"picked":"Footwork","floor":18},{"not_picked":["Slice","Acrobatics","Bane"],"picked":"Singing Bowl","floor":23},{"not_picked":["Poisoned Stab","Outmaneuver"],"picked":"Dagger Spray","floor":25},{"not_picked":["Envenom","Dagger Spray","Backflip"],"picked":"Singing Bowl","floor":27},{"not_picked":["Heel Hook","Deadly Poison","Infinite Blades"],"picked":"Singing Bowl","floor":28},{"not_picked":["Burst","Choke","Slice"],"picked":"Singing Bowl","floor":30},{"not_picked":["Deflect","Backflip","Dagger Throw"],"picked":"Singing Bowl","floor":31}],"player_experience":2896021,"relics_obtained":[{"floor":6,"key":"Art of War"},{"floor":8,"key":"Singing Bowl"},{"floor":9,"key":"Boot"},{"floor":10,"key":"Happy Flower"},{"floor":13,"key":"Bottled Tornado"},{"floor":23,"key":"Regal Pillow"},{"floor":26,"key":"Gremlin Horn"},{"floor":28,"key":"Pantograph"},{"floor":30,"key":"InkBottle"}],"event_choices":[{"damage_healed":0,"gold_gain":0,"player_choice":"Obtained Relic","damage_taken":0,"relics_obtained":["StrikeDummy"],"max_hp_gain":0,"max_hp_loss":0,"event_name":"Addict","floor":19,"gold_loss":85},{"damage_healed":0,"gold_gain":0,"player_choice":"Smashed Altar","damage_taken":0,"max_hp_gain":0,"max_hp_loss":0,"event_name":"Forgotten Altar","floor":20,"gold_loss":0,"cards_obtained":["Decay"]},{"damage_healed":0,"gold_gain":0,"player_choice":"Became a vampire","damage_taken":0,"max_hp_gain":0,"max_hp_loss":20,"event_name":"Vampires","floor":21,"gold_loss":0,"cards_obtained":["Bite","Bite","Bite","Bite","Bite"]},{"damage_healed":0,"gold_gain":0,"player_choice":"Ignored","damage_taken":0,"max_hp_gain":0,"max_hp_loss":0,"event_name":"The Mausoleum","floor":22,"gold_loss":0}],"is_beta":false,"boss_relics":[{"not_picked":["Runic Dome","Calling Bell"],"picked":"WristBlade"}],"items_purged_floors":[5,12],"is_endless":false,"potions_floor_spawned":[4,8,10,23,25,27,28],"killed_by":"Collector","ascension_level":20}}