{"host":"2qv44oxt58ptq59r","time":1608322435,"event":{"mods":["AchievementEnabler","BaseMod","Colored Powertips","Highlight Path","Minty Spire (QoL Compilation)","Permanent Neow","StSLib"],"gold_per_floor":[113,14,29,45,56,87,107,118,195,195,195,206,223,0,0,101,101,115,131,144,69,82,82,99,99,99,99,119,119,0,16,16,113,113,126,126,176,176,24,24,50,50,74,94,148,3,16,116,116,116,116],"floor_reached":50,"playtime":6200,"items_purged":["Strike_R"],"score":526,"play_id":"ca405cab-ce99-4477-8976-da14b2eb6c86","local_time":"20201218201355","is_ascension_mode":false,"campfire_choices":[{"data":"Feed","floor":10.0,"key":"SMITH"},{"data":"Blood for Blood","floor":15.0,"key":"SMITH"},{"floor":23.0,"key":"REST"},{"floor":25.0,"key":"REST"},{"data":"Flame Barrier","floor":29.0,"key":"SMITH"},{"data":"Spot Weakness","floor":32.0,"key":"SMITH"},{"data":"Blind","floor":40.0,"key":"SMITH"},{"floor":42.0,"key":"REST"},{"floor":49,"key":"REST"}],"circlet_count":0,"master_deck":["Strike_R","Defend_R+1","Defend_R","Defend_R","Defend_R","Bash","Blind+1","Heavy Blade","Feed+1","Pommel Strike","Heavy Blade","Cleave","Flame Barrier+1","Blood for Blood+1","Feed","Spot Weakness+1","Fire Breathing+1","Headbutt+1","Power Through","Flame Barrier+1","Evolve","Body Slam+1","Shrug It Off+1","Seeing Red","Thinking Ahead","The Bomb","The Bomb+1","Metallicize+1","Entrench+1","Shrug It Off+1","Rage+1"],"relics":["Burning Blood","Nunchaku","Vajra","Mark of Pain","Gremlin Horn","Empty Cage","Charon\u0027s Ashes","Toolbox","TungstenRod","War Paint","Turnip"],"acts_visited":["Exordium","TheCity","TheBeyond"],"potions_floor_usage":[47,47,50],"damage_taken":[{"damage":1.0,"enemies":"Cultist","floor":1.0,"turns":3.0},{"damage":1.0,"enemies":"Jaw Worm","floor":3.0,"turns":4.0},{"damage":0.0,"enemies":"Small Slimes","floor":4.0,"turns":3.0},{"damage":2.0,"enemies":"Looter","floor":5.0,"turns":4.0},{"damage":18.0,"enemies":"Gremlin Nob","floor":6.0,"turns":4.0},{"damage":2.0,"enemies":"Exordium Thugs","floor":7.0,"turns":5.0},{"damage":11.0,"enemies":"Large Slime","floor":8.0,"turns":3.0},{"damage":2.0,"enemies":"Looter","floor":12.0,"turns":3.0},{"damage":8.0,"enemies":"3 Louse","floor":13.0,"turns":2.0},{"damage":57.0,"enemies":"Hexaghost","floor":16.0,"turns":14.0},{"damage":27.0,"enemies":"3 Byrds","floor":18.0,"turns":5.0},{"damage":10.0,"enemies":"Shell Parasite","floor":19.0,"turns":5.0},{"damage":12.0,"enemies":"Centurion and Healer","floor":20.0,"turns":6.0},{"damage":17.0,"enemies":"Shelled Parasite and Fungi","floor":22.0,"turns":3.0},{"damage":33.0,"enemies":"Sentry and Sphere","floor":24.0,"turns":7.0},{"damage":9.0,"enemies":"Snake Plant","floor":28.0,"turns":2.0},{"damage":0.0,"enemies":"Chosen and Byrds","floor":31.0,"turns":5.0},{"damage":107.0,"enemies":"Champ","floor":33.0,"turns":11.0},{"damage":5.0,"enemies":"3 Shapes","floor":35.0,"turns":5.0},{"damage":14.0,"enemies":"Mind Bloom Boss Battle","floor":37.0,"turns":5.0},{"damage":52.0,"enemies":"Reptomancer","floor":41.0,"turns":6.0},{"damage":12.0,"enemies":"Orb Walker","floor":44.0,"turns":4.0},{"damage":55.0,"enemies":"2 Orb Walkers","floor":45.0,"turns":4.0},{"damage":33,"enemies":"Sphere and 2 Shapes","floor":47,"turns":4},{"damage":69,"enemies":"Donu and Deca","floor":50,"turns":10}],"seed_played":"-1588291677834144929","potions_obtained":[{"floor":5.0,"key":"DistilledChaos"},{"floor":6.0,"key":"SkillPotion"},{"floor":12.0,"key":"Fire Potion"},{"floor":13.0,"key":"DistilledChaos"},{"floor":20.0,"key":"Fire Potion"},{"floor":24.0,"key":"Regen Potion"},{"floor":31.0,"key":"Ancient Potion"},{"floor":37.0,"key":"SpeedPotion"},{"floor":41.0,"key":"Energy Potion"},{"floor":44.0,"key":"BloodPotion"}],"is_trial":false,"path_per_floor":["M","$","M","M","M","E","M","M","T","R","?","M","M","$","R","B",null,"M","M","M","?","M","R","M","R","T","?","M","R","$","M","R","B",null,"M","?","?","?","$","R","E","R","T","M","?","$","M","?","R","B"],"character_chosen":"IRONCLAD","items_purchased":["Block Potion","AttackPotion","Vajra","Evolve","Block Potion","Toolbox","HeartOfIron","SpeedPotion"],"campfire_rested":4,"item_purchase_floors":[2,2,14,30,30,39,46,46],"current_hp_per_floor":[80,80,80,80,80,68,72,70,70,70,70,78,76,76,76,25,87,69,69,67,67,60,90,66,97,97,97,99,99,99,109,109,8,109,112,112,104,94,94,94,48,81,81,75,48,48,25,25,59,0,0],"gold":116,"neow_bonus":"RANDOM_COLORLESS","is_daily":false,"chose_seed":false,"campfire_upgraded":5,"win_rate":0.0,"timestamp":1608322435,"path_taken":["M","?","M","M","M","E","M","?","T","R","?","M","M","$","R","BOSS","M","M","M","?","M","R","M","R","T","?","M","R","$","M","R","BOSS","M","?","?","?","$","R","E","R","T","M","?","?","?","?","R","BOSS"],"items_purchased_type":["Potion","Potion","Relic","Card","Potion","Relic","Potion","Potion"],"build_version":"2020-12-13","purchased_purges":1,"victory":false,"max_hp_per_floor":[80,80,80,80,80,80,80,83,83,83,83,87,87,87,87,87,87,90,94,98,98,102,102,105,105,105,105,105,105,105,109,109,109,109,112,112,112,112,112,112,112,112,112,112,112,112,116,116,116,116,116],"card_choices":[{"not_picked":["Mind Blast","Deep Breath"],"picked":"Blind","floor":0.0},{"not_picked":["Perfected Strike","Entrench","Twin Strike"],"picked":"SKIP","floor":1.0},{"not_picked":["Wild Strike","Dual Wield"],"picked":"Heavy Blade","floor":3.0},{"not_picked":["Body Slam","Cleave"],"picked":"Feed","floor":4.0},{"not_picked":["Iron Wave","Perfected Strike"],"picked":"Pommel Strike","floor":5.0},{"not_picked":["True Grit","Flex"],"picked":"Heavy Blade","floor":6.0},{"not_picked":["Pommel Strike","Twin Strike"],"picked":"Cleave","floor":7.0},{"not_picked":["Limit Break","Pummel"],"picked":"Flame Barrier","floor":8.0},{"not_picked":["Flex","Warcry"],"picked":"Blood for Blood","floor":12.0},{"not_picked":["Perfected Strike","Pummel","Second Wind"],"picked":"SKIP","floor":13.0},{"not_picked":["Berserk","Exhume"],"picked":"Feed","floor":16.0},{"not_picked":["Cleave","Twin Strike"],"picked":"Spot Weakness","floor":18.0},{"not_picked":["Inflame","Perfected Strike"],"picked":"Fire Breathing","floor":19.0},{"not_picked":["Flex","Rampage","Shrug It Off"],"picked":"SKIP","floor":20.0},{"not_picked":["Body Slam","Warcry"],"picked":"Headbutt+1","floor":22.0},{"not_picked":["Flame Barrier","Headbutt"],"picked":"Power Through","floor":24.0},{"not_picked":["Impervious","Armaments+1"],"picked":"Flame Barrier+1","floor":28.0},{"not_picked":["Reckless Charge","Rupture+1"],"picked":"Body Slam+1","floor":31.0},{"not_picked":["Body Slam","Carnage+1"],"picked":"Shrug It Off+1","floor":35.0},{"not_picked":["Armaments+1","Flex"],"picked":"Seeing Red","floor":37.0},{"not_picked":["Secret Technique","Flash of Steel"],"picked":"Thinking Ahead","floor":38.0},{"not_picked":["Purity","Good Instincts"],"picked":"The Bomb","floor":38.0},{"not_picked":["Flash of Steel","Metamorphosis"],"picked":"The Bomb","floor":38.0},{"not_picked":["Shockwave+1","Immolate"],"picked":"Metallicize+1","floor":41.0},{"not_picked":["Wild Strike+1","Armaments+1"],"picked":"Entrench+1","floor":44.0},{"not_picked":["Rupture+1","Second Wind"],"picked":"Shrug It Off+1","floor":45.0},{"not_picked":["Anger","True Grit+1"],"picked":"Rage+1","floor":47}],"player_experience":4938342,"relics_obtained":[{"floor":6.0,"key":"Nunchaku"},{"floor":26.0,"key":"Gremlin Horn"},{"floor":37.0,"key":"Charon\u0027s Ashes"},{"floor":41.0,"key":"TungstenRod"},{"floor":43.0,"key":"War Paint"},{"floor":45.0,"key":"Turnip"}],"event_choices":[{"damage_healed":0.0,"max_hp_gain":0.0,"max_hp_loss":0.0,"gold_gain":0.0,"event_name":"Liars Game","player_choice":"Ignored","floor":11.0,"gold_loss":0.0,"damage_taken":0.0},{"cards_removed":["Strike_R"],"damage_healed":0.0,"max_hp_gain":0.0,"max_hp_loss":0.0,"gold_gain":0.0,"event_name":"Beggar","player_choice":"Gave Gold","floor":21.0,"gold_loss":75.0,"damage_taken":0.0},{"damage_healed":0.0,"max_hp_gain":0.0,"max_hp_loss":0.0,"gold_gain":0.0,"event_name":"Upgrade Shrine","player_choice":"Upgraded","floor":27.0,"gold_loss":0.0,"damage_taken":0.0,"cards_upgraded":["Fire Breathing"]},{"damage_healed":0.0,"max_hp_gain":0.0,"max_hp_loss":0.0,"gold_gain":0.0,"event_name":"Tomb of Lord Red Mask","player_choice":"Ignored","floor":36.0,"gold_loss":0.0,"damage_taken":0.0},{"damage_healed":0.0,"max_hp_gain":0.0,"max_hp_loss":0.0,"gold_gain":0.0,"event_name":"MindBloom","player_choice":"Fight","floor":37.0,"gold_loss":0.0,"damage_taken":0.0},{"damage_healed":0.0,"max_hp_gain":0.0,"max_hp_loss":0.0,"gold_gain":0.0,"event_name":"SensoryStone","player_choice":"Memory 3","floor":38.0,"gold_loss":0.0,"damage_taken":10.0},{"damage_healed":0.0,"max_hp_gain":0.0,"max_hp_loss":0.0,"gold_gain":0.0,"event_name":"Mysterious Sphere","player_choice":"Fight","floor":45.0,"gold_loss":0.0,"damage_taken":0.0},{"damage_healed":0,"gold_gain":100,"player_choice":"Pray","damage_taken":0,"max_hp_gain":0,"max_hp_loss":0,"event_name":"Golden Shrine","floor":48,"gold_loss":0}],"is_beta":false,"boss_relics":[{"not_picked":["Velvet Choker","Pandora\u0027s Box"],"picked":"Mark of Pain"},{"not_picked":["Coffee Dripper","Snecko Eye"],"picked":"Empty Cage"}],"items_purged_floors":[14],"is_endless":false,"potions_floor_spawned":[5,6,12,13,20,24,31,37,41,44],"killed_by":"Donu and Deca","ascension_level":0}}