{"host":"wha9hktbkslqvblg","time":1608252817,"event":{"mods":["BaseMod","Colored Map","Minty Spire (QoL Compilation)","Relic Stats","SuperFastMode","everything is the same but u backflip on backflip"],"gold_per_floor":[115,40,115,115,115,145,158,158,158,174,184,197,207,226,226,298,298,318,368,388,388,402,402,421,421,421,438,438,466,466,478,478,556,556,572,572,583,599,614,642,661,686,686,699,713,713,724,737,737,737,737,737,737,117,150,150],"floor_reached":57,"playtime":2429,"items_purged":["Bash"],"score":3063,"play_id":"04d2cf60-a060-44fd-b161-f2acbbce2071","local_time":"20201218095337","is_ascension_mode":true,"campfire_choices":[{"data":"Entrench","floor":8.0,"key":"SMITH"},{"data":"Carnage","floor":15.0,"key":"SMITH"},{"data":"Pommel Strike","floor":23.0,"key":"SMITH"},{"floor":28.0,"key":"REST"},{"floor":32.0,"key":"REST"},{"floor":46.0,"key":"REST"},{"floor":49.0,"key":"RECALL"},{"floor":53.0,"key":"REST"}],"circlet_count":0,"master_deck":["AscendersBane","Entrench+1","Bloodletting+1","Evolve","Battle Trance+1","Offering+1","Carnage+1","Shrug It Off+1","Pommel Strike+1","Body Slam+1","Burning Pact+1","Finesse+1","Finesse+1"],"relics":["Burning Blood","NeowsBlessing","Toxic Egg 2","Mango","Pandora\u0027s Box","MutagenicStrength","The Courier","Black Star","InkBottle","Dream Catcher","Lantern","Turnip","DollysMirror","Red Skull","Bronze Scales","Bag of Preparation","Pear"],"acts_visited":["Exordium","TheCity","TheBeyond","TheEnding"],"potions_floor_usage":[],"damage_taken":[{"damage":0.0,"enemies":"Jaw Worm","floor":1.0,"turns":1.0},{"damage":0.0,"enemies":"Lagavulin","floor":6.0,"turns":1.0},{"damage":0.0,"enemies":"Small Slimes","floor":7.0,"turns":1.0},{"damage":1.0,"enemies":"2 Louse","floor":10.0,"turns":3.0},{"damage":9.0,"enemies":"Blue Slaver","floor":11.0,"turns":6.0},{"damage":13.0,"enemies":"3 Louse","floor":12.0,"turns":7.0},{"damage":17.0,"enemies":"Gremlin Gang","floor":13.0,"turns":4.0},{"damage":19.0,"enemies":"Lots of Slimes","floor":14.0,"turns":5.0},{"damage":30.0,"enemies":"Hexaghost","floor":16.0,"turns":7.0},{"damage":12.0,"enemies":"Spheric Guardian","floor":18.0,"turns":2.0},{"damage":24.0,"enemies":"3 Byrds","floor":20.0,"turns":2.0},{"damage":16.0,"enemies":"Centurion and Healer","floor":22.0,"turns":3.0},{"damage":9.0,"enemies":"Snecko","floor":24.0,"turns":2.0},{"damage":12.0,"enemies":"3 Cultists","floor":27.0,"turns":2.0},{"damage":12.0,"enemies":"Book of Stabbing","floor":29.0,"turns":1.0},{"damage":12.0,"enemies":"Chosen and Byrds","floor":31.0,"turns":2.0},{"damage":42.0,"enemies":"Champ","floor":33.0,"turns":4.0},{"damage":3.0,"enemies":"Orb Walker","floor":35.0,"turns":2.0},{"damage":15.0,"enemies":"3 Shapes","floor":37.0,"turns":1.0},{"damage":35.0,"enemies":"Maw","floor":38.0,"turns":3.0},{"damage":15.0,"enemies":"Writhing Mass","floor":39.0,"turns":2.0},{"damage":36.0,"enemies":"Nemesis","floor":40.0,"turns":3.0},{"damage":6.0,"enemies":"Jaw Worm Horde","floor":41.0,"turns":3.0},{"damage":9.0,"enemies":"Reptomancer","floor":42.0,"turns":1.0},{"damage":6.0,"enemies":"Spire Growth","floor":44.0,"turns":2.0},{"damage":6.0,"enemies":"Transient","floor":45.0,"turns":6.0},{"damage":3.0,"enemies":"Jaw Worm Horde","floor":47.0,"turns":4.0},{"damage":6.0,"enemies":"Writhing Mass","floor":48.0,"turns":3.0},{"damage":20.0,"enemies":"Awakened One","floor":50.0,"turns":17.0},{"damage":17.0,"enemies":"Donu and Deca","floor":51.0,"turns":7.0},{"damage":6.0,"enemies":"Shield and Spear","floor":55.0,"turns":4.0},{"damage":36,"enemies":"The Heart","floor":56,"turns":4}],"seed_played":"-8143608934091615966","potions_obtained":[{"floor":7.0,"key":"Fruit Juice"},{"floor":12.0,"key":"Weak Potion"},{"floor":16.0,"key":"LiquidMemories"},{"floor":18.0,"key":"DistilledChaos"},{"floor":24.0,"key":"Strength Potion"},{"floor":27.0,"key":"Dexterity Potion"},{"floor":33.0,"key":"SneckoOil"},{"floor":35.0,"key":"ElixirPotion"},{"floor":37.0,"key":"LiquidMemories"},{"floor":44.0,"key":"Swift Potion"}],"is_trial":false,"path_per_floor":["M","?","?","?","?","E","M","R","T","M","M","M","M","M","R","B",null,"M","?","M","$","M","R","M","?","T","M","R","E","$","M","R","B",null,"M","?","M","M","M","E","M","E","T","M","M","R","M","M","R","B","B",null,"R","$","E","B",null],"character_chosen":"IRONCLAD","items_purchased":["Finesse+1","DollysMirror","DistilledChaos","Swift Potion","Red Skull","Bronze Scales"],"campfire_rested":4,"item_purchase_floors":[54,54,54,54,54,54],"current_hp_per_floor":[74,74,63,40,45,51,57,57,71,76,73,66,55,42,42,18,75,74,74,56,56,46,46,43,43,43,37,66,60,60,54,83,47,86,89,89,80,51,42,12,12,9,9,9,9,37,40,40,40,26,15,74,94,94,104,74],"gold":150,"neow_bonus":"THREE_ENEMY_KILL","is_daily":false,"chose_seed":false,"campfire_upgraded":3,"win_rate":0.0,"timestamp":1608252817,"path_taken":["M","?","?","?","?","E","M","R","T","M","M","M","M","?","R","BOSS","M","?","?","$","M","R","?","?","T","M","R","E","$","M","R","BOSS","M","?","M","M","M","E","M","E","T","M","M","R","M","M","R","BOSS","BOSS","R","$","E","BOSS"],"items_purchased_type":["Card","Relic","Potion","Potion","Relic","Relic"],"build_version":"2020-12-13","purchased_purges":1,"victory":true,"max_hp_per_floor":[75,75,75,75,80,80,80,80,94,94,94,94,94,94,94,94,94,99,99,99,99,99,99,99,99,99,99,99,99,99,99,99,99,99,99,94,94,94,94,94,94,94,94,94,94,94,94,94,94,94,94,94,94,94,104,104],"relic_stats":{"Dream Catcher":2,"counters":[32,115],"Bronze Scales":[60],"Pandora\u0027s Box":["Reckless Charge","Reaper","Anger","Impervious","Armaments","Battle Trance","Dual Wield","Bludgeon"],"Turnip":[2],"Black Star":3,"Bag of Preparation":[2],"obtain_stats":[{"Lantern":42,"Pear":55,"NeowsBlessing":0,"Mango":9,"The Courier":29,"Bag of Preparation":55,"Burning Blood":0,"Dream Catcher":40,"DollysMirror":54,"MutagenicStrength":25,"Bronze Scales":54,"Pandora\u0027s Box":17,"Turnip":43,"Black Star":34,"Toxic Egg 2":6,"InkBottle":40,"Red Skull":54},{"Lantern":24,"Pear":31,"NeowsBlessing":0,"Mango":3,"The Courier":15,"Bag of Preparation":31,"Burning Blood":0,"Dream Catcher":22,"DollysMirror":30,"MutagenicStrength":13,"Bronze Scales":30,"Pandora\u0027s Box":9,"Turnip":24,"Black Star":17,"Toxic Egg 2":2,"InkBottle":22,"Red Skull":30},{"Lantern":68,"Pear":111,"NeowsBlessing":0,"Mango":3,"The Courier":47,"Bag of Preparation":111,"Burning Blood":0,"Dream Catcher":64,"DollysMirror":107,"MutagenicStrength":44,"Bronze Scales":107,"Pandora\u0027s Box":35,"Turnip":68,"Black Star":53,"Toxic Egg 2":2,"InkBottle":64,"Red Skull":107}],"Burning Blood":192,"InkBottle":[25]},"card_choices":[{"not_picked":["Headbutt","Perfected Strike"],"picked":"Entrench","floor":1.0},{"not_picked":["Brutality","Perfected Strike"],"picked":"Bloodletting+1","floor":6.0},{"not_picked":["Bloodletting+1","Combust","Clash"],"picked":"SKIP","floor":7.0},{"not_picked":["Cleave","Hemokinesis"],"picked":"Evolve","floor":10.0},{"not_picked":["Havoc+1","Body Slam"],"picked":"Battle Trance+1","floor":11.0},{"not_picked":["Clash","Disarm+1"],"picked":"Offering+1","floor":12.0},{"not_picked":["Rupture","Warcry+1"],"picked":"Carnage","floor":13.0},{"not_picked":["Power Through+1","Thunderclap","Sentinel+1"],"picked":"SKIP","floor":14.0},{"not_picked":["True Grit+1","Armaments+1","Headbutt"],"picked":"SKIP","floor":18.0},{"not_picked":["Brutality","Pummel"],"picked":"Shrug It Off+1","floor":20.0},{"not_picked":["Anger","Clash"],"picked":"Pommel Strike","floor":22.0},{"not_picked":["Anger","Twin Strike","Juggernaut"],"picked":"SKIP","floor":24.0},{"not_picked":["Headbutt","Twin Strike","Warcry+1"],"picked":"SKIP","floor":27.0},{"not_picked":["Power Through+1","Demon Form","Berserk"],"picked":"SKIP","floor":29.0},{"not_picked":["Havoc+1","Iron Wave","Twin Strike"],"picked":"SKIP","floor":31.0},{"not_picked":["Havoc+1","Iron Wave","Twin Strike"],"picked":"SKIP","floor":31.0},{"not_picked":["Iron Wave","Reckless Charge","Flex+1"],"picked":"SKIP","floor":35.0},{"not_picked":["Clash","Twin Strike","Warcry+1"],"picked":"SKIP","floor":37.0},{"not_picked":["Clash","Metallicize+1","Burning Pact+1"],"picked":"SKIP","floor":38.0},{"not_picked":["Armaments+1","Iron Wave","Brutality"],"picked":"SKIP","floor":39.0},{"not_picked":["Blood for Blood","Thunderclap"],"picked":"Body Slam+1","floor":40.0},{"not_picked":["Perfected Strike","Second Wind+1"],"picked":"Burning Pact+1","floor":41.0},{"not_picked":["Iron Wave","Fire Breathing","Whirlwind"],"picked":"SKIP","floor":42.0},{"not_picked":["True Grit+1","Body Slam","Flex+1"],"picked":"SKIP","floor":44.0},{"not_picked":["Rage+1","Wild Strike","Havoc+1"],"picked":"SKIP","floor":45.0},{"not_picked":["Hemokinesis","Offering+1","Havoc+1"],"picked":"SKIP","floor":47.0},{"not_picked":["Armaments+1","Clothesline+1","Sever Soul+1"],"picked":"SKIP","floor":48.0},{"not_picked":["Blood for Blood","Headbutt","Flex+1"],"picked":"SKIP","floor":55.0}],"player_experience":865147,"relics_obtained":[{"floor":6.0,"key":"Toxic Egg 2"},{"floor":9.0,"key":"Mango"},{"floor":29.0,"key":"The Courier"},{"floor":40.0,"key":"InkBottle"},{"floor":40.0,"key":"Dream Catcher"},{"floor":42.0,"key":"Lantern"},{"floor":43.0,"key":"Turnip"},{"floor":55.0,"key":"Bag of Preparation"},{"floor":55.0,"key":"Pear"}],"event_choices":[{"cards_removed":["Strike_R"],"damage_healed":0.0,"max_hp_gain":0.0,"max_hp_loss":0.0,"gold_gain":0.0,"event_name":"The Cleric","player_choice":"Card Removal","floor":2.0,"gold_loss":75.0,"damage_taken":0.0},{"damage_healed":0.0,"max_hp_gain":0.0,"max_hp_loss":0.0,"gold_gain":75.0,"event_name":"World of Goop","player_choice":"Gather Gold","floor":3.0,"gold_loss":0.0,"damage_taken":11.0},{"damage_healed":0.0,"max_hp_gain":0.0,"max_hp_loss":0.0,"gold_gain":0.0,"event_name":"Shining Light","player_choice":"Entered Light","floor":4.0,"gold_loss":0.0,"damage_taken":23.0,"cards_upgraded":["Strike_R","Defend_R"]},{"damage_healed":0.0,"max_hp_gain":5.0,"max_hp_loss":0.0,"gold_gain":0.0,"event_name":"Big Fish","player_choice":"Donut","floor":5.0,"gold_loss":0.0,"damage_taken":0.0},{"damage_healed":0.0,"max_hp_gain":0.0,"max_hp_loss":0.0,"gold_gain":100.0,"event_name":"The Joust","player_choice":"Bet on Murderer","floor":19.0,"gold_loss":50.0,"damage_taken":0.0},{"damage_healed":0.0,"max_hp_gain":0.0,"max_hp_loss":0.0,"gold_gain":0.0,"event_name":"Drug Dealer","player_choice":"Inject Mutagens","floor":25.0,"gold_loss":0.0,"damage_taken":0.0,"relics_obtained":["MutagenicStrength"]},{"damage_healed":0.0,"max_hp_gain":0.0,"max_hp_loss":5.0,"gold_gain":0.0,"event_name":"Winding Halls","player_choice":"Max HP","floor":36.0,"gold_loss":0.0,"damage_taken":0.0}],"is_beta":false,"boss_relics":[{"not_picked":["Sozu","SlaversCollar"],"picked":"Pandora\u0027s Box"},{"not_picked":["Empty Cage","Velvet Choker"],"picked":"Black Star"}],"items_purged_floors":[54],"is_endless":false,"potions_floor_spawned":[7,12,13,14,16,18,24,27,29,33,35,37,44,47],"ascension_level":20}}