{"host":"qy6st0zp32tctd9l","time":1608266114,"event":{"mods":["AchievementEnabler","BaseMod","Colored Map","Downfall","Hermit","Marisa£®ÏF”Í°°ƒß¿Ì…≥£©","Minty Spire (QoL Compilation)","Remilia£®¿Ÿ√◊¿Ú—«£©","StSLib","The Cursed","The Servant 0.9.4","UnlockEverythingMod"],"gold_per_floor":[114,131,150,170,186,186,202,237,537,537,564,593,607,627,627,722,722,732,831,844,365,375,406,406,406,406,433,433,453,481,501,501,605,605,622,622,637,655,679,722,722,749,749,768,798,604,617,626,626,626,626,626,71,97,97],"floor_reached":56,"playtime":2700,"items_purged":["Defend_MRS"],"score":1850,"play_id":"6c1e0a3d-5e18-42ca-9595-42de9b7c4322","local_time":"20201218123514","is_ascension_mode":true,"campfire_choices":[{"data":"DeepEcoloBomb","floor":6.0,"key":"SMITH"},{"floor":10.0,"key":"RECALL"},{"data":"SuperNova","floor":15.0,"key":"SMITH"},{"floor":25.0,"key":"REST"},{"data":"BinaryStars","floor":28.0,"key":"SMITH"},{"floor":32.0,"key":"REST"},{"data":"CollectingQuirk","floor":41.0,"key":"SMITH"},{"data":"EscapeVelocity","floor":49.0,"key":"SMITH"},{"data":"GasGiant","floor":52.0,"key":"SMITH"}],"circlet_count":0,"master_deck":["Defend_MRS","Defend_MRS","MasterSpark","UpSweep","DeepEcoloBomb+1","GrandCross","GasGiant+1","SuperNova+1","MilkyWay","Parasite","Parasite","SporeBomb","GalacticHalo","BinaryStars+1","EnergyFlow+1","NonDirectionalLaser+1","BinaryStars+1","WitchLeyline","Envy_TH","OortCloud","EscapeVelocity+1","CollectingQuirk+1","MagicChant","Writhe"],"relics":["MiniHakkero","Gambling Chip","Old Coin","ShroomBag","Bottled Flame","Astrolabe","HornCleat","Tiny Chest","Unceasing Top","Ornamental Fan","Pear","Busted Crown","CeramicFish","Akabeko","Happy Flower","Darkstone Periapt","BreadOfAWashokuLover","Potion Belt","AntiCross","SimpleLauncher","Lizard Tail"],"acts_visited":["Exordium","TheCity","TheBeyond","TheEnding"],"potions_floor_usage":[55,55,55,55],"damage_taken":[{"damage":1.0,"enemies":"Cultist","floor":1.0,"turns":4.0},{"damage":5.0,"enemies":"Small Slimes","floor":2.0,"turns":3.0},{"damage":0.0,"enemies":"Jaw Worm","floor":3.0,"turns":3.0},{"damage":7.0,"enemies":"Blue Slaver","floor":4.0,"turns":3.0},{"damage":23.0,"enemies":"Gremlin Gang","floor":5.0,"turns":3.0},{"damage":7.0,"enemies":"Looter","floor":7.0,"turns":3.0},{"damage":20.0,"enemies":"3 Sentries","floor":8.0,"turns":6.0},{"damage":5.0,"enemies":"The Mushroom Lair","floor":11.0,"turns":3.0},{"damage":0.0,"enemies":"Gremlin Nob","floor":12.0,"turns":2.0},{"damage":4.0,"enemies":"2 Fungi Beasts","floor":13.0,"turns":2.0},{"damage":2.0,"enemies":"3 Louse","floor":14.0,"turns":2.0},{"damage":16.0,"enemies":"The Guardian","floor":16.0,"turns":7.0},{"damage":18.0,"enemies":"3 Byrds","floor":18.0,"turns":4.0},{"damage":11.0,"enemies":"Spheric Guardian","floor":20.0,"turns":3.0},{"damage":6.0,"enemies":"Snake Plant","floor":22.0,"turns":4.0},{"damage":5.0,"enemies":"Slavers","floor":23.0,"turns":6.0},{"damage":16.0,"enemies":"Book of Stabbing","floor":27.0,"turns":5.0},{"damage":12.0,"enemies":"Centurion and Healer","floor":29.0,"turns":5.0},{"damage":37.0,"enemies":"Gremlin Leader","floor":30.0,"turns":6.0},{"damage":0.0,"enemies":"Snecko","floor":31.0,"turns":3.0},{"damage":16.0,"enemies":"Champ","floor":33.0,"turns":7.0},{"damage":4.0,"enemies":"3 Shapes","floor":35.0,"turns":4.0},{"damage":3.0,"enemies":"3 Darklings","floor":37.0,"turns":5.0},{"damage":4.0,"enemies":"Spire Growth","floor":38.0,"turns":5.0},{"damage":0.0,"enemies":"Giant Head","floor":40.0,"turns":5.0},{"damage":21.0,"enemies":"Reptomancer","floor":42.0,"turns":5.0},{"damage":0.0,"enemies":"Transient","floor":44.0,"turns":5.0},{"damage":0.0,"enemies":"Nemesis","floor":45.0,"turns":5.0},{"damage":1.0,"enemies":"Writhing Mass","floor":47.0,"turns":3.0},{"damage":46.0,"enemies":"Awakened One","floor":50.0,"turns":7.0},{"damage":0.0,"enemies":"Shield and Spear","floor":54.0,"turns":2.0},{"damage":105,"enemies":"The Heart","floor":55,"turns":6}],"seed_played":"-218753730528665368","potions_obtained":[{"floor":2.0,"key":"Regen Potion"},{"floor":3.0,"key":"SmokeBomb"},{"floor":5.0,"key":"SkillPotion"},{"floor":8.0,"key":"DuplicationPotion"},{"floor":14.0,"key":"LiquidBronze"},{"floor":16.0,"key":"Swift Potion"},{"floor":18.0,"key":"Slimebound:ThreeZeroPotion"},{"floor":27.0,"key":"BlessingOfTheForge"},{"floor":30.0,"key":"Fire Potion"},{"floor":42.0,"key":"hexamod:EctoCoolerPotion"},{"floor":54.0,"key":"Fire Potion"}],"is_trial":false,"path_per_floor":["M","M","M","M","M","R","M","E","T","R","?","E","M","M","R","B",null,"M","?","M","$","M","E","?","R","T","E","R","M","E","M","R","B",null,"M","?","M","M","T","E","R","E","T","M","E","$","M","?","R","B",null,"R","$","E","B",null],"character_chosen":"MARISA","items_purchased":["HornCleat","Tiny Chest","Potion Belt","PowerPotion","AntiCross","SimpleLauncher"],"campfire_rested":2,"item_purchase_floors":[21,21,46,46,53,53],"current_hp_per_floor":[67,62,62,55,32,32,25,19,19,19,14,18,16,16,16,4,57,43,43,36,36,34,33,33,55,55,43,43,35,12,14,39,27,71,71,71,72,70,70,74,74,57,57,61,65,65,64,91,91,72,96,96,96,102,1],"gold":97,"neow_bonus":"REMOVE_CARD","is_daily":false,"chose_seed":false,"campfire_upgraded":6,"win_rate":0.0,"timestamp":1608266114,"path_taken":["M","M","M","?","M","R","M","E","T","R","?","E","M","M","R","BOSS","M","?","M","$","M","E","?","R","T","E","R","M","E","M","R","BOSS","M","?","M","?","?","E","R","E","T","M","E","$","M","?","R","BOSS","R","$","E","BOSS"],"items_purchased_type":["Relic","Relic","Relic","Potion","Relic","Relic"],"build_version":"2020-12-13","purchased_purges":1,"victory":true,"max_hp_per_floor":[75,75,75,75,75,75,75,75,75,75,75,75,75,75,75,75,75,75,75,75,75,75,75,75,75,75,75,75,75,85,85,85,85,85,85,85,85,85,85,85,85,85,85,85,85,85,85,91,91,104,104,104,104,104,104],"card_choices":[{"not_picked":["UnstableBomb","SporeBomb"],"picked":"DeepEcoloBomb","floor":1.0},{"not_picked":["DoubleSpark","LuminesStrike"],"picked":"NonDirectionalLaser","floor":2.0},{"not_picked":["AsteroidBelt","DoubleSpark"],"picked":"GrandCross","floor":3.0},{"not_picked":["IllusionStar","Orbital","DC"],"picked":"SKIP","floor":4.0},{"not_picked":["Singularity","WitchOfGreed"],"picked":"GasGiant","floor":5.0},{"not_picked":["EnergyFlow","DC"],"picked":"SuperNova","floor":7.0},{"not_picked":["DC","OortCloud"],"picked":"MilkyWay","floor":8.0},{"not_picked":["GrandCross","AsteroidBelt"],"picked":"SporeBomb","floor":11.0},{"not_picked":["6A","Singularity","BigCrunch"],"picked":"SKIP","floor":12.0},{"not_picked":["ShootingEcho","MagicChant"],"picked":"GalacticHalo","floor":13.0},{"not_picked":["DoubleSpark","LuminesStrike","ChargingUp"],"picked":"SKIP","floor":14.0},{"not_picked":["ManaRampage","SatelliteIllusion"],"picked":"BinaryStars","floor":16.0},{"not_picked":["SporeBomb+1","LuminesStrike","Robbery"],"picked":"SKIP","floor":18.0},{"not_picked":["GravityBeat","UnstableBomb","AsteroidBelt"],"picked":"SKIP","floor":20.0},{"not_picked":["ShootingEcho","WitchLeyline","GrandCross+1"],"picked":"SKIP","floor":22.0},{"not_picked":["ShootingEcho","GrandCross+1"],"picked":"WitchLeyline","floor":22.0},{"not_picked":["DarkSpark","UnstableBomb","StarlightTyphoon"],"picked":"SKIP","floor":23.0},{"not_picked":["EventHorizon","MilkyWay"],"picked":"OortCloud","floor":27.0},{"not_picked":["SporeBomb+1","DC","ShootingEcho"],"picked":"SKIP","floor":29.0},{"not_picked":["MysteriousBeam","NonDirectionalLaser+1"],"picked":"EscapeVelocity","floor":30.0},{"not_picked":["WitchOfGreed","RefractionSpark+1","GrandCross"],"picked":"SKIP","floor":31.0},{"not_picked":["MaximisePower","AbsoluteMagnitude"],"picked":"CollectingQuirk","floor":33.0},{"not_picked":["DragonMeteor+1"],"picked":"SKIP","floor":35.0},{"not_picked":["GravityBeat+1"],"picked":"SKIP","floor":37.0},{"not_picked":["GalacticHalo"],"picked":"SKIP","floor":38.0},{"not_picked":[],"picked":"MagicChant","floor":40.0},{"not_picked":["ManaConvection+1"],"picked":"SKIP","floor":42.0},{"not_picked":["NonDirectionalLaser+1"],"picked":"SKIP","floor":44.0},{"not_picked":["GravityBeat+1"],"picked":"SKIP","floor":45.0},{"not_picked":["DC+1"],"picked":"SKIP","floor":47.0},{"not_picked":["EnergyRecoil+1"],"picked":"SKIP","floor":54.0}],"player_experience":119925,"relics_obtained":[{"floor":8.0,"key":"Gambling Chip"},{"floor":9.0,"key":"Old Coin"},{"floor":11.0,"key":"ShroomBag"},{"floor":12.0,"key":"Bottled Flame"},{"floor":23.0,"key":"Unceasing Top"},{"floor":27.0,"key":"Ornamental Fan"},{"floor":30.0,"key":"Pear"},{"floor":39.0,"key":"CeramicFish"},{"floor":40.0,"key":"Akabeko"},{"floor":42.0,"key":"Happy Flower"},{"floor":43.0,"key":"Darkstone Periapt"},{"floor":45.0,"key":"BreadOfAWashokuLover"},{"floor":54.0,"key":"Lizard Tail"}],"event_choices":[{"damage_healed":0.0,"max_hp_gain":0.0,"max_hp_loss":0.0,"gold_gain":0.0,"event_name":"Mushrooms_MRS","player_choice":"Fought Mushrooms","floor":11.0,"gold_loss":0.0,"damage_taken":0.0},{"damage_healed":0.0,"max_hp_gain":0.0,"max_hp_loss":0.0,"gold_gain":99.0,"event_name":"Nest","player_choice":"Stole From Cult","floor":19.0,"gold_loss":0.0,"damage_taken":0.0},{"damage_healed":0.0,"max_hp_gain":0.0,"max_hp_loss":0.0,"gold_gain":0.0,"event_name":"SecretPortal","player_choice":"Ignored","floor":36.0,"gold_loss":0.0,"damage_taken":0.0},{"damage_healed":21.0,"max_hp_gain":0.0,"max_hp_loss":0.0,"gold_gain":0.0,"event_name":"Winding Halls","player_choice":"Writhe","floor":48.0,"gold_loss":0.0,"damage_taken":0.0,"cards_obtained":["Writhe"]}],"is_beta":false,"boss_relics":[{"not_picked":["SlaversCollar","Black Star"],"picked":"Astrolabe"},{"not_picked":["Velvet Choker","BewitchedHakkero"],"picked":"Busted Crown"}],"items_purged_floors":[21],"is_endless":false,"potions_floor_spawned":[2,3,5,8,14,16,18,20,27,30,33,35,42,44,54],"ascension_level":7}}