{"host":"jolg1n27y0xvdyb4","time":1608273520,"event":{"mods":["2.2 Compatiblity","AchievementEnabler","Act Like it!","BaseMod","Better Altar","Better Match","Better Note","Better Sensory Stone","Better Skull","Better Third Choice","Better Vampires","Block Reminder","Colored Map","Downfall","Gremlin Mod","Hermit","Jorbs\u0027s Wanderer Trilogy","Minty Spire (QoL Compilation)","SIMod","StSLib","The Blackbeard","The Blue Laboratory","The Bug Knight","The Hierophant","The Jungle","The Necromancer","The Wild Card"],"gold_per_floor":[116,126,142,142,157,192,204,216,251,263,297,309,321,343,355,466,478,504,532,544,576,588,600,612,637,719,731,761,518,518,529,529,632,632,642,642,654,654,654],"floor_reached":38,"playtime":2235,"items_purged":["Armaments+1"],"score":461,"play_id":"9c791717-2112-4b7a-bc42-9fe9fa4653bb","local_time":"20201218003840","is_ascension_mode":true,"campfire_choices":[{"data":"Noxious Fumes","floor":7,"key":"SMITH"},{"data":"Corpse Explosion","floor":12,"key":"SMITH"},{"floor":15,"key":"REST"},{"floor":23,"key":"REST"},{"floor":27,"key":"REST"},{"data":"Apotheosis","floor":30,"key":"SMITH"},{"floor":32,"key":"REST"}],"circlet_count":0,"master_deck":["Strike_G","Strike_G","Strike_G","Defend_G","Defend_G","Defend_G","Defend_G","Survivor","Neutralize","Outmaneuver","Noxious Fumes+1","Corpse Explosion+1","theWildCard:Polydeuces","Envenom+1","Riddle With Holes","Poisoned Stab+1","Apotheosis+1","Catalyst+1","Backflip+1"],"relics":["Empty Cage","MawBank","Snake Skull","Odd Mushroom","SlaversCollar","Tiny Chest","Mummified Hand","SacredBark"],"acts_visited":["Exordium","TheCity","TheBeyond"],"potions_floor_usage":[6,14,16,19,31,33,35],"damage_taken":[{"damage":2,"enemies":"Cultist","floor":1,"turns":4},{"damage":2,"enemies":"2 Louse","floor":2,"turns":4},{"damage":1,"enemies":"Small Slimes","floor":3,"turns":5},{"damage":4,"enemies":"2 Fungi Beasts","floor":5,"turns":4},{"damage":24,"enemies":"3 Sentries","floor":6,"turns":6},{"damage":20,"enemies":"The Mushroom Lair","floor":11,"turns":3},{"damage":11,"enemies":"Looter","floor":14,"turns":2},{"damage":5,"enemies":"The Guardian","floor":16,"turns":7},{"damage":33,"enemies":"2 Thieves","floor":18,"turns":3},{"damage":24,"enemies":"Spheric Guardian","floor":19,"turns":6},{"damage":5,"enemies":"Snecko","floor":21,"turns":5},{"damage":9,"enemies":"Cultist and Chosen","floor":25,"turns":5},{"damage":11,"enemies":"3 Cultists","floor":28,"turns":3},{"damage":7,"enemies":"Chosen and Byrds","floor":31,"turns":4},{"damage":26,"enemies":"Champ","floor":33,"turns":7},{"damage":39,"enemies":"Orb Walker","floor":35,"turns":5},{"damage":14,"enemies":"3 Darklings","floor":37,"turns":2},{"damage":37,"enemies":"Spire Growth","floor":38,"turns":4}],"seed_played":"3745273583724150712","potions_obtained":[{"floor":5,"key":"Block Potion"},{"floor":11,"key":"SteroidPotion"},{"floor":14,"key":"Fire Potion"},{"floor":18,"key":"blueLaboratory:BottledHope"},{"floor":21,"key":"blueLaboratory:Virophage"},{"floor":28,"key":"Dexterity Potion"},{"floor":33,"key":"sneckomod:MuddlingPotion"}],"is_trial":false,"path_per_floor":["M","M","M","$","M","E","R","?","T","$","?","R","?","M","R","B",null,"M","M","?","M","?","R","?","M","T","R","M","$","R","M","R","B",null,"M","?","M","M"],"character_chosen":"THE_SILENT","items_purchased":["Apotheosis"],"campfire_rested":4,"item_purchase_floors":[29],"current_hp_per_floor":[68,66,65,65,61,37,37,60,60,60,40,40,40,29,50,45,70,37,13,13,8,8,29,29,20,20,41,30,30,30,23,44,18,70,31,31,17,0,0],"gold":654,"neow_bonus":"BOSS_RELIC","is_daily":false,"chose_seed":false,"campfire_upgraded":3,"win_rate":0.0,"timestamp":1608273520,"path_taken":["M","M","M","$","?","E","R","?","T","$","?","R","?","M","R","BOSS","M","M","?","M","?","R","?","M","T","R","M","$","R","?","R","BOSS","M","?","M","M"],"items_purchased_type":["Card"],"build_version":"2020-12-13","purchased_purges":1,"victory":false,"max_hp_per_floor":[70,70,70,70,70,70,70,70,70,70,70,70,70,70,70,70,70,70,70,70,70,70,70,70,70,70,70,70,70,70,70,70,70,70,70,70,70,70,70],"card_choices":[{"not_picked":["Slice","Endless Agony"],"picked":"Outmaneuver","floor":1},{"not_picked":["Calculated Gamble","Prepared"],"picked":"Noxious Fumes","floor":2},{"not_picked":["Well Laid Plans","Quick Slash"],"picked":"Corpse Explosion","floor":3},{"not_picked":["Escape Plan","Flying Knee","Dagger Throw"],"picked":"SKIP","floor":5},{"not_picked":["Concentrate","Bane","Dash"],"picked":"SKIP","floor":6},{"not_picked":["Reflex","Distraction","Prepared"],"picked":"SKIP","floor":14},{"not_picked":["Wraith Form v2","Malaise"],"picked":"Envenom","floor":16},{"not_picked":["Dagger Throw","Prepared"],"picked":"Riddle With Holes","floor":18},{"not_picked":["Sucker Punch+1","Bane"],"picked":"Poisoned Stab+1","floor":19},{"not_picked":["Quick Slash+1","Poisoned Stab","Blur"],"picked":"SKIP","floor":21},{"not_picked":["Backflip","Poisoned Stab","Sucker Punch"],"picked":"SKIP","floor":25},{"not_picked":["Quick Slash+1","Cloak And Dagger","Dagger Throw"],"picked":"SKIP","floor":28},{"not_picked":["Deadly Poison+1","Finisher+1"],"picked":"Catalyst+1","floor":31},{"not_picked":["Dagger Throw+1","Slice+1"],"picked":"Backflip+1","floor":35},{"not_picked":["Quick Slash","Bane+1","Accuracy+1"],"picked":"SKIP","floor":37}],"player_experience":413885,"relics_obtained":[{"floor":6,"key":"MawBank"},{"floor":9,"key":"Snake Skull"},{"floor":11,"key":"Odd Mushroom"},{"floor":26,"key":"Mummified Hand"}],"event_choices":[{"damage_healed":23,"gold_gain":0,"player_choice":"Banana","damage_taken":0,"max_hp_gain":0,"max_hp_loss":0,"event_name":"Big Fish","floor":8,"gold_loss":0},{"damage_healed":0,"gold_gain":0,"player_choice":"Fought Mushrooms","damage_taken":0,"max_hp_gain":0,"max_hp_loss":0,"event_name":"Mushrooms","floor":11,"gold_loss":0},{"damage_healed":0,"gold_gain":0,"player_choice":"Forge","damage_taken":0,"max_hp_gain":0,"max_hp_loss":0,"event_name":"Accursed Blacksmith","floor":20,"gold_loss":0,"cards_upgraded":["Envenom"]},{"cards_removed":["Corpse Explosion"],"damage_healed":0,"gold_gain":0,"player_choice":"Take \u0026 Give","damage_taken":0,"max_hp_gain":0,"max_hp_loss":0,"event_name":"betterNote:BetterNote","floor":22,"gold_loss":0,"cards_obtained":["Armaments"]},{"damage_healed":0,"gold_gain":0,"player_choice":"Opened","damage_taken":0,"relics_obtained":["Tiny Chest"],"max_hp_gain":0,"max_hp_loss":0,"event_name":"The Mausoleum","floor":24,"gold_loss":0},{"cards_removed":["Strike_G"],"damage_healed":0,"gold_gain":0,"player_choice":"Card Removal","damage_taken":0,"max_hp_gain":0,"max_hp_loss":0,"event_name":"Wheel of Change","floor":36,"gold_loss":0}],"is_beta":false,"boss_relics":[{"not_picked":["Busted Crown","Tiny House"],"picked":"SlaversCollar"},{"not_picked":["Snecko Eye","Sozu"],"picked":"SacredBark"}],"items_purged_floors":[29],"is_endless":false,"potions_floor_spawned":[5,11,14,18,21,28,33],"killed_by":"Spire Growth","ascension_level":3}}