{"host":"1s2i2u841ofwoqaa","time":1608334627,"event":{"mods":["AchievementEnabler","Aspiration","BaseMod","Better Third Choice","Colored Powertips","Downfall","Hubris","Minty Spire (QoL Compilation)","StSLib","SuperFastMode","The Animator"],"gold_per_floor":[115,126,179,195,210,239,239,254,254,254,37,83,121,121,121,197,197,213,134,166,166,166],"floor_reached":21,"playtime":693,"items_purged":[],"score":353,"play_id":"0bb4ca0b-995d-4988-8b8c-3e70446830dc","local_time":"20201219123707","is_ascension_mode":true,"campfire_choices":[{"data":"Inflame","floor":7,"key":"SMITH"},{"floor":10,"key":"REST"},{"floor":15,"key":"REST"}],"circlet_count":0,"master_deck":["AscendersBane","Strike_R","Strike_R","Strike_R","Strike_R","Defend_R","Defend_R","Defend_R","Defend_R","Bash","Blood for Blood","Shrug It Off","Inflame+1","Thunderclap","Ghostly Armor","Cleave","Pommel Strike","HandOfGreed","Barricade","Dual Wield","Berserk","Corruption","Feel No Pain","Intimidate"],"relics":["Burning Blood","Toy Ornithopter","Smiling Mask","Kunai","aspiration:Lifesprig","Cursed Key"],"acts_visited":["Exordium","TheCity"],"potions_floor_usage":[6,12,20],"damage_taken":[{"damage":11,"enemies":"Cultist","floor":1,"turns":4},{"damage":4,"enemies":"Small Slimes","floor":2,"turns":3},{"damage":5,"enemies":"2 Louse","floor":4,"turns":3},{"damage":30,"enemies":"Large Slime","floor":5,"turns":7},{"damage":28,"enemies":"Lagavulin","floor":6,"turns":8},{"damage":9,"enemies":"Exordium Thugs","floor":8,"turns":5},{"damage":29,"enemies":"3 Sentries","floor":12,"turns":6},{"damage":12,"enemies":"Exordium Wildlife","floor":13,"turns":4},{"damage":23,"enemies":"Slime Boss","floor":16,"turns":11},{"damage":44,"enemies":"Shell Parasite","floor":18,"turns":6},{"damage":21,"enemies":"Spheric Guardian","floor":20,"turns":5},{"damage":21,"enemies":"Snake Plant","floor":21,"turns":2}],"seed_played":"4865205691044687554","potions_obtained":[{"floor":5,"key":"FearPotion"},{"floor":8,"key":"SkillPotion"},{"floor":12,"key":"SpeedPotion"},{"floor":13,"key":"sneckomod:MuddlingPotion"},{"floor":18,"key":"BlessingOfTheForge"}],"is_trial":false,"path_per_floor":["M","M","T","M","M","E","R","M","T","R","$","E","M","?","R","B",null,"M","$","M","M"],"character_chosen":"IRONCLAD","items_purchased":["HandOfGreed","Feel No Pain"],"campfire_rested":2,"item_purchase_floors":[11,19],"current_hp_per_floor":[63,65,65,66,42,25,25,22,22,44,44,26,20,20,42,25,63,25,25,15,0,0],"gold":166,"neow_bonus":"TRANSFORM_CARD","is_daily":false,"chose_seed":false,"campfire_upgraded":1,"win_rate":0.0,"timestamp":1608334627,"path_taken":["M","M","?","M","M","E","R","?","T","R","$","E","M","?","R","BOSS","M","?","M","M"],"items_purchased_type":["Card","Card"],"build_version":"2020-12-13","purchased_purges":0,"victory":false,"max_hp_per_floor":[75,75,75,75,75,75,75,75,75,75,75,75,75,75,75,75,75,75,75,75,75,75],"card_choices":[{"not_picked":["Heavy Blade","Dark Embrace"],"picked":"Shrug It Off","floor":1},{"not_picked":["Infernal Blade","Uppercut"],"picked":"Inflame","floor":2},{"not_picked":["Sword Boomerang","Heavy Blade"],"picked":"Thunderclap","floor":4},{"not_picked":["Clash","True Grit"],"picked":"Ghostly Armor","floor":5},{"not_picked":["Clash","Warcry"],"picked":"Cleave","floor":6},{"not_picked":["Twin Strike","Iron Wave"],"picked":"Pommel Strike","floor":8},{"not_picked":["Havoc","Heavy Blade"],"picked":"Barricade","floor":12},{"not_picked":["Anger","Inflame"],"picked":"Dual Wield","floor":13},{"not_picked":["Reaper","Double Tap"],"picked":"Corruption","floor":16},{"not_picked":["hubris:ReadiedAction","Flex","hubris:CleavingFinish"],"picked":"SKIP","floor":18},{"not_picked":["Cleave","hubris:ReadiedAction"],"picked":"Intimidate","floor":20}],"player_experience":452065,"relics_obtained":[{"floor":3,"key":"Toy Ornithopter"},{"floor":6,"key":"Smiling Mask"},{"floor":9,"key":"Kunai"},{"floor":12,"key":"aspiration:Lifesprig"}],"event_choices":[{"damage_healed":0,"gold_gain":0,"player_choice":"1 cards matched","damage_taken":0,"max_hp_gain":0,"max_hp_loss":0,"event_name":"Match and Keep!","floor":14,"gold_loss":0,"cards_obtained":["Berserk"]}],"is_beta":false,"boss_relics":[{"not_picked":["Busted Crown","Calling Bell"],"picked":"Cursed Key"}],"items_purged_floors":[],"is_endless":false,"potions_floor_spawned":[5,8,12,13,18],"killed_by":"Snake Plant","ascension_level":17}}