{"host":"ds3v42j7tpaaz1mg","time":1608274787,"event":{"mods":["AchievementEnabler","Aspiration","BaseMod","Bestiary","Better Altar","Better Note","Better Sensory Stone","BetterRewards","Block Reminder","Colored Powertips","Conspire","Downfall","Energized Spire","Halation","Hermit","Highlight Path","Hubris","Infinite Spire","Jorbs\u0027s Wanderer Trilogy","Minty Spire (QoL Compilation)","Relic Stats","Replay The Spire","StSLib","The Elementalist","The Servant 0.9.4","vexMod"],"gold_per_floor":[118,150,163,173,173,173,187,187,187,38,66,66,66,204,204,204,204],"floor_reached":16,"playtime":994,"items_purged":[],"score":130,"play_id":"d92cf9b9-d7a6-4858-94f5-05810e8321aa","local_time":"20201218015947","is_ascension_mode":true,"campfire_choices":[{"data":"Draining Mist","floor":6,"key":"SMITH"},{"floor":13,"key":"REST"},{"floor":15,"key":"REST"}],"circlet_count":0,"master_deck":["Strike_G","Strike_G","Strike_G","Strike_G+1","Strike_G+1","Defend_G","Defend_G","Defend_G","Defend_G","Defend_G","Survivor","Neutralize","Quick Slash","Infinite Blades","PiercingWail","Draining Mist+1","Leg Sweep","ReplayTheSpireMod:Tripwire"],"relics":["Ring of the Snake","Whetstone","hubris:Icosahedron","hubris:SphereOfDissonance","ReplayFunnel","Nunchaku","Golden Idol","aspiration:HiddenCompartment"],"acts_visited":["Exordium"],"potions_floor_usage":[11,11,14],"damage_taken":[{"damage":3,"enemies":"Jaw Worm","floor":1,"turns":5},{"damage":20,"enemies":"conspire:MimicChest","floor":2,"turns":6},{"damage":3,"enemies":"2 Louse","floor":3,"turns":3},{"damage":0,"enemies":"Cultist","floor":4,"turns":5},{"damage":15,"enemies":"conspire:2 RoseBushes","floor":7,"turns":6},{"damage":24,"enemies":"3 Sentries","floor":11,"turns":7},{"damage":11,"enemies":"Replay:BlueRogue","floor":14,"turns":4},{"damage":34,"enemies":"Hexaghost","floor":16,"turns":17}],"seed_played":"2527382403128941619","potions_obtained":[{"floor":4,"key":"champ:CounterPotion"},{"floor":7,"key":"CunningPotion"},{"floor":11,"key":"ColorlessPotion"}],"is_trial":false,"path_per_floor":["M","?","M","M","?","R","M","?","T","$","E","?","R","E","R","B"],"character_chosen":"THE_SILENT","items_purchased":["ReplayFunnel"],"campfire_rested":2,"item_purchase_floors":[10],"current_hp_per_floor":[67,47,44,44,44,44,29,29,29,29,5,5,24,13,32,0,0],"gold":204,"neow_bonus":"THREE_CARDS","is_daily":false,"chose_seed":false,"campfire_upgraded":1,"win_rate":0.0,"timestamp":1608274787,"path_taken":["M","?","M","M","?","R","?","?","T","$","E","?","R","E","R","BOSS"],"items_purchased_type":["Relic"],"build_version":"2020-12-13","purchased_purges":0,"victory":false,"max_hp_per_floor":[70,70,70,70,70,70,70,70,70,70,70,65,65,65,65,65,65],"relic_stats":{"Nunchaku":[4],"counters":[8,53],"Golden Idol":8,"Whetstone":["Strike_G","Strike_G"],"obtain_stats":[{"ReplayFunnel":10,"Nunchaku":11,"hubris:Icosahedron":8,"Golden Idol":12,"hubris:SphereOfDissonance":9,"Whetstone":2,"aspiration:HiddenCompartment":14,"Ring of the Snake":0},{"ReplayFunnel":5,"Nunchaku":6,"hubris:Icosahedron":5,"Golden Idol":6,"hubris:SphereOfDissonance":5,"Whetstone":2,"aspiration:HiddenCompartment":7,"Ring of the Snake":0},{"ReplayFunnel":25,"Nunchaku":32,"hubris:Icosahedron":25,"Golden Idol":32,"hubris:SphereOfDissonance":25,"Whetstone":11,"aspiration:HiddenCompartment":36,"Ring of the Snake":0}],"Ring of the Snake":[16]},"card_choices":[{"not_picked":["Bouncing Flask","Blade Dance"],"picked":"Quick Slash","floor":0},{"not_picked":["Flying Knee","Backflip"],"picked":"Infinite Blades","floor":1},{"not_picked":["Prepared","hubris:Sniper"],"picked":"PiercingWail","floor":2},{"not_picked":["Hidden Blade","conspire:PoisonWeapons","Deflect"],"picked":"SKIP","floor":3},{"not_picked":["Acrobatics","Dagger Spray"],"picked":"Draining Mist","floor":4},{"not_picked":["Deflect","Flying Knee","Sucker Punch"],"picked":"SKIP","floor":7},{"not_picked":["Riddle With Holes","Dagger Spray","Blur"],"picked":"SKIP","floor":11},{"not_picked":["Slice","aspiration:Lunge"],"picked":"ReplayTheSpireMod:Tripwire","floor":14}],"player_experience":547463,"relics_obtained":[{"floor":2,"key":"Whetstone"},{"floor":9,"key":"hubris:SphereOfDissonance"},{"floor":11,"key":"Nunchaku"},{"floor":14,"key":"aspiration:HiddenCompartment"}],"event_choices":[{"damage_healed":0,"gold_gain":0,"player_choice":"1 cards matched","damage_taken":0,"max_hp_gain":0,"max_hp_loss":0,"event_name":"Match and Keep!","floor":5,"gold_loss":0,"cards_obtained":["Leg Sweep"]},{"damage_healed":0,"gold_gain":0,"player_choice":"Lose Max HP","damage_taken":0,"relics_obtained":["Golden Idol"],"max_hp_gain":0,"max_hp_loss":5,"event_name":"Golden Idol","floor":12,"gold_loss":0}],"is_beta":false,"boss_relics":[],"items_purged_floors":[],"is_endless":false,"potions_floor_spawned":[4,7,11],"killed_by":"Hexaghost","ascension_level":4}}