{"host":"kav75jn2167pb2t0","time":1608318977,"event":{"mods":["AchievementEnabler","BaseMod","Colored Map","Colored Powertips","FTL Soundtrack","Minty Spire (QoL Compilation)","Quick Restart","StSLib","SuperFastMode"],"gold_per_floor":[117,131,131,131,141,141,174,174,174,188,188,188,113,126,126,200,200,178,228,244,255,255,255],"floor_reached":22,"playtime":933,"items_purged":["Defend_G"],"score":372,"play_id":"3547664c-1f1e-49a1-8e16-a2f7bbef23a0","local_time":"20201218141617","is_ascension_mode":true,"campfire_choices":[{"data":"Cloak And Dagger","floor":6.0,"key":"SMITH"},{"floor":8.0,"key":"REST"},{"floor":15.0,"key":"REST"}],"circlet_count":0,"master_deck":["AscendersBane","Strike_G","Strike_G","Strike_G","Defend_G","Defend_G","Defend_G","Survivor","Neutralize","Escape Plan+1","Escape Plan","Cloak And Dagger+1","Envenom","Blade Dance","Footwork+1"],"relics":["Ring of the Serpent","Shuriken"],"acts_visited":["Exordium","TheCity"],"potions_floor_usage":[22],"damage_taken":[{"damage":0.0,"enemies":"Small Slimes","floor":1.0,"turns":4.0},{"damage":0.0,"enemies":"2 Louse","floor":2.0,"turns":3.0},{"damage":0.0,"enemies":"Cultist","floor":5.0,"turns":4.0},{"damage":32.0,"enemies":"3 Sentries","floor":7.0,"turns":15.0},{"damage":9.0,"enemies":"Lots of Slimes","floor":10.0,"turns":6.0},{"damage":0.0,"enemies":"Red Slaver","floor":14.0,"turns":3.0},{"damage":14.0,"enemies":"Slime Boss","floor":16.0,"turns":7.0},{"damage":11.0,"enemies":"2 Thieves","floor":18.0,"turns":4.0},{"damage":5.0,"enemies":"3 Byrds","floor":20.0,"turns":5.0},{"damage":27.0,"enemies":"Snake Plant","floor":21.0,"turns":5.0},{"damage":18,"enemies":"Shelled Parasite and Fungi","floor":22,"turns":2}],"seed_played":"244941459929023339","potions_obtained":[{"floor":5.0,"key":"DuplicationPotion"},{"floor":7.0,"key":"Strength Potion"},{"floor":10.0,"key":"Ancient Potion"},{"floor":14.0,"key":"ColorlessPotion"},{"floor":16.0,"key":"SneckoOil"},{"floor":18.0,"key":"CunningPotion"}],"is_trial":false,"path_per_floor":["M","M","?","?","M","R","E","R","T","M","?","?","$","M","R","B",null,"M","?","M","M","M"],"character_chosen":"THE_SILENT","items_purchased":[],"campfire_rested":2,"item_purchase_floors":[],"current_hp_per_floor":[44,44,44,49,49,49,17,38,38,29,22,22,22,22,43,29,61,50,50,45,18,0,0],"gold":255,"neow_bonus":"TRANSFORM_TWO_CARDS","is_daily":false,"chose_seed":false,"campfire_upgraded":1,"win_rate":0.0,"timestamp":1608318977,"path_taken":["M","M","?","?","M","R","E","R","T","M","?","?","$","M","R","BOSS","M","?","?","M","M"],"items_purchased_type":[],"build_version":"2020-12-13","purchased_purges":1,"victory":false,"max_hp_per_floor":[66,66,66,71,71,71,71,71,71,71,71,71,71,71,71,71,71,71,71,71,71,71,71],"card_choices":[{"not_picked":["Underhanded Strike","Infinite Blades","Deadly Poison"],"picked":"SKIP","floor":1.0},{"not_picked":["Calculated Gamble","Dodge and Roll","Caltrops"],"picked":"SKIP","floor":2.0},{"not_picked":["Distraction","Terror"],"picked":"Cloak And Dagger","floor":5.0},{"not_picked":["Bullet Time","Flying Knee","Outmaneuver"],"picked":"SKIP","floor":7.0},{"not_picked":["Bane","Acrobatics","Deadly Poison"],"picked":"SKIP","floor":10.0},{"not_picked":["Deadly Poison","Underhanded Strike","Tactician"],"picked":"SKIP","floor":14.0},{"not_picked":["Grand Finale","After Image"],"picked":"Envenom","floor":16.0},{"not_picked":["Acrobatics+1","Endless Agony","Flying Knee"],"picked":"SKIP","floor":18.0},{"not_picked":["Backflip","Terror"],"picked":"Blade Dance","floor":20.0},{"not_picked":["Acrobatics","Reflex"],"picked":"Footwork+1","floor":21.0}],"player_experience":558624,"relics_obtained":[{"floor":7.0,"key":"Shuriken"}],"event_choices":[{"damage_healed":0.0,"max_hp_gain":0.0,"max_hp_loss":0.0,"gold_gain":0.0,"event_name":"Liars Game","player_choice":"Ignored","floor":3.0,"gold_loss":0.0,"damage_taken":0.0},{"damage_healed":0.0,"max_hp_gain":5.0,"max_hp_loss":0.0,"gold_gain":0.0,"event_name":"Big Fish","player_choice":"Donut","floor":4.0,"gold_loss":0.0,"damage_taken":0.0},{"cards_removed":["Strike_G"],"damage_healed":0.0,"max_hp_gain":0.0,"max_hp_loss":0.0,"gold_gain":0.0,"event_name":"Golden Wing","player_choice":"Card Removal","floor":11.0,"gold_loss":0.0,"damage_taken":7.0},{"damage_healed":0.0,"max_hp_gain":0.0,"max_hp_loss":0.0,"gold_gain":0.0,"event_name":"Accursed Blacksmith","player_choice":"Forge","floor":12.0,"gold_loss":0.0,"damage_taken":0.0,"cards_upgraded":["Escape Plan"]},{"damage_healed":0.0,"max_hp_gain":0.0,"max_hp_loss":0.0,"gold_gain":100.0,"event_name":"The Joust","player_choice":"Bet on Murderer","floor":19.0,"gold_loss":50.0,"damage_taken":0.0}],"is_beta":false,"boss_relics":[{"not_picked":["SlaversCollar","Cursed Key"],"picked":"Ring of the Serpent"}],"items_purged_floors":[13],"is_endless":false,"potions_floor_spawned":[5,7,10,14,16,18],"killed_by":"Shelled Parasite and Fungi","ascension_level":20}}