{"host":"uwh382mre4waz4ff","time":1608287360,"event":{"mods":["AchievementEnabler","BaseMod","Better Note","Better Third Choice","BetterRewards","Highlight Path","HololiveMod","Minty Spire (QoL Compilation)","Shop Mod","StSLib"],"gold_per_floor":[78,97,110,110,126,160,179,205,205,240,257,277,288,317,317,391,391,403,414,430,430,448,473,473,507,507,541,541,553,578,596,596,668,668,678,307,321,5,19,51,0,0,0,25,358,358,375,393,393,393,393,393,66,101,101],"floor_reached":56,"playtime":3168,"items_purged":["Hololive_Strike","Hololive_Strike"],"score":2830,"play_id":"311b5f19-9d17-48e4-9a88-68dfea6e8aec","local_time":"20201218182920","is_ascension_mode":true,"campfire_choices":[{"data":"Metamorphosis","floor":15,"key":"SMITH"},{"data":"Hololive_IdolExercise","floor":24,"key":"SMITH"},{"data":"Hololive_MaximGun","floor":28,"key":"SMITH"},{"floor":32,"key":"RECALL"},{"data":"Hololive_CallHimemoriLuna","floor":42,"key":"SMITH"},{"data":"Hololive_CallOzoraSubaru","floor":46,"key":"SMITH"},{"data":"Hololive_CallOzoraSubaru","floor":49,"key":"SMITH"},{"data":"Hololive_CallAkiRosenthal","floor":52,"key":"SMITH"}],"circlet_count":0,"master_deck":["AscendersBane","Hololive_CallHoushouMarine","Hololive_CallShiroganeNoel","Hololive_CallUruhaRushia","Hololive_CallShiranuiFlare","Hololive_CallUsadaPekora","Hololive_StrengthChampion","Hololive_Defend","Hololive_Defend","Metamorphosis+1","Hololive_CallOzoraSubaru+1","Hololive_MaximGun+1","Hololive_CallAyundaRisu","Hololive_CallShirakamiFubuki","Hololive_CallShiroganeNoel","Hololive_CallInugamiKorone","Hololive_CallAmaneKanata","Hololive_CocoNews","Hololive_CallAmaneKanata","Hololive_CallOmaruPolka","Hololive_CallOzoraSubaru+1","Hololive_IdolExercise+1","Hololive_CallAkaiHaato+1","Hololive_CallAiraniIofifteen","Pain","Hololive_CallAkiRosenthal+1","Hololive_CallRoboco","Hololive_CallHimemoriLuna+1","Hololive_CocoNews+1","Hololive_CallAkaiHaato","Hololive_CallArtia","Hololive_DurableLive","Hololive_CallMomosuzuNene+7","Hololive_CallOkamiMio","Hololive_BringToTrial","Hololive_CallAyundaRisu+1","Hololive_CallMoonaHoshinova","Hololive_CallInugamiKorone","Hololive_CallMoonaHoshinova","Hololive_CallTsunomakiWatame+1","Hololive_CallFriendA+1","Hololive_CallAiraniIofifteen+1","Hololive_CallMinatoAqua+1","Apotheosis","Hololive_CallYuzukiChoco+1","Hololive_CallKiryuuCoco","Hololive_CocoNews","Hololive_BringToTrial","Hololive_CallYozoraMel","Hololive_CallManoAloe"],"relics":["Hololive_TheStar","Toy Ornithopter","White Beast Statue","Matryoshka","Pantograph","Mercury Hourglass","Runic Dome","WarpedTongs","Bag of Preparation","Ancient Tea Set","Potion Belt","Hololive_FriedShrimpLion","Sundial","Coffee Dripper","Strange Spoon","Boot","Letter Opener","Red Mask","Gremlin Horn","Kunai","Mango","Old Coin","Orrery","Bag of Marbles"],"acts_visited":["TheCity","TheBeyond","TheEnding"],"potions_floor_usage":[8,12,13,23,27,45,45,50,50,50,50],"damage_taken":[{"damage":0,"enemies":"2 Louse","floor":1,"turns":1},{"damage":0,"enemies":"Small Slimes","floor":2,"turns":3},{"damage":0,"enemies":"Cultist","floor":3,"turns":2},{"damage":0,"enemies":"Red Slaver","floor":5,"turns":2},{"damage":0,"enemies":"3 Sentries","floor":6,"turns":4},{"damage":0,"enemies":"Blue Slaver","floor":7,"turns":3},{"damage":0,"enemies":"Gremlin Nob","floor":8,"turns":3},{"damage":0,"enemies":"3 Sentries","floor":10,"turns":3},{"damage":0,"enemies":"2 Fungi Beasts","floor":11,"turns":2},{"damage":0,"enemies":"Looter","floor":12,"turns":1},{"damage":0,"enemies":"Lots of Slimes","floor":13,"turns":1},{"damage":0,"enemies":"Lagavulin","floor":14,"turns":3},{"damage":0,"enemies":"The Guardian","floor":16,"turns":5},{"damage":0,"enemies":"Chosen","floor":18,"turns":3},{"damage":0,"enemies":"Spheric Guardian","floor":19,"turns":3},{"damage":0,"enemies":"Snake Plant","floor":20,"turns":3},{"damage":0,"enemies":"Centurion and Healer","floor":22,"turns":3},{"damage":0,"enemies":"Slavers","floor":23,"turns":4},{"damage":0,"enemies":"Book of Stabbing","floor":25,"turns":3},{"damage":0,"enemies":"Slavers","floor":27,"turns":4},{"damage":0,"enemies":"3 Cultists","floor":29,"turns":3},{"damage":1,"enemies":"Book of Stabbing","floor":30,"turns":3},{"damage":0,"enemies":"Snake Plant","floor":31,"turns":2},{"damage":1,"enemies":"Collector","floor":33,"turns":7},{"damage":0,"enemies":"Orb Walker","floor":35,"turns":2},{"damage":2,"enemies":"3 Darklings","floor":37,"turns":4},{"damage":0,"enemies":"4 Shapes","floor":39,"turns":4},{"damage":1,"enemies":"Nemesis","floor":40,"turns":5},{"damage":0,"enemies":"Mind Bloom Boss Battle","floor":44,"turns":3},{"damage":1,"enemies":"Reptomancer","floor":45,"turns":5},{"damage":0,"enemies":"Spire Growth","floor":47,"turns":3},{"damage":3,"enemies":"3 Darklings","floor":48,"turns":3},{"damage":82,"enemies":"Awakened One","floor":50,"turns":16},{"damage":1,"enemies":"Shield and Spear","floor":54,"turns":5},{"damage":1,"enemies":"The Heart","floor":55,"turns":8}],"seed_played":"-217999681603279808","potions_obtained":[{"floor":1,"key":"Dexterity Potion"},{"floor":2,"key":"Swift Potion"},{"floor":7,"key":"Regen Potion"},{"floor":10,"key":"Explosive Potion"},{"floor":11,"key":"Strength Potion"},{"floor":12,"key":"Fruit Juice"},{"floor":13,"key":"DuplicationPotion"},{"floor":14,"key":"Energy Potion"},{"floor":18,"key":"DistilledChaos"},{"floor":23,"key":"EssenceOfSteel"},{"floor":27,"key":"AttackPotion"},{"floor":29,"key":"FearPotion"},{"floor":30,"key":"EssenceOfSteel"},{"floor":37,"key":"Fire Potion"},{"floor":45,"key":"SkillPotion"},{"floor":47,"key":"Regen Potion"},{"floor":54,"key":"Energy Potion"}],"is_trial":false,"path_per_floor":["M","M","M","?","M","E","M","E","T","E","M","M","M","E","R","B",null,"M","M","M","?","M","E","R","E","T","E","R","M","E","M","R","B",null,"M","$","M","$","M","E","?","R","T","?","E","R","M","M","R","B",null,"R","$","E","B",null],"character_chosen":"Hololive_HololiveCharacter","items_purchased":["Hololive_CallOkamiMio","Strange Spoon","Hololive_BringToTrial","Hololive_CallMoonaHoshinova","Boot","Apotheosis","Orrery"],"campfire_rested":0,"item_purchase_floors":[36,36,36,38,38,53,53],"current_hp_per_floor":[23,23,23,5,5,5,5,19,19,19,19,29,34,34,34,40,40,40,40,40,40,40,40,40,40,40,40,40,40,39,39,39,39,40,40,40,38,38,41,43,43,43,43,63,66,66,69,69,69,10,57,57,57,56,71],"gold":101,"neow_bonus":"RANDOM_COLORLESS_2","is_daily":false,"chose_seed":false,"campfire_upgraded":7,"win_rate":0.0,"timestamp":1608287360,"path_taken":["M","M","M","?","M","E","M","E","T","E","M","M","M","E","R","BOSS","M","M","M","?","?","E","R","E","T","E","R","M","E","M","R","BOSS","M","$","M","$","M","E","?","R","T","?","E","R","M","M","R","BOSS","R","$","E","BOSS"],"items_purchased_type":["Card","Relic","Card","Card","Relic","Card","Relic"],"build_version":"2020-12-13","purchased_purges":2,"victory":true,"max_hp_per_floor":[35,35,35,35,35,35,35,35,35,35,35,40,40,40,40,40,40,40,40,40,40,40,40,40,40,40,40,40,40,40,40,40,40,40,40,40,40,40,43,46,46,46,46,63,66,66,69,72,72,72,72,72,72,72,72],"card_choices":[{"not_picked":["Violence","Chrysalis"],"picked":"Metamorphosis","floor":0},{"not_picked":["Hololive_CallHoshimachiSuisei","Hololive_HuntDinosaur","Hololive_CocoNews"],"picked":"Hololive_CallOzoraSubaru","floor":1},{"not_picked":["Hololive_Drill","Hololive_RevenueBasedLive","Hololive_FlyingPonyTail"],"picked":"Hololive_MaximGun","floor":2},{"not_picked":["Hololive_Trident","Hololive_Psychosis","Hololive_OvertimeWork"],"picked":"Hololive_CallAyundaRisu","floor":3},{"not_picked":["Hololive_Drill","Hololive_Breathe","Hololive_Rebirth"],"picked":"Hololive_CallShirakamiFubuki","floor":5},{"not_picked":["Hololive_CallAyundaRisu","Hololive_Sequa","Hololive_RevenueBasedLive"],"picked":"Hololive_CallShiroganeNoel","floor":6},{"not_picked":["Hololive_RevenueBasedLive","Hololive_FlyingPonyTail","Hololive_Trident"],"picked":"Hololive_CallInugamiKorone","floor":7},{"not_picked":["Hololive_Rebound","Hololive_SoulCatcher","Hololive_FlyingPonyTail"],"picked":"Hololive_CallAmaneKanata","floor":8},{"not_picked":["Hololive_ASMR","Hololive_RevenueBasedLive","Hololive_HuntDinosaur","Hololive_LuckPotion"],"picked":"SKIP","floor":10},{"not_picked":["Hololive_FlyingPonyTail","Hololive_Breathe","Hololive_Yoholoon"],"picked":"Hololive_CocoNews","floor":11},{"not_picked":["Hololive_RevenueBasedLive","Hololive_FlyingPonyTail","Hololive_Breathe"],"picked":"Hololive_CallAmaneKanata","floor":12},{"not_picked":["Hololive_RevenueBasedLive","Hololive_Trident","Hololive_FlyingPonyTail"],"picked":"Hololive_CallOmaruPolka","floor":13},{"not_picked":["Hololive_Breathe","Hololive_HuntDinosaur","Hololive_LuckPotion"],"picked":"Hololive_CallOzoraSubaru","floor":14},{"not_picked":["Hololive_StarCraft","Hololive_Rebirth","Hololive_OpenUp"],"picked":"Hololive_IdolExercise","floor":16},{"not_picked":["Hololive_Psychosis+1","Hololive_Breathe+1","Hololive_RevenueBasedLive","Hololive_Trident"],"picked":"SKIP","floor":18},{"not_picked":["Hololive_Trident+1","Hololive_HuntDinosaur","Hololive_CallUruhaRushia"],"picked":"Hololive_CallAkaiHaato+1","floor":19},{"not_picked":["Hololive_FlyingPonyTail","Hololive_Sequa","Hololive_LuckPotion"],"picked":"Hololive_CallAiraniIofifteen","floor":20},{"not_picked":["Hololive_Breathe","Hololive_CallSpadeEcho","Hololive_Spy"],"picked":"Hololive_CallAkiRosenthal","floor":22},{"not_picked":["Hololive_CallAmaneKanata","Hololive_Sequa","Hololive_Rebirth"],"picked":"Hololive_CallRoboco","floor":23},{"not_picked":["Hololive_RevenueBasedLive","Hololive_CallUsadaPekora","Hololive_Nanodesu"],"picked":"Hololive_CallHimemoriLuna","floor":25},{"not_picked":["Hololive_Psychosis","Hololive_Recruit","Hololive_Yoholoon+1"],"picked":"Hololive_CocoNews+1","floor":27},{"not_picked":["Hololive_StrengthChampion","Hololive_Sequa","Hololive_Teleport"],"picked":"Hololive_CallAkaiHaato","floor":29},{"not_picked":["Hololive_Drill+1","Hololive_FlyingPonyTail","Hololive_AWSL","Hololive_ManjiGathering"],"picked":"SKIP","floor":30},{"not_picked":["Hololive_SummonFox","Hololive_Psychosis","Hololive_Sequa"],"picked":"Hololive_CallArtia","floor":31},{"not_picked":["Hololive_Recruit","Hololive_HighAtkLowDef","Hololive_StarCraft"],"picked":"Hololive_DurableLive","floor":33},{"not_picked":["Hololive_CallOzoraSubaru+1","Hololive_ILoveYou","Hololive_Trident+1"],"picked":"Hololive_CallMomosuzuNene","floor":35},{"not_picked":["Hololive_LuckPotion","Hololive_Trident","Hololive_Psychosis"],"picked":"Hololive_CallAyundaRisu+1","floor":37},{"not_picked":["Hololive_FlyingPonyTail+1","Hololive_RevenueBasedLive","Hololive_Breathe"],"picked":"Hololive_CallInugamiKorone","floor":39},{"not_picked":["Hololive_Trident","Hololive_OvertimeWork","Hololive_DiamondStrike"],"picked":"Hololive_CallMoonaHoshinova","floor":40},{"not_picked":["Hololive_Drill","Hololive_Rebound","Hololive_OvertimeWork+1"],"picked":"Hololive_CallTsunomakiWatame+1","floor":44},{"not_picked":["Hololive_CocoNews","Hololive_CallOmaruPolka+1","Hololive_Sequa"],"picked":"Hololive_CallFriendA+1","floor":45},{"not_picked":["Hololive_Psychosis","Hololive_LuckPotion","Hololive_Trident+1"],"picked":"Hololive_CallAiraniIofifteen+1","floor":47},{"not_picked":["Hololive_Sequa","Hololive_CallDoris","Hololive_ILoveYou"],"picked":"Hololive_CallMinatoAqua+1","floor":48},{"not_picked":["Hololive_Thief","Hololive_CallAyundaRisu","Hololive_CallNekomataOkayu"],"picked":"Hololive_CallYuzukiChoco+1","floor":53},{"not_picked":["Hololive_CocoNews","Hololive_Psychosis","Hololive_Trident"],"picked":"Hololive_CallKiryuuCoco","floor":53},{"not_picked":["Hololive_Psychosis","Hololive_Sequa","Hololive_AWSL"],"picked":"Hololive_CocoNews","floor":53},{"not_picked":["Hololive_FlyingPonyTail","Hololive_LuckPotion","Hololive_Psychosis"],"picked":"Hololive_BringToTrial","floor":53},{"not_picked":["Hololive_Breathe","Hololive_OpenUp","Hololive_CocoNews"],"picked":"Hololive_CallYozoraMel","floor":53},{"not_picked":["Hololive_Drill+1","Hololive_OvertimeWork","Hololive_Psychosis"],"picked":"Hololive_CallManoAloe","floor":54}],"player_experience":134366,"relics_obtained":[{"floor":6,"key":"Toy Ornithopter"},{"floor":8,"key":"White Beast Statue"},{"floor":9,"key":"Matryoshka"},{"floor":10,"key":"Pantograph"},{"floor":14,"key":"Mercury Hourglass"},{"floor":23,"key":"Bag of Preparation"},{"floor":25,"key":"Ancient Tea Set"},{"floor":26,"key":"Potion Belt"},{"floor":27,"key":"Hololive_FriedShrimpLion"},{"floor":30,"key":"Sundial"},{"floor":40,"key":"Letter Opener"},{"floor":43,"key":"Gremlin Horn"},{"floor":43,"key":"Kunai"},{"floor":44,"key":"Mango"},{"floor":45,"key":"Old Coin"},{"floor":54,"key":"Bag of Marbles"}],"event_choices":[{"damage_healed":0,"gold_gain":0,"player_choice":"LEAVE","damage_taken":18,"max_hp_gain":0,"max_hp_loss":0,"event_name":"betterThird:BetterScrap","floor":4,"gold_loss":0,"cards_obtained":["Feel No Pain"]},{"damage_healed":0,"gold_gain":0,"player_choice":"Rummage","damage_taken":0,"relics_obtained":["WarpedTongs"],"max_hp_gain":0,"max_hp_loss":0,"event_name":"Accursed Blacksmith","floor":21,"gold_loss":0,"cards_obtained":["Pain"]},{"damage_healed":0,"gold_gain":0,"player_choice":"Paid","damage_taken":0,"relics_obtained":["Red Mask"],"max_hp_gain":0,"max_hp_loss":0,"event_name":"Tomb of Lord Red Mask","floor":41,"gold_loss":51},{"damage_healed":0,"gold_gain":0,"player_choice":"Fight","damage_taken":0,"max_hp_gain":0,"max_hp_loss":0,"event_name":"MindBloom","floor":44,"gold_loss":0}],"is_beta":false,"boss_relics":[{"not_picked":["Snecko Eye","Astrolabe"],"picked":"Runic Dome"},{"not_picked":["Sozu","Empty Cage"],"picked":"Coffee Dripper"}],"items_purged_floors":[36,38],"is_endless":false,"potions_floor_spawned":[1,2,7,10,11,12,13,14,16,18,19,20,22,23,25,27,29,30,31,33,35,37,39,40,44,45,47,48,54],"ascension_level":13}}