{"host":"6ko66ogg91i6g7xq","time":1608270775,"event":{"mods":["AchievementEnabler","Act Like it!","BaseMod","Colored Map","Colored Powertips","Downfall","Hermit","Minty Spire (QoL Compilation)","Quick Restart","Relic Stats","StSLib","The Jungle","everything is the same but u backflip on backflip"],"gold_per_floor":[117,117,117,117,117,117,149,149,227,253,265,294,294,100,100,205,205,222,497,214,214,129,160,160,177,223,232,232,246,258,300,309,417,417,445,458,474,474,204,204,242,261,270,270,270,270,270,153,153,153,153,153,27,58,58,58],"floor_reached":55,"playtime":1422,"items_purged":["Regret","Injury"],"score":989,"play_id":"c0622b9e-f090-4719-b154-d3c711eb2ac9","local_time":"20201218005255","is_ascension_mode":true,"campfire_choices":[{"floor":6,"key":"RECALL"},{"data":"Backstab","floor":8,"key":"SMITH"},{"data":"1","floor":13,"key":"LIFT"},{"data":"Apotheosis","floor":15,"key":"SMITH"},{"data":"2","floor":24,"key":"LIFT"},{"data":"3","floor":28,"key":"LIFT"},{"floor":32,"key":"REST"},{"data":"Accuracy","floor":40,"key":"SMITH"},{"data":"After Image","floor":45,"key":"SMITH"},{"data":"Accuracy","floor":47,"key":"SMITH"},{"data":"Noxious Fumes","floor":49,"key":"SMITH"},{"data":"Adrenaline","floor":52,"key":"SMITH"}],"circlet_count":0,"master_deck":["Strike_G","Strike_G","Strike_G","Strike_G","Strike_G","Defend_G","Defend_G","Defend_G","Defend_G","Defend_G","Survivor","Neutralize","Blade Dance","Backstab+1","Noxious Fumes+1","Terror","Apotheosis+1","Phantasmal Killer","Cloak And Dagger+1","Blade Dance","Accuracy+1","Blade Dance","Adrenaline+1","Necronomicurse","Cloak And Dagger","Terror+1","Burst","Blur","Accuracy+1","Die Die Die","After Image+1","Blade Dance","Blade Dance+1","Dash+1"],"relics":["Ring of the Snake","NeowsBlessing","HornCleat","Dream Catcher","Ninja Scroll","Girya","Oddly Smooth Stone","WristBlade","Vajra","Singing Bowl","Pen Nib","CeramicFish","Necronomicon","Bronze Scales","Cursed Key","PreservedInsect","Centennial Puzzle","Bag of Marbles","Orrery","Happy Flower"],"acts_visited":["Exordium","TheCity","TheBeyond","TheEnding"],"potions_floor_usage":[12,31,37,50,55],"damage_taken":[{"damage":0,"enemies":"Jaw Worm","floor":1,"turns":1},{"damage":0,"enemies":"Lagavulin","floor":7,"turns":1},{"damage":0,"enemies":"Gremlin Nob","floor":10,"turns":1},{"damage":0,"enemies":"Small Slimes","floor":11,"turns":1},{"damage":1,"enemies":"3 Sentries","floor":12,"turns":7},{"damage":24,"enemies":"The Guardian","floor":16,"turns":7},{"damage":4,"enemies":"Shell Parasite","floor":18,"turns":2},{"damage":3,"enemies":"Book of Stabbing","floor":23,"turns":2},{"damage":0,"enemies":"3 Byrds","floor":25,"turns":3},{"damage":0,"enemies":"Centurion and Healer","floor":29,"turns":3},{"damage":0,"enemies":"3 Cultists","floor":30,"turns":2},{"damage":0,"enemies":"Gremlin Leader","floor":31,"turns":3},{"damage":0,"enemies":"Collector","floor":33,"turns":2},{"damage":0,"enemies":"Orb Walker","floor":35,"turns":1},{"damage":0,"enemies":"3 Shapes","floor":36,"turns":1},{"damage":6,"enemies":"Sphere and 2 Shapes","floor":37,"turns":2},{"damage":0,"enemies":"Nemesis","floor":41,"turns":1},{"damage":0,"enemies":"Jaw Worm Horde","floor":42,"turns":1},{"damage":5,"enemies":"Donu and Deca","floor":50,"turns":3},{"damage":0,"enemies":"Shield and Spear","floor":54,"turns":2},{"damage":90,"enemies":"The Heart","floor":55,"turns":6}],"seed_played":"8022109208904183053","potions_obtained":[{"floor":10,"key":"DuplicationPotion"},{"floor":16,"key":"GamblersBrew"},{"floor":23,"key":"Slimebound:ThreeZeroPotion"},{"floor":31,"key":"PowerPotion"},{"floor":33,"key":"hexamod:EctoCoolerPotion"},{"floor":41,"key":"Weak Potion"},{"floor":42,"key":"Energy Potion"}],"is_trial":false,"path_per_floor":["M","?","T","T","$","R","E","R","T","E","M","E","R","$","R","B",null,"M","?","$","?","?","E","R","M","T","?","R","M","M","E","R","B",null,"M","M","M","?","$","R","E","M","T","?","R","$","R","$","R","B",null,"R","$","E","B"],"character_chosen":"THE_SILENT","items_purchased":["Apotheosis","Vajra","Blade Dance","Accuracy","PreservedInsect","Die Die Die","Blade Dance","Orrery"],"campfire_rested":1,"item_purchase_floors":[14,20,20,39,39,39,48,53],"current_hp_per_floor":[70,70,70,70,70,70,70,70,70,70,70,69,69,69,69,45,70,66,66,66,66,66,63,63,63,63,47,47,49,51,51,73,73,74,74,76,72,72,72,72,72,74,74,74,74,74,74,74,74,69,80,80,86,88,0,0],"gold":58,"neow_bonus":"THREE_ENEMY_KILL","is_daily":false,"chose_seed":false,"campfire_upgraded":7,"win_rate":0.0,"timestamp":1608270775,"path_taken":["M","?","?","?","$","R","E","R","T","E","M","E","R","$","R","BOSS","M","?","?","?","?","E","R","M","T","?","R","M","M","E","R","BOSS","M","M","M","?","$","R","E","?","T","?","R","$","R","?","R","BOSS","R","$","E","BOSS"],"items_purchased_type":["Card","Relic","Card","Card","Relic","Card","Card","Relic"],"build_version":"2020-12-13","purchased_purges":2,"victory":false,"max_hp_per_floor":[70,70,70,70,70,70,70,70,70,70,70,70,70,70,70,70,70,70,70,70,70,70,70,70,70,70,70,70,72,74,74,74,74,74,74,76,78,78,78,78,78,80,80,80,80,80,80,80,80,80,80,80,86,88,88,88],"relic_stats":{"Singing Bowl":18,"Happy Flower":[2],"counters":[21,52],"CeramicFish":108,"Pen Nib":[15],"PreservedInsect":115,"Cursed Key":1,"Dream Catcher":1,"Centennial Puzzle":[4],"Bronze Scales":[72],"Necronomicon":[1],"obtain_stats":[{"Girya":10,"NeowsBlessing":0,"Singing Bowl":22,"Happy Flower":54,"CeramicFish":26,"Oddly Smooth Stone":12,"Vajra":20,"Pen Nib":23,"PreservedInsect":39,"Cursed Key":34,"Dream Catcher":7,"Centennial Puzzle":41,"HornCleat":3,"WristBlade":17,"Ninja Scroll":9,"Bronze Scales":31,"Orrery":53,"Necronomicon":27,"Bag of Marbles":43,"Ring of the Snake":0},{"Girya":3,"NeowsBlessing":0,"Singing Bowl":7,"Happy Flower":20,"CeramicFish":9,"Oddly Smooth Stone":5,"Vajra":7,"Pen Nib":8,"PreservedInsect":16,"Cursed Key":13,"Dream Catcher":2,"Centennial Puzzle":17,"HornCleat":1,"WristBlade":6,"Ninja Scroll":2,"Bronze Scales":12,"Orrery":19,"Necronomicon":9,"Bag of Marbles":18,"Ring of the Snake":0},{"Girya":3,"NeowsBlessing":0,"Singing Bowl":20,"Happy Flower":46,"CeramicFish":25,"Oddly Smooth Stone":11,"Vajra":20,"Pen Nib":22,"PreservedInsect":39,"Cursed Key":35,"Dream Catcher":2,"Centennial Puzzle":40,"HornCleat":1,"WristBlade":18,"Ninja Scroll":2,"Bronze Scales":33,"Orrery":44,"Necronomicon":25,"Bag of Marbles":41,"Ring of the Snake":0}],"Ring of the Snake":[42]},"card_choices":[{"not_picked":["Acrobatics","Dagger Throw"],"picked":"Blade Dance","floor":1},{"not_picked":["Sucker Punch","Dagger Spray"],"picked":"Backstab","floor":7},{"not_picked":["Poisoned Stab","Riddle With Holes","Bane"],"picked":"SKIP","floor":10},{"not_picked":["Tactician","Backstab"],"picked":"Noxious Fumes","floor":11},{"not_picked":["Masterful Stab","Sucker Punch"],"picked":"Terror","floor":12},{"not_picked":["Bullet Time","A Thousand Cuts"],"picked":"Phantasmal Killer","floor":16},{"not_picked":["Prepared","Deflect"],"picked":"Cloak And Dagger+1","floor":18},{"not_picked":["Dagger Throw","Quick Slash"],"picked":"Blade Dance","floor":23},{"not_picked":["Catalyst","Underhanded Strike+1"],"picked":"Adrenaline","floor":25},{"not_picked":["Prepared","Bouncing Flask","Setup"],"picked":"Singing Bowl","floor":29},{"not_picked":["Calculated Gamble+1","Outmaneuver","Quick Slash"],"picked":"Singing Bowl","floor":30},{"not_picked":["Dodge and Roll+1","Flying Knee"],"picked":"Cloak And Dagger","floor":31},{"not_picked":["Prepared","Bane"],"picked":"Terror+1","floor":32},{"not_picked":["Night Terror","Wraith Form v2"],"picked":"Burst","floor":33},{"not_picked":["Backflip","Tactician+1"],"picked":"Blur","floor":35},{"not_picked":["Bane+1","Endless Agony+1","Dodge and Roll"],"picked":"Singing Bowl","floor":36},{"not_picked":["Dagger Throw+1","Catalyst","Underhanded Strike"],"picked":"Singing Bowl","floor":37},{"not_picked":["Phantasmal Killer","Deadly Poison"],"picked":"After Image","floor":41},{"not_picked":["Acrobatics+1","Bane","Predator"],"picked":"Singing Bowl","floor":42},{"not_picked":["Dagger Spray+1","Outmaneuver+1"],"picked":"Blade Dance+1","floor":53},{"not_picked":["Sucker Punch","Infinite Blades+1","Catalyst"],"picked":"Singing Bowl","floor":53},{"not_picked":["Deflect+1","Poisoned Stab","Phantasmal Killer"],"picked":"Singing Bowl","floor":53},{"not_picked":["Slice","Sucker Punch"],"picked":"Dash+1","floor":53},{"not_picked":["Deadly Poison+1","Dodge and Roll","Predator"],"picked":"Singing Bowl","floor":53},{"not_picked":["Blade Dance","Endless Agony","Underhanded Strike"],"picked":"Singing Bowl","floor":54}],"player_experience":283828,"relics_obtained":[{"floor":3,"key":"HornCleat"},{"floor":7,"key":"Dream Catcher"},{"floor":9,"key":"Ninja Scroll"},{"floor":10,"key":"Girya"},{"floor":12,"key":"Oddly Smooth Stone"},{"floor":23,"key":"Pen Nib"},{"floor":26,"key":"CeramicFish"},{"floor":27,"key":"Necronomicon"},{"floor":31,"key":"Bronze Scales"},{"floor":41,"key":"Centennial Puzzle"},{"floor":43,"key":"Bag of Marbles"},{"floor":54,"key":"Happy Flower"}],"event_choices":[{"damage_healed":0,"gold_gain":0,"player_choice":"Ignored","damage_taken":0,"max_hp_gain":0,"max_hp_loss":0,"event_name":"Golden Wing","floor":2,"gold_loss":0},{"damage_healed":0,"gold_gain":275,"player_choice":"Desecrate","damage_taken":0,"max_hp_gain":0,"max_hp_loss":0,"event_name":"Golden Shrine","floor":19,"gold_loss":0,"cards_obtained":["Regret"]},{"damage_healed":0,"gold_gain":0,"player_choice":"Read","damage_taken":0,"max_hp_gain":0,"max_hp_loss":0,"event_name":"The Library","floor":21,"gold_loss":0,"cards_obtained":["Accuracy"]},{"damage_healed":0,"gold_gain":0,"player_choice":"Obtained Relic","damage_taken":0,"relics_obtained":["Singing Bowl"],"max_hp_gain":0,"max_hp_loss":0,"event_name":"Addict","floor":22,"gold_loss":85},{"damage_healed":0,"gold_gain":0,"player_choice":"Obtained Book","damage_taken":16,"max_hp_gain":0,"max_hp_loss":0,"event_name":"Cursed Tome","floor":27,"gold_loss":0},{"damage_healed":0,"gold_gain":0,"player_choice":"Ignored","damage_taken":0,"max_hp_gain":0,"max_hp_loss":0,"event_name":"SecretPortal","floor":38,"gold_loss":0},{"damage_healed":0,"gold_gain":0,"player_choice":"Ignored","damage_taken":0,"max_hp_gain":0,"max_hp_loss":0,"event_name":"NoteForYourself","floor":44,"gold_loss":0}],"is_beta":false,"boss_relics":[{"not_picked":["Calling Bell","Runic Pyramid"],"picked":"WristBlade"},{"not_picked":["Sozu","SacredBark"],"picked":"Cursed Key"}],"items_purged_floors":[20,48],"is_endless":false,"potions_floor_spawned":[10,16,23,31,33,36,41,42],"killed_by":"The Heart","ascension_level":1}}