{"host":"lhth1efayex2023z","time":1608327955,"event":{"mods":["BaseMod","Colored Map","Googly Eyes","Minty Spire (QoL Compilation)","StSLib"],"gold_per_floor":[109,59,59,72,147,176,2,12,62,62,88,102,102,127,127,225,225,244,254,254,273,292,319,319,319],"floor_reached":24,"playtime":1078,"items_purged":["Defend_G"],"score":378,"play_id":"e0da3a39-272f-4923-8cc8-f96115dc3649","local_time":"20201218144555","is_ascension_mode":true,"campfire_choices":[{"data":"Bouncing Flask","floor":10,"key":"SMITH"},{"data":"Footwork","floor":13,"key":"SMITH"},{"data":"After Image","floor":15,"key":"SMITH"}],"circlet_count":0,"master_deck":["Strike_G","Strike_G","Strike_G","Defend_G","Defend_G","Defend_G","Defend_G","Survivor","Neutralize","Dash","Bouncing Flask+1","Footwork+1","Bane","Noxious Fumes","Cloak And Dagger","Cloak And Dagger","Infinite Blades","After Image+1","Envenom","Prepared","Footwork+1"],"relics":["Ring of the Snake","NeowsBlessing","Bronze Scales","Tiny Chest","Happy Flower","Eternal Feather","Philosopher\u0027s Stone","Orichalcum"],"acts_visited":["Exordium","TheCity"],"potions_floor_usage":[18,21,23,23,24],"damage_taken":[{"damage":0.0,"enemies":"Jaw Worm","floor":1.0,"turns":1.0},{"damage":0.0,"enemies":"2 Louse","floor":4.0,"turns":1.0},{"damage":0,"enemies":"Lagavulin","floor":6,"turns":1},{"damage":0,"enemies":"Cultist","floor":8,"turns":3},{"damage":8,"enemies":"Gremlin Nob","floor":11,"turns":4},{"damage":5,"enemies":"Blue Slaver","floor":12,"turns":3},{"damage":1,"enemies":"Lagavulin","floor":14,"turns":5},{"damage":17,"enemies":"Hexaghost","floor":16,"turns":8},{"damage":10,"enemies":"3 Byrds","floor":18,"turns":6},{"damage":19,"enemies":"Chosen","floor":19,"turns":5},{"damage":3,"enemies":"Centurion and Healer","floor":21,"turns":5},{"damage":3,"enemies":"Shelled Parasite and Fungi","floor":22,"turns":6},{"damage":12,"enemies":"Slavers","floor":23,"turns":5},{"damage":21,"enemies":"Cultist and Chosen","floor":24,"turns":4}],"seed_played":"-2644732416786553472","potions_obtained":[{"floor":4.0,"key":"Energy Potion"},{"floor":6,"key":"Dexterity Potion"},{"floor":12,"key":"PowerPotion"},{"floor":18,"key":"DuplicationPotion"},{"floor":23,"key":"Block Potion"}],"is_trial":false,"path_per_floor":["M","?","?","M","?","E","$","M","T","R","E","M","R","E","R","B",null,"M","M","?","M","M","E","M"],"character_chosen":"THE_SILENT","items_purchased":["Bane","Noxious Fumes"],"campfire_rested":0,"item_purchase_floors":[7,7],"current_hp_per_floor":[63,63,63,63,56,56,56,56,56,56,48,43,43,42,51,34,61,51,32,32,29,26,14,0,0],"gold":319,"neow_bonus":"THREE_ENEMY_KILL","is_daily":false,"chose_seed":false,"campfire_upgraded":3,"win_rate":0.0,"timestamp":1608327955,"path_taken":["M","?","?","M","?","E","$","?","T","R","E","M","R","E","R","BOSS","M","M","?","M","M","E","M"],"items_purchased_type":["Card","Card"],"build_version":"2020-12-13","purchased_purges":1,"victory":false,"max_hp_per_floor":[70,70,70,70,70,70,70,70,70,70,70,70,70,70,70,70,70,70,70,70,70,70,70,70,70],"card_choices":[{"not_picked":["Flying Knee","Bane"],"picked":"Dash","floor":1.0},{"not_picked":["Outmaneuver","Dagger Spray"],"picked":"Bouncing Flask","floor":4.0},{"not_picked":["Backflip","Riddle With Holes"],"picked":"Footwork","floor":6},{"not_picked":["Flying Knee","Dagger Spray"],"picked":"Cloak And Dagger","floor":8},{"not_picked":["Predator","Slice"],"picked":"Cloak And Dagger","floor":11},{"not_picked":["Prepared","Bane"],"picked":"Infinite Blades","floor":12},{"not_picked":["Deadly Poison","Sucker Punch"],"picked":"After Image","floor":14},{"not_picked":["Unload","Malaise"],"picked":"Envenom","floor":16},{"not_picked":["Heel Hook","Backflip"],"picked":"Prepared","floor":18},{"not_picked":["Crippling Poison","Flechettes","Deadly Poison"],"picked":"SKIP","floor":19},{"not_picked":["Dodge and Roll","Acrobatics"],"picked":"Footwork+1","floor":21},{"not_picked":["Choke","Dagger Spray","Quick Slash"],"picked":"SKIP","floor":22},{"not_picked":["Bouncing Flask","Cloak And Dagger","Dagger Throw+1"],"picked":"SKIP","floor":23}],"player_experience":364498,"relics_obtained":[{"floor":6,"key":"Bronze Scales"},{"floor":9,"key":"Tiny Chest"},{"floor":11,"key":"Happy Flower"},{"floor":14,"key":"Eternal Feather"},{"floor":23,"key":"Orichalcum"}],"event_choices":[{"cards_removed":["Strike_G"],"damage_healed":0.0,"max_hp_gain":0.0,"max_hp_loss":0.0,"gold_gain":0.0,"event_name":"The Cleric","player_choice":"Card Removal","floor":2.0,"gold_loss":50.0,"damage_taken":0.0},{"cards_removed":["Strike_G"],"damage_healed":0.0,"max_hp_gain":0.0,"max_hp_loss":0.0,"gold_gain":0.0,"event_name":"Living Wall","player_choice":"Forget","floor":3.0,"gold_loss":0.0,"damage_taken":0.0},{"damage_healed":0,"gold_gain":75,"player_choice":"Touch","damage_taken":7,"max_hp_gain":0,"max_hp_loss":0,"event_name":"FaceTrader","floor":5,"gold_loss":0},{"damage_healed":0,"gold_gain":0,"player_choice":"Ignored","damage_taken":0,"max_hp_gain":0,"max_hp_loss":0,"event_name":"Vampires","floor":20,"gold_loss":0}],"is_beta":false,"boss_relics":[{"not_picked":["SlaversCollar","Velvet Choker"],"picked":"Philosopher\u0027s Stone"}],"items_purged_floors":[7],"is_endless":false,"potions_floor_spawned":[4,6,12,14,18,23],"killed_by":"Cultist and Chosen","ascension_level":9}}