{"host":"i09pxcjttd31eh4q","time":1608306909,"event":{"mods":["AchievementEnabler","BaseMod","Colored Map","Keyboard Shortcuts","Minty Spire (QoL Compilation)","StSLib","SuperFastMode"],"gold_per_floor":[12,12,31,48,11,11,11,24,100,100,1,11,11,11],"floor_reached":13,"playtime":220,"items_purged":["Strike_B"],"score":150,"play_id":"47422bb8-5608-4ff9-ac80-802d87465a52","local_time":"20201219005509","is_ascension_mode":true,"campfire_choices":[{"data":"Chaos","floor":6,"key":"SMITH"},{"data":"Barrage","floor":10,"key":"SMITH"}],"circlet_count":0,"master_deck":["AscendersBane","Strike_B","Strike_B","Defend_B","Defend_B","Defend_B","Zap","Dualcast","Creative AI","Loop","Barrage+1","Chaos+1","Capacitor","Sweeping Beam","Coolheaded","BootSequence"],"relics":["Cracked Core","Potion Belt","Letter Opener"],"acts_visited":["Exordium"],"potions_floor_usage":[13,13],"damage_taken":[{"damage":22.0,"enemies":"Cultist","floor":1.0,"turns":5.0},{"damage":10.0,"enemies":"2 Louse","floor":3.0,"turns":3.0},{"damage":9.0,"enemies":"Jaw Worm","floor":4.0,"turns":3.0},{"damage":14,"enemies":"2 Fungi Beasts","floor":8,"turns":4},{"damage":19,"enemies":"Blue Slaver","floor":12,"turns":3},{"damage":63,"enemies":"Gremlin Nob","floor":13,"turns":6}],"seed_played":"8577964339039823718","potions_obtained":[{"floor":1.0,"key":"DistilledChaos"},{"floor":4.0,"key":"FocusPotion"},{"floor":8,"key":"Weak Potion"}],"is_trial":false,"path_per_floor":["M","?","M","M","$","R","?","M","T","R","$","M","E"],"character_chosen":"DEFECT","items_purchased":["Capacitor","Coolheaded"],"campfire_rested":0,"item_purchase_floors":[5,11],"current_hp_per_floor":[42,81,71,62,62,62,62,48,48,48,48,29,0,0],"gold":11,"neow_bonus":"TRANSFORM_TWO_CARDS","is_daily":false,"chose_seed":false,"campfire_upgraded":2,"win_rate":0.0,"timestamp":1608306909,"path_taken":["M","?","?","M","?","R","?","M","T","R","$","M","E"],"items_purchased_type":["Card","Card"],"build_version":"2020-12-13","purchased_purges":1,"victory":false,"max_hp_per_floor":[71,81,81,81,81,81,81,81,81,81,81,81,81,81],"card_choices":[{"not_picked":["Turbo","Rebound"],"picked":"Loop","floor":1.0},{"not_picked":["Stack","Hologram"],"picked":"Barrage","floor":3.0},{"not_picked":["Stack","Streamline"],"picked":"Chaos","floor":4.0},{"not_picked":["Steam Power","Hologram"],"picked":"Sweeping Beam","floor":8},{"not_picked":["Leap","Redo"],"picked":"BootSequence","floor":12}],"player_experience":746780,"relics_obtained":[{"floor":9,"key":"Letter Opener"}],"event_choices":[{"cards_removed":["Thunder Strike"],"damage_healed":29.0,"max_hp_gain":10.0,"max_hp_loss":0.0,"gold_gain":0.0,"event_name":"Bonfire Elementals","player_choice":"Offered Rare","floor":2.0,"gold_loss":0.0,"damage_taken":0.0},{"damage_healed":0,"gold_gain":0,"player_choice":"Gave Potion","damage_taken":0,"relics_obtained":["Potion Belt"],"max_hp_gain":0,"max_hp_loss":0,"event_name":"WeMeetAgain","floor":7,"gold_loss":0}],"is_beta":false,"boss_relics":[],"items_purged_floors":[11],"is_endless":false,"potions_floor_spawned":[1,4,8],"killed_by":"Gremlin Nob","ascension_level":20}}