{"host":"mal0jdk4f6ubgyb8","time":1608285496,"event":{"mods":["BaseMod","KinomotoSakuraMod(木之本樱)","Koishi","LagranYue(拉格朗・月)","Luminous","Marisa（F雨　魔理沙）","Minty Spire (QoL Compilation)","Quick Restart","Reimu（博丽灵梦）","Relic Stats","Remilia（蕾米莉亚）","StSLib","The Animator","The Senshi","TheWitcher","WarShipGirlsR/战舰少女R mod","Youmu（魂魄妖梦）","Yuri Mod","Yuyuko","【东方二次创作】八云紫mod"],"gold_per_floor":[116,291,291,144,173,215,249,249,249,249,303,315,383,420,432,570,582,608,620,652,704,716,728,740,740],"floor_reached":24,"playtime":1109,"items_purged":["Poor:ReiMu"],"score":276,"play_id":"16f92f27-5bea-47b4-8bd0-56b6772d7f61","local_time":"20201218175816","is_ascension_mode":true,"campfire_choices":[{"data":"SprinkleStarSeal","floor":8.0,"key":"SMITH"},{"floor":15.0,"key":"RECALL"},{"floor":23,"key":"REST"}],"circlet_count":0,"master_deck":["Strike_MRS","Strike_MRS","Strike_MRS","Defend_MRS","Defend_MRS","Defend_MRS","Defend_MRS","MasterSpark","UpSweep","ShootingEcho","PowerUp","WitchOfGreed","ShootTheMoon","SprinkleStarSeal+1","GrandCross+1","EscapeVelocity+1","ManaRampage","StarBarrage+1","TreasureHunter+1","MysteriousBeam+1","ShootingEcho+1","MysteriousBeam+1","MachineGunSpark+1"],"relics":["MiniHakkero","LagranYue:RandomDrawCardRelic","YidongShenshe:ReiMu","Molten Egg 2","Frozen Egg 2","Golden Idol","MawBank","Spirit Poop","Omamori","RedLine:ReiMu","Necronomicon"],"acts_visited":["Exordium","TheCity"],"potions_floor_usage":[],"damage_taken":[{"damage":1.0,"enemies":"2 Louse","floor":1.0,"turns":2.0},{"damage":1.0,"enemies":"Jaw Worm","floor":5.0,"turns":3.0},{"damage":30.0,"enemies":"3 Sentries","floor":6.0,"turns":8.0},{"damage":0.0,"enemies":"Small Slimes","floor":7.0,"turns":4.0},{"damage":8.0,"enemies":"Lagavulin","floor":11.0,"turns":5.0},{"damage":5.0,"enemies":"Gremlin Nob","floor":13.0,"turns":4.0},{"damage":0.0,"enemies":"Gremlin Gang","floor":14.0,"turns":1.0},{"damage":0.0,"enemies":"Slime Boss","floor":16.0,"turns":3.0},{"damage":4.0,"enemies":"Spheric Guardian","floor":18.0,"turns":3.0},{"damage":24.0,"enemies":"2 Thieves","floor":20.0,"turns":3.0},{"damage":20,"enemies":"Snake Plant","floor":21,"turns":3},{"damage":29,"enemies":"Gremlin Leader","floor":24,"turns":5}],"seed_played":"-4566250986753488878","potions_obtained":[{"floor":5.0,"key":"GamblersBrew"},{"floor":5.0,"key":"LiquidBronze"},{"floor":6.0,"key":"Regen Potion"},{"floor":7.0,"key":"BlessingOfTheForge"},{"floor":11.0,"key":"SkillPotion"},{"floor":16.0,"key":"FearPotion"},{"floor":20.0,"key":"Weak Potion"},{"floor":21,"key":"LiquidMemories"}],"is_trial":false,"path_per_floor":["M","?","?","$","M","E","M","R","T","?","E","?","E","M","R","B",null,"M","?","M","M","?","R","E"],"character_chosen":"MARISA","items_purchased":["PowerUp","WitchOfGreed"],"campfire_rested":1,"item_purchase_floors":[4,4],"current_hp_per_floor":[74,74,74,74,73,43,43,43,43,25,31,31,26,26,26,26,75,71,71,47,27,11,33,4,4],"gold":740,"neow_bonus":"REMOVE_CARD","is_daily":false,"chose_seed":false,"campfire_upgraded":1,"win_rate":0.0,"timestamp":1608285496,"path_taken":["M","?","?","?","?","E","M","R","T","?","E","?","E","?","R","BOSS","M","?","M","M","?","R","E"],"items_purchased_type":["Card","Card"],"build_version":"2020-12-13","purchased_purges":1,"victory":false,"max_hp_per_floor":[75,75,75,75,75,75,75,75,75,75,75,75,75,75,75,75,75,75,75,75,75,75,75,75,75],"relic_stats":{"counters":[12,44],"Golden Idol":83,"Necronomicon":[2],"MawBank":156,"obtain_stats":[{"LagranYue:RandomDrawCardRelic":0,"Golden Idol":10,"Spirit Poop":12,"Molten Egg 2":6,"YidongShenshe:ReiMu":3,"Omamori":13,"Necronomicon":22,"MiniHakkero":0,"Frozen Egg 2":9,"MawBank":11,"RedLine:ReiMu":17},{"LagranYue:RandomDrawCardRelic":0,"Golden Idol":4,"Spirit Poop":5,"Molten Egg 2":3,"YidongShenshe:ReiMu":1,"Omamori":6,"Necronomicon":11,"MiniHakkero":0,"Frozen Egg 2":4,"MawBank":5,"RedLine:ReiMu":8},{"LagranYue:RandomDrawCardRelic":0,"Golden Idol":17,"Spirit Poop":22,"Molten Egg 2":13,"YidongShenshe:ReiMu":2,"Omamori":26,"Necronomicon":39,"MiniHakkero":0,"Frozen Egg 2":17,"MawBank":22,"RedLine:ReiMu":30}]},"card_choices":[{"not_picked":["OneTimeOff","LuminesStrike"],"picked":"ShootingEcho","floor":1.0},{"not_picked":["NonDirectionalLaser","LuminesStrike"],"picked":"ShootTheMoon","floor":5.0},{"not_picked":["MysteriousBeam+1","LuminesStrike+1"],"picked":"SprinkleStarSeal","floor":6.0},{"not_picked":["6A+1","PowerUp"],"picked":"GrandCross+1","floor":7.0},{"not_picked":["MysteriousBeam+1","GrandCross+1"],"picked":"EscapeVelocity+1","floor":11.0},{"not_picked":["GalacticHalo","MachineGunSpark+1"],"picked":"ManaRampage","floor":13.0},{"not_picked":["WitchLeyline+1","OneTimeOff"],"picked":"StarBarrage+1","floor":14.0},{"not_picked":["SatelliteIllusion+1","CollectingQuirk+1"],"picked":"TreasureHunter+1","floor":16.0},{"not_picked":["SprinkleStarSeal+1","RefractionSpark+1"],"picked":"MysteriousBeam+1","floor":18.0},{"not_picked":["DarkMatter+1","NonDirectionalLaser+1"],"picked":"MysteriousBeam+1","floor":20.0},{"not_picked":["WitchOfGreed+1","WitchLeyline+1"],"picked":"MachineGunSpark+1","floor":21}],"player_experience":224104,"relics_obtained":[{"floor":6.0,"key":"Molten Egg 2"},{"floor":9.0,"key":"Frozen Egg 2"},{"floor":11.0,"key":"MawBank"},{"floor":13.0,"key":"Omamori"},{"floor":22,"key":"Necronomicon"}],"event_choices":[{"damage_healed":0.0,"max_hp_gain":0.0,"max_hp_loss":0.0,"gold_gain":175.0,"event_name":"Liars Game","player_choice":"AGREE","floor":2.0,"gold_loss":0.0,"damage_taken":0.0,"cards_obtained":["Doubt"]},{"damage_healed":0.0,"max_hp_gain":0.0,"max_hp_loss":0.0,"gold_gain":0.0,"event_name":"yidonshenshe","player_choice":"带走神社","floor":3.0,"gold_loss":0.0,"damage_taken":0.0,"relics_obtained":["YidongShenshe:ReiMu"],"cards_obtained":["Poor:ReiMu"]},{"damage_healed":0.0,"max_hp_gain":0.0,"max_hp_loss":0.0,"gold_gain":0.0,"event_name":"Golden Idol","player_choice":"Take Damage","floor":10.0,"gold_loss":0.0,"damage_taken":18.0,"relics_obtained":["Golden Idol"]},{"cards_removed":["Doubt"],"damage_healed":0.0,"max_hp_gain":0.0,"max_hp_loss":0.0,"gold_gain":0.0,"event_name":"Bonfire Elementals","player_choice":"Offered Curse","floor":12.0,"gold_loss":0.0,"damage_taken":0.0,"relics_obtained":["Spirit Poop"]},{"damage_healed":0.0,"max_hp_gain":0.0,"max_hp_loss":0.0,"gold_gain":0.0,"event_name":"The Library","player_choice":"Read","floor":19.0,"gold_loss":0.0,"damage_taken":0.0,"cards_obtained":["ShootingEcho"]},{"damage_healed":0,"gold_gain":0,"player_choice":"Obtained Book","damage_taken":16,"max_hp_gain":0,"max_hp_loss":0,"event_name":"Cursed Tome","floor":22,"gold_loss":0}],"is_beta":false,"boss_relics":[{"not_picked":["Pandora\u0027s Box","Snecko Eye"],"picked":"RedLine:ReiMu"}],"items_purged_floors":[4],"is_endless":false,"potions_floor_spawned":[5,7,16,20,21],"killed_by":"Gremlin Leader","ascension_level":1}}