{"host":"Tuck","time":1608332396,"event":{"mods":["BaseMod","Minty Spire (QoL Compilation)","StSLib"],"gold_per_floor":[115,125,125,137,151,176,176,207,207,234,234,87,87,113,113,216,216,784,784,121,135,516,541,570,570,620,620,654,666,526,536,536,635,635,650,655,672,683,703,738,738,764,764,335,335,355,389,442,442,442,442,442,191,218,218],"floor_reached":56,"playtime":4282,"items_purged":["Strike_R","Strike_R+1","Parasite"],"score":1877,"play_id":"9371ce55-80c2-4397-9bc7-b7702bd23271","local_time":"20201218155956","is_ascension_mode":true,"campfire_choices":[{"data":"Burning Pact","floor":7.0,"key":"SMITH"},{"data":"Feed","floor":11.0,"key":"SMITH"},{"data":"Fire Breathing","floor":13.0,"key":"SMITH"},{"data":"Dark Embrace","floor":15.0,"key":"SMITH"},{"data":"Feed","floor":25.0,"key":"SMITH"},{"data":"Demon Form","floor":27.0,"key":"SMITH"},{"data":"True Grit","floor":32.0,"key":"SMITH"},{"data":"Adrenaline","floor":41,"key":"SMITH"},{"data":"Shockwave","floor":45,"key":"SMITH"},{"floor":49,"key":"RECALL"},{"data":"Juggernaut","floor":52,"key":"SMITH"}],"circlet_count":0,"master_deck":["Defend_R","Defend_R","Defend_R","Defend_R","Bash","Spot Weakness","Clothesline","Burning Pact+1","Flame Barrier","Sword Boomerang","Feed+1","Flame Barrier","Battle Trance","Fire Breathing+1","Warcry","Demon Form+1","Evolve","Feel No Pain+1","Dark Embrace+1","Feel No Pain","Feed+1","Shrug It Off","Barricade+1","Shrug It Off","Sentinel+1","Uppercut","True Grit+1","Offering","Entrench+1","Impervious","Shockwave+1","Adrenaline+1","Juggernaut+1","Study+1","Reaper","Backflip","Cold Snap","Adrenaline","Turbo+1"],"relics":["Cursed Key","WingedGreaves","Smiling Mask","The Courier","FossilizedHelix","OrangePellets","Whetstone","Blood Vial","Odd Mushroom","SacredBark","Potion Belt","Pear","Bag of Preparation","Calipers","Medical Kit","Question Card","Happy Flower","Vajra","MawBank","Snecko Eye","PrismaticShard","Bottled Lightning","Anchor","Oddly Smooth Stone","Bronze Scales","Paper Frog","Mercury Hourglass","Incense Burner","Thread and Needle","HornCleat","Pocketwatch","Orrery","Red Skull"],"acts_visited":["Exordium","TheCity","TheBeyond","TheEnding"],"potions_floor_usage":[55,55,55,55,55,55,55,55,55],"damage_taken":[{"damage":0.0,"enemies":"2 Louse","floor":1.0,"turns":2.0},{"damage":0.0,"enemies":"Small Slimes","floor":2.0,"turns":2.0},{"damage":0.0,"enemies":"Cultist","floor":4.0,"turns":3.0},{"damage":11.0,"enemies":"Large Slime","floor":5.0,"turns":5.0},{"damage":14.0,"enemies":"3 Sentries","floor":6.0,"turns":9.0},{"damage":8.0,"enemies":"Gremlin Nob","floor":8.0,"turns":4.0},{"damage":21.0,"enemies":"3 Sentries","floor":10.0,"turns":6.0},{"damage":3.0,"enemies":"The Mushroom Lair","floor":14.0,"turns":5.0},{"damage":0.0,"enemies":"Slime Boss","floor":16.0,"turns":7.0},{"damage":1.0,"enemies":"Spheric Guardian","floor":18.0,"turns":5.0},{"damage":0.0,"enemies":"2 Thieves","floor":21.0,"turns":2.0},{"damage":5.0,"enemies":"Book of Stabbing","floor":23.0,"turns":6.0},{"damage":0.0,"enemies":"Gremlin Leader","floor":24.0,"turns":8.0},{"damage":0.0,"enemies":"Slavers","floor":28.0,"turns":3.0},{"damage":11.0,"enemies":"Snake Plant","floor":31.0,"turns":5.0},{"damage":0.0,"enemies":"Automaton","floor":33.0,"turns":12.0},{"damage":0,"enemies":"Orb Walker","floor":35,"turns":4},{"damage":0,"enemies":"3 Darklings","floor":37,"turns":7},{"damage":0,"enemies":"Jaw Worm Horde","floor":38,"turns":4},{"damage":0,"enemies":"4 Shapes","floor":39,"turns":4},{"damage":0,"enemies":"Giant Head","floor":40,"turns":11},{"damage":0,"enemies":"Nemesis","floor":42,"turns":5},{"damage":0,"enemies":"Transient","floor":46,"turns":5},{"damage":0,"enemies":"Giant Head","floor":47,"turns":7},{"damage":0,"enemies":"2 Orb Walkers","floor":48,"turns":4},{"damage":0,"enemies":"Time Eater","floor":50,"turns":6},{"damage":0,"enemies":"Shield and Spear","floor":54,"turns":4},{"damage":0,"enemies":"The Heart","floor":55,"turns":6}],"seed_played":"7246998930804149089","potions_obtained":[{"floor":1.0,"key":"DuplicationPotion"},{"floor":4.0,"key":"EntropicBrew"},{"floor":16.0,"key":"DuplicationPotion"},{"floor":21.0,"key":"EssenceOfSteel"},{"floor":23.0,"key":"SpeedPotion"}],"is_trial":false,"path_per_floor":["M","M","?","M","M","E","R","E","T","E","R","$","R","?","R","B",null,"M","?","$","M","$","E","E","R","T","R","E","?","$","M","R","B",null,"M","$","M","M","M","E","R","E","T","$","R","M","E","?","R","B",null,"R","$","E","B",null],"character_chosen":"IRONCLAD","items_purchased":["OrangePellets","Battle Trance","Fire Breathing","Dark Embrace","Whetstone","Blood Vial","Dark Embrace","Pear","Bag of Preparation","Calipers","Medical Kit","Feed","Shrug It Off","True Grit","Offering","PrismaticShard","Bottled Lightning","Anchor","Oddly Smooth Stone","Bronze Scales","Paper Frog","Juggernaut","Thread and Needle","Reaper","Orrery"],"campfire_rested":0,"item_purchase_floors":[12,12,12,12,12,12,20,20,20,20,22,22,22,30,30,36,36,36,36,36,36,44,44,53,53],"current_hp_per_floor":[80,80,80,80,69,55,55,47,47,29,29,29,29,32,32,38,91,94,94,104,109,109,108,114,114,114,114,124,124,124,118,118,124,133,137,137,141,149,157,161,161,165,165,162,162,162,166,170,170,174,174,174,174,178,178],"gold":218,"neow_bonus":"BOSS_RELIC","is_daily":false,"chose_seed":false,"campfire_upgraded":10,"win_rate":0.0,"timestamp":1608332396,"path_taken":["M","M","?","M","M","E","R","E","T","E","R","$","R","?","R","BOSS","M","?","$","M","$","E","E","R","T","R","E","?","$","M","R","BOSS","M","$","M","?","M","E","R","E","T","$","R","M","E","?","R","BOSS","R","$","E","BOSS"],"items_purchased_type":["Relic","Card","Card","Card","Relic","Relic","Card","Relic","Relic","Relic","Relic","Card","Card","Card","Card","Relic","Relic","Relic","Relic","Relic","Relic","Card","Relic","Card","Relic"],"build_version":"2020-12-17","purchased_purges":3,"victory":true,"max_hp_per_floor":[80,80,80,80,80,80,80,80,80,83,83,83,83,87,87,91,91,95,95,105,109,109,113,117,117,117,117,125,125,125,129,129,133,133,137,137,141,149,157,161,161,165,165,162,162,162,166,170,170,174,174,174,174,178,178],"card_choices":[{"not_picked":["Sever Soul","Seeing Red"],"picked":"Spot Weakness","floor":1.0},{"not_picked":["Havoc","Pommel Strike"],"picked":"Clothesline","floor":2.0},{"not_picked":["Flex","Combust"],"picked":"Burning Pact","floor":4.0},{"not_picked":["Anger","Searing Blow"],"picked":"Flame Barrier","floor":5.0},{"not_picked":["Hemokinesis","Armaments"],"picked":"Sword Boomerang","floor":6.0},{"not_picked":["Bludgeon","True Grit"],"picked":"Feed","floor":8.0},{"not_picked":["Sword Boomerang","Power Through"],"picked":"Flame Barrier","floor":10.0},{"not_picked":["Wild Strike","Havoc"],"picked":"Warcry","floor":14.0},{"not_picked":["Impervious","Berserk"],"picked":"Demon Form","floor":16.0},{"not_picked":["Clothesline","Dual Wield","Sword Boomerang"],"picked":"SKIP","floor":18.0},{"not_picked":["Twin Strike","Flex+1"],"picked":"Feel No Pain","floor":21.0},{"not_picked":["Pummel","Headbutt"],"picked":"Shrug It Off","floor":23.0},{"not_picked":["Warcry","Perfected Strike","Armaments+1"],"picked":"Sentinel+1","floor":24.0},{"not_picked":["Clothesline","Carnage+1","Thunderclap"],"picked":"Uppercut","floor":28.0},{"not_picked":["True Grit","Warcry","Heavy Blade"],"picked":"Entrench+1","floor":31.0},{"not_picked":["Exhume","Double Tap","Feed"],"picked":"Impervious","floor":33.0},{"not_picked":["Twin Strike+1","Clothesline","Intimidate","Uppercut"],"picked":"SKIP","floor":35},{"not_picked":["FollowUp","Perfected Strike+1","Hologram+1"],"picked":"Shockwave","floor":37},{"not_picked":["Heatsinks+1","Iron Wave","ThirdEye+1"],"picked":"Adrenaline","floor":38},{"not_picked":["Wild Strike","Dagger Throw","Thunderclap+1","CrushJoints"],"picked":"SKIP","floor":39},{"not_picked":["Sucker Punch","Shrug It Off+1","Leap","Mind Blast"],"picked":"SKIP","floor":40},{"not_picked":["Intimidate","Cloak And Dagger","Deadly Poison","Beam Cell+1"],"picked":"SKIP","floor":42},{"not_picked":["Flame Barrier+1","Dagger Throw","Wild Strike+1","Perseverance+1"],"picked":"SKIP","floor":46},{"not_picked":["SignatureMove+1","Scrape+1","PiercingWail+1"],"picked":"Study+1","floor":47},{"not_picked":["Rampage+1","Conserve Battery","Go for the Eyes"],"picked":"Backflip","floor":53},{"not_picked":["Hologram","Rip and Tear","Consecrate"],"picked":"Cold Snap","floor":53},{"not_picked":["Rage","Streamline","Body Slam"],"picked":"Adrenaline","floor":53},{"not_picked":["BattleHymn+1","FlyingSleeves+1","JustLucky+1"],"picked":"Turbo+1","floor":54}],"player_experience":2204046,"relics_obtained":[{"floor":6.0,"key":"WingedGreaves"},{"floor":8.0,"key":"Smiling Mask"},{"floor":9.0,"key":"The Courier"},{"floor":10.0,"key":"FossilizedHelix"},{"floor":14.0,"key":"Odd Mushroom"},{"floor":23.0,"key":"Question Card"},{"floor":24.0,"key":"Happy Flower"},{"floor":26.0,"key":"Vajra"},{"floor":28.0,"key":"MawBank"},{"floor":40,"key":"Mercury Hourglass"},{"floor":42,"key":"Incense Burner"},{"floor":47,"key":"HornCleat"},{"floor":48,"key":"Pocketwatch"},{"floor":54,"key":"Red Skull"}],"event_choices":[{"cards_removed":["Strike_R"],"damage_healed":0.0,"max_hp_gain":0.0,"max_hp_loss":0.0,"gold_gain":0.0,"event_name":"Living Wall","player_choice":"Forget","floor":3.0,"gold_loss":0.0,"damage_taken":0.0},{"damage_healed":0.0,"max_hp_gain":0.0,"max_hp_loss":0.0,"gold_gain":0.0,"event_name":"Mushrooms","player_choice":"Fought Mushrooms","floor":14.0,"gold_loss":0.0,"damage_taken":0.0},{"damage_healed":0.0,"max_hp_gain":0.0,"max_hp_loss":0.0,"gold_gain":0.0,"cards_transformed":["Strike_R","Strike_R"],"event_name":"Drug Dealer","player_choice":"Became Test Subject","floor":19.0,"gold_loss":0.0,"damage_taken":0.0,"cards_obtained":["Evolve","Corruption"]},{"cards_removed":["Decay","Decay"],"damage_healed":0.0,"max_hp_gain":0.0,"max_hp_loss":0.0,"gold_gain":0.0,"event_name":"Fountain of Cleansing","player_choice":"Removed Curses","floor":29.0,"gold_loss":0.0,"damage_taken":0.0},{"damage_healed":0,"gold_gain":0,"player_choice":"Fight","damage_taken":0,"max_hp_gain":0,"max_hp_loss":0,"event_name":"Mysterious Sphere","floor":48,"gold_loss":0}],"is_beta":true,"boss_relics":[{"not_picked":["Runic Cube","Philosopher\u0027s Stone"],"picked":"SacredBark"},{"not_picked":["SlaversCollar","Black Star"],"picked":"Snecko Eye"}],"items_purged_floors":[12,20,44],"is_endless":false,"potions_floor_spawned":[1,4,6,8,16,21,23,31,38,46,47,48],"ascension_level":1}}