{"host":"m6aaltr68g9tvoay","time":1608251125,"event":{"mods":["AchievementEnabler","BaseMod","Colored Map","Minty Spire (QoL Compilation)","StSLib"],"gold_per_floor":[112,132,78,97,97,97,131,155,155,169,169,169,47,65,65,156,156,176,11,11,11,0,0],"floor_reached":22,"playtime":793,"items_purged":[],"score":359,"play_id":"9e63bfc4-21cf-4811-aadc-9292b09a2216","local_time":"20201217162525","is_ascension_mode":true,"campfire_choices":[{"data":"Dagger Spray","floor":6.0,"key":"SMITH"},{"floor":12.0,"key":"REST"},{"floor":15.0,"key":"REST"}],"circlet_count":0,"master_deck":["AscendersBane","Strike_G","Strike_G","Strike_G","Strike_G","Strike_G","Defend_G","Defend_G","Defend_G","Defend_G","Defend_G","Survivor","Neutralize","Riddle With Holes","Dagger Spray+1","Cloak And Dagger","Quick Slash","Injury","Noxious Fumes","Envenom","Blur","Catalyst","Finisher","Bouncing Flask","Bullet Time","Writhe"],"relics":["Ring of the Serpent","Golden Idol","Ancient Tea Set","Potion Belt","PrismaticShard","Frozen Egg 2"],"acts_visited":["Exordium","TheCity"],"potions_floor_usage":[],"damage_taken":[{"damage":0.0,"enemies":"Jaw Worm","floor":1.0,"turns":7.0},{"damage":0.0,"enemies":"2 Louse","floor":2.0,"turns":4.0},{"damage":0.0,"enemies":"Cultist","floor":4.0,"turns":5.0},{"damage":21.0,"enemies":"3 Sentries","floor":7.0,"turns":8.0},{"damage":5.0,"enemies":"Blue Slaver","floor":8.0,"turns":5.0},{"damage":34.0,"enemies":"Exordium Thugs","floor":10.0,"turns":6.0},{"damage":0.0,"enemies":"3 Louse","floor":14.0,"turns":3.0},{"damage":35.0,"enemies":"The Guardian","floor":16.0,"turns":10.0},{"damage":35.0,"enemies":"Spheric Guardian","floor":18.0,"turns":6.0},{"damage":34,"enemies":"2 Thieves","floor":22,"turns":2}],"seed_played":"-6538872249876500245","potions_obtained":[{"floor":1.0,"key":"SkillPotion"},{"floor":8.0,"key":"EssenceOfSteel"},{"floor":14.0,"key":"Block Potion"}],"is_trial":false,"path_per_floor":["M","M","$","M","?","R","E","M","T","M","?","R","$","M","R","B",null,"M","$","?","?","M"],"character_chosen":"THE_SILENT","items_purchased":["Cloak And Dagger","Catalyst","Finisher","PrismaticShard"],"campfire_rested":2,"item_purchase_floors":[3,13,13,19],"current_hp_per_floor":[65,65,65,65,65,65,44,39,39,5,29,50,50,50,71,36,63,28,28,28,28,0,0],"gold":0,"neow_bonus":"TEN_PERCENT_HP_BONUS","is_daily":false,"chose_seed":false,"campfire_upgraded":1,"win_rate":0.0,"timestamp":1608251125,"path_taken":["M","M","$","M","?","R","E","M","T","M","?","R","$","M","R","BOSS","M","$","?","?","?"],"items_purchased_type":["Card","Card","Card","Relic"],"build_version":"2020-12-13","purchased_purges":0,"victory":false,"max_hp_per_floor":[72,72,72,72,72,72,72,72,72,72,72,72,72,72,72,72,72,72,72,72,72,72,72],"card_choices":[{"not_picked":["Quick Slash","Outmaneuver"],"picked":"Riddle With Holes","floor":1.0},{"not_picked":["Dagger Throw","Endless Agony"],"picked":"Dagger Spray","floor":2.0},{"not_picked":["Deflect","Well Laid Plans"],"picked":"Quick Slash","floor":4.0},{"not_picked":["Leg Sweep","Acrobatics"],"picked":"Noxious Fumes","floor":7.0},{"not_picked":["Tactician","Poisoned Stab"],"picked":"Envenom","floor":8.0},{"not_picked":["Acrobatics","Cloak And Dagger"],"picked":"Blur","floor":10.0},{"not_picked":["Skewer","Cloak And Dagger"],"picked":"Bouncing Flask","floor":14.0},{"not_picked":["After Image","Tools of the Trade"],"picked":"Bullet Time","floor":16.0},{"not_picked":["Infinite Blades","Backflip","Sucker Punch+1"],"picked":"SKIP","floor":18.0}],"player_experience":1252169,"relics_obtained":[{"floor":7.0,"key":"Ancient Tea Set"},{"floor":9.0,"key":"Potion Belt"}],"event_choices":[{"damage_healed":0.0,"max_hp_gain":0.0,"max_hp_loss":0.0,"gold_gain":0.0,"event_name":"Golden Idol","player_choice":"Take Wound","floor":5.0,"gold_loss":0.0,"damage_taken":0.0,"relics_obtained":["Golden Idol"],"cards_obtained":["Injury"]},{"damage_healed":24.0,"max_hp_gain":0.0,"max_hp_loss":0.0,"gold_gain":0.0,"event_name":"Big Fish","player_choice":"Banana","floor":11.0,"gold_loss":0.0,"damage_taken":0.0},{"damage_healed":0.0,"max_hp_gain":0.0,"max_hp_loss":0.0,"gold_gain":0.0,"event_name":"The Mausoleum","player_choice":"Opened","floor":20.0,"gold_loss":0.0,"damage_taken":0.0,"relics_obtained":["Frozen Egg 2"],"cards_obtained":["Writhe"]},{"damage_healed":0.0,"max_hp_gain":0.0,"max_hp_loss":0.0,"gold_gain":0.0,"event_name":"WeMeetAgain","player_choice":"Ignored","floor":21.0,"gold_loss":0.0,"damage_taken":0.0}],"is_beta":false,"boss_relics":[{"not_picked":["Ectoplasm","Velvet Choker"],"picked":"Ring of the Serpent"}],"items_purged_floors":[],"is_endless":false,"potions_floor_spawned":[1,8,14],"killed_by":"2 Thieves","ascension_level":19}}