{"host":"env6ct145928j46y","time":1608322959,"event":{"mods":["2.2 Compatiblity","BaseMod","BetterRewards","Card Forge","Challenge The Spire","Colored Powertips","Custom Start","Data Control","Downfall","Energized Spire","Hermit","Highlight Path","Ironclad Rager","Luminous","Minty Spire (QoL Compilation)","Quick Restart","Random Character Button","Replay The Spire","Shop Mod","Somnambulant","StSLib","SuperFastMode","The Bug Knight","The Hierophant","UnlockEverythingMod"],"gold_per_floor":[10017,10012,9999,9999,9999,10032,9999,10019,10024,10031,9999,10016,10027,9999,9999,10073,9999,10055,9999,10014,9999,10052,10032,9999,10034,9999,9999,9999,10024,9999,10028,9999,10072,9999,10010,10019,9999,9999,9999,10027,9999,9999,10023,10028,10072,10013,9999,9999,9999,9999,9999,9999,9999,9999],"floor_reached":55,"playtime":2095,"items_purged":[],"score":4655,"play_id":"82eb6987-96ec-4005-93a6-d11d0e462649","local_time":"20201218142239","is_ascension_mode":true,"campfire_choices":[{"floor":7,"key":"DIG"},{"floor":15,"key":"RECALL"},{"floor":32,"key":"DIG"},{"floor":51,"key":"DIG"}],"circlet_count":0,"master_deck":["AscendersBane","Strike_B+8","Strike_B+8","Strike_B+8","Strike_B+8","Defend_B+8","Defend_B+8","Defend_B+8","Defend_B+8","Zap+1","Dualcast+1","Sweeping Beam+1","Sweeping Beam+1","FIFO Queue+1","Barrage+1","Barrage+1","Storm+1","Ball Lightning+1","Conserve Battery+1","Hello World+1","Double Energy+1","Turbo+1","Static Discharge+1","Ball Lightning+1","Heatsinks+1","Chaos+1","Steam+1","BootSequence+1","Static Discharge+1","Melter+1","Loop+1","Capacitor+1","Turbo+1","Sunder+1","Sweeping Beam+1","Loop+1","Loop+1","Self Repair+1","Defragment+1","Self Repair+1","Storm+1","Heatsinks+1","Tempest+1","Tempest+1","Hello World+1","Meteor Strike+1","Thunder Strike+1","Turbo+1","Turbo+1","Decay","Seek+1","Loop+1","Amnesia","Sickly","Static Discharge+1","expansioncontent:DonusPower+1","expansioncontent:DonusPower+1","ReplayTheSpireMod:Splinters","CommonCold","Guardian:Aged","Spreading Infection","Amplify+1"],"relics":["Cracked Core","Hammer of Thor","Seething Fire","Anvil of the Gods","DataEdit_MyRelic","HollowMod:JonisBlessing","Juzu Bracelet","Singing Bowl","MerchantsRug","Emotion Chip","Lantern","Toy Ornithopter","Runic Capacitor","Incense Burner","Replay:Baseball","Chameleon Ring","Shovel","Art of War","Solar Panel","FossilizedHelix","ReplayTheSpireMod:Lightbulb","Oddly Smooth Stone","Replay:Kaleidoscope","Letter Opener","Cables","Strange Spoon","Pocketwatch","Bronze Scales","Torii","HandDrill","HollowMod:QueensCombRelic","Prayer Wheel","Bag of Marbles","MealTicket","Thread and Needle","Vajra","ClockworkSouvenir","Garlic","War Paint","Gremlin Food","Anchor","Girya","Chemical X","Calipers","Omamori","StoneCalendar","Pen Nib","Replay:Arrowhead","Sling","TungstenRod","Mummified Hand","Nunchaku","Unceasing Top","Guide Book","Kunai","StrikeDummy","Durian","Replay:Towering Pillar of Hats","Replay:Bandana","CaptainsWheel","Carrot","Mirror","Gambling Chip","Replay:Rubber Ducky","Counterbalance","Simple Rune","HollowMod:PaleOreRelic","Tiny Chest","Replay:Multitool","Whetstone","Replay:WaspNest","Mango","Sozu","Pondfish Scales","OrangePellets","PreservedInsect","Bag of Preparation","InkBottle","Gremlin Horn","Necronomicon","Replay:Mystery Machine","Replay:PocketPolymizer","Ancient Tea Set","Ring of Greed","Ring of Misfortune","Blue Doll","Replay:Wax Seal","HollowMod:LifeEnderRelic","Question Card","energizedSpire:UnstableMolecules","Bottled Lightning","Ice Cream","Akabeko","WingedGreaves","Ornamental Fan","Lizard Tail","Regal Pillow","Dead Branch","Happy Flower","Boot","Pear","Replay:Ringing Soul","Blood Vial","Bird Faced Urn","Eternal Feather"],"acts_visited":["Exordium","TheCity","TheBeyond","TheEnding"],"potions_floor_usage":[],"damage_taken":[{"damage":0,"enemies":"Jaw Worm","floor":1,"turns":2},{"damage":0,"enemies":"2 Louse","floor":2,"turns":1},{"damage":0,"enemies":"Replay:BlueRogue","floor":6,"turns":2},{"damage":0,"enemies":"Small Slimes","floor":8,"turns":1},{"damage":0,"enemies":"3 Sentries","floor":10,"turns":2},{"damage":0,"enemies":"3 Louse","floor":12,"turns":1},{"damage":0,"enemies":"Replay:BlueRogue","floor":13,"turns":1},{"damage":0,"enemies":"Fading Forest","floor":16,"turns":5},{"damage":0,"enemies":"2 Thieves","floor":18,"turns":2},{"damage":0,"enemies":"Shell Parasite","floor":20,"turns":1},{"damage":0,"enemies":"Slavers","floor":23,"turns":2},{"damage":0,"enemies":"Centurion and Healer","floor":24,"turns":1},{"damage":0,"enemies":"HollowMod:Nosk","floor":25,"turns":2},{"damage":0,"enemies":"Replay:Snechameleon","floor":29,"turns":2},{"damage":0,"enemies":"Slavers","floor":31,"turns":1},{"damage":0,"enemies":"Pondfish","floor":33,"turns":1},{"damage":0,"enemies":"3 Darklings","floor":35,"turns":1},{"damage":0,"enemies":"3 Shapes","floor":36,"turns":1},{"damage":0,"enemies":"R_Hoarder","floor":40,"turns":2},{"damage":0,"enemies":"Reptomancer","floor":44,"turns":1},{"damage":0,"enemies":"Sphere and 2 Shapes","floor":46,"turns":1},{"damage":0,"enemies":"Time Eater","floor":48,"turns":3},{"damage":0,"enemies":"Donu and Deca","floor":49,"turns":1},{"damage":0,"enemies":"Shield and Spear","floor":53,"turns":1},{"damage":0,"enemies":"The Heart","floor":54,"turns":4}],"seed_played":"8077030368923310022","potions_obtained":[{"floor":12,"key":"Adrenaline Potion"},{"floor":13,"key":"SteroidPotion"}],"is_trial":false,"path_per_floor":["M","M","$","?","$","E","R","M","T","E","?","M","E","?","R","B",null,"M","?","M","$","T","E","M","E","T","?","$","E","?","E","R","B",null,"M","M","$","T","$","E","$","$","T","E","T","M","?","B","B",null,"R","$","E","B",null],"character_chosen":"DEFECT","items_purchased":["HollowMod:JonisBlessing","Juzu Bracelet","Singing Bowl","MerchantsRug","Sweeping Beam","FIFO Queue","Barrage","Lantern","Toy Ornithopter","Runic Capacitor","Storm","Ball Lightning","Conserve Battery","Replay:Baseball","Chameleon Ring","Hello World","Double Energy","Art of War","Solar Panel","Turbo","ReplayTheSpireMod:Lightbulb","Oddly Smooth Stone","Static Discharge","Ball Lightning","Letter Opener","Cables","Strange Spoon","Heatsinks","Chaos","Bronze Scales","Torii","HandDrill","Steam","BootSequence","Bag of Marbles","MealTicket","Static Discharge","Melter","Vajra","ClockworkSouvenir","Loop","Garlic","War Paint","Gremlin Food","Anchor","Capacitor+1","Chemical X","Calipers","Omamori","Turbo","Sunder","Pen Nib","Replay:Arrowhead","Sling","Sweeping Beam","Electrodynamics","Mummified Hand","Nunchaku","Loop","Guide Book","Kunai","StrikeDummy","Replay:Bandana","Self Repair","Defragment","Carrot","Mirror","Self Repair","Replay:Rubber Ducky","Storm","Simple Rune","HollowMod:PaleOreRelic","Heatsinks","Tiny Chest","Tempest","Hello World","Pondfish Scales","OrangePellets","Replay:Mystery Machine","Replay:PocketPolymizer","Turbo","Loop","Ice Cream","Akabeko","Ornamental Fan","Lizard Tail","Regal Pillow","Dead Branch","Blood Vial","Bird Faced Urn","Static Discharge","expansioncontent:DonusPower"],"campfire_rested":0,"item_purchase_floors":[0,0,0,0,0,0,0,0,0,0,0,0,0,0,0,0,0,0,0,0,0,0,0,0,0,0,0,0,0,0,0,0,0,0,0,0,0,0,0,0,0,0,0,0,0,0,0,0,0,0,0,0,0,0,0,0,0,0,0,0,0,0,0,0,0,0,0,0,0,0,3,3,3,5,5,5,21,21,28,28,28,37,39,39,41,41,42,42,52,52,52,52],"current_hp_per_floor":[55,59,59,49,59,61,61,65,65,67,67,71,87,87,87,87,87,91,91,95,95,95,97,99,101,101,84,99,101,101,103,103,103,105,109,113,113,113,113,115,115,115,115,117,127,131,131,131,131,131,131,134,134,134],"gold":9999,"neow_bonus":"","is_daily":false,"chose_seed":false,"campfire_upgraded":0,"win_rate":0.0,"timestamp":1608322959,"path_taken":["M","M","$","?","$","E","R","M","T","E","?","M","E","?","R","BOSS","M","?","M","$","?","E","M","E","T","?","?","E","?","E","R","BOSS","M","M","$","?","?","E","$","$","T","E","?","M","?","BOSS","BOSS","R","$","E","BOSS"],"items_purchased_type":["Relic","Relic","Relic","Relic","Card","Card","Card","Relic","Relic","Relic","Card","Card","Card","Relic","Relic","Card","Card","Relic","Relic","Card","Relic","Relic","Card","Card","Relic","Relic","Relic","Card","Card","Relic","Relic","Relic","Card","Card","Relic","Relic","Card","Card","Relic","Relic","Card","Relic","Relic","Relic","Relic","Card","Relic","Relic","Relic","Card","Card","Relic","Relic","Relic","Card","Card","Relic","Relic","Card","Relic","Relic","Relic","Relic","Card","Card","Relic","Relic","Card","Relic","Card","Relic","Relic","Card","Relic","Card","Card","Relic","Relic","Relic","Relic","Card","Card","Relic","Relic","Relic","Relic","Relic","Relic","Relic","Relic","Card","Card"],"build_version":"2020-12-13","purchased_purges":0,"victory":true,"max_hp_per_floor":[55,59,59,59,59,61,61,65,65,67,67,71,87,87,87,87,87,91,91,95,95,95,97,99,101,101,101,101,103,103,105,105,105,105,109,113,113,113,113,115,115,115,115,117,127,131,131,131,131,131,131,134,137,137],"card_choices":[{"not_picked":["Genetic Algorithm","Darkness","Go for the Eyes"],"picked":"Singing Bowl","floor":1},{"not_picked":["BasicCrystalCard","Rebound","Time Bomb"],"picked":"Singing Bowl","floor":1},{"not_picked":["Chill","Compile Driver","Ball Lightning"],"picked":"Singing Bowl","floor":2},{"not_picked":["Self Repair","Conserve Battery","Cold Snap"],"picked":"Singing Bowl","floor":2},{"not_picked":["Core Surge","Melter","ReplayGash"],"picked":"Singing Bowl","floor":6},{"not_picked":["Streamline","Ball Lightning","Sweeping Beam"],"picked":"Singing Bowl","floor":8},{"not_picked":["Doom and Gloom","Compile Driver","Rebound"],"picked":"Singing Bowl","floor":8},{"not_picked":["Scrape","Rainbow","Leap"],"picked":"Singing Bowl","floor":10},{"not_picked":["Compile Driver","Gash","BasicCrystalCard"],"picked":"Singing Bowl","floor":12},{"not_picked":["Go for the Eyes","Tempest","Panic Button"],"picked":"Singing Bowl","floor":12},{"not_picked":["Cold Snap","Doom and Gloom","Rebound"],"picked":"Singing Bowl","floor":13},{"not_picked":["Echo Form","Electrodynamics"],"picked":"Thunder Strike","floor":16},{"not_picked":["Conserve Battery","Stack","Leap"],"picked":"Singing Bowl","floor":18},{"not_picked":["Barrage","Sunder","FIFO Queue"],"picked":"Singing Bowl","floor":18},{"not_picked":["Ball Lightning","Conserve Battery","Rebound"],"picked":"Singing Bowl","floor":20},{"not_picked":["Steam+1","Undo","Cold Snap+1"],"picked":"Singing Bowl","floor":20},{"not_picked":["Reprogram","Panic Button","Streamline"],"picked":"Singing Bowl","floor":23},{"not_picked":["Sweeping Beam","Conserve Battery","Panic Button"],"picked":"Singing Bowl","floor":24},{"not_picked":["Crystallizer","Sunder"],"picked":"Turbo","floor":24},{"not_picked":["ReplayTheSpireMod:System Scan","BasicCrystalCard+1","Rainbow"],"picked":"Singing Bowl","floor":25},{"not_picked":["BasicCrystalCard","Self Repair+1","Steam"],"picked":"Singing Bowl","floor":29},{"not_picked":["Steam+1","Heatsinks","Streamline"],"picked":"Singing Bowl","floor":31},{"not_picked":["ReplayRNGCard","Mirror Shield","Meteor Strike"],"picked":"Seek","floor":33},{"not_picked":["ReplaySolidLightProjector","Steam","Cold Snap+1","Coolheaded"],"picked":"Singing Bowl","floor":35},{"not_picked":["Undo","Beam Cell","Stack","Skim"],"picked":"Singing Bowl","floor":35},{"not_picked":["Conserve Battery+1","Skim","Loop","Beam Cell"],"picked":"Singing Bowl","floor":36},{"not_picked":["BootSequence+1","Gash","ReplayTheSpireMod:Fabricate Wheel","Crystallizer"],"picked":"Singing Bowl","floor":36},{"not_picked":["BootSequence","Coolheaded","Blizzard","Stack"],"picked":"Singing Bowl","floor":40},{"not_picked":["Panic Button+1","Self Repair","Glacier+1","Sunder+1"],"picked":"Singing Bowl","floor":44},{"not_picked":["Blizzard","Ball Lightning+1","Sunder","Fusion"],"picked":"Singing Bowl","floor":46},{"not_picked":["Crystallizer+1","Rip and Tear+1","Panic Button+1","FIFO Queue"],"picked":"Singing Bowl","floor":46},{"not_picked":["ReplayTheSpireMod:System Scan+1","FIFO Queue","Machine Learning"],"picked":"Amplify","floor":53}],"player_experience":264727,"relics_obtained":[{"floor":6,"key":"Replay:Multitool"},{"floor":7,"key":"Whetstone"},{"floor":10,"key":"Replay:WaspNest"},{"floor":13,"key":"Mango"},{"floor":22,"key":"PreservedInsect"},{"floor":23,"key":"Bag of Preparation"},{"floor":25,"key":"InkBottle"},{"floor":26,"key":"Gremlin Horn"},{"floor":27,"key":"Necronomicon"},{"floor":29,"key":"Ancient Tea Set"},{"floor":30,"key":"Ring of Greed"},{"floor":30,"key":"Ring of Misfortune"},{"floor":30,"key":"Blue Doll"},{"floor":30,"key":"Replay:Wax Seal"},{"floor":31,"key":"HollowMod:LifeEnderRelic"},{"floor":32,"key":"Question Card"},{"floor":38,"key":"Bottled Lightning"},{"floor":40,"key":"WingedGreaves"},{"floor":43,"key":"Happy Flower"},{"floor":44,"key":"Boot"},{"floor":45,"key":"Pear"},{"floor":51,"key":"Replay:Ringing Soul"},{"floor":53,"key":"Eternal Feather"}],"event_choices":[{"damage_healed":0,"gold_gain":75,"player_choice":"Gather Gold","damage_taken":11,"max_hp_gain":0,"max_hp_loss":0,"event_name":"World of Goop","floor":4,"gold_loss":0},{"cards_removed":["Steam"],"damage_healed":0,"gold_gain":0,"player_choice":"Card Removal","damage_taken":0,"max_hp_gain":0,"max_hp_loss":0,"event_name":"The Cleric","floor":14,"gold_loss":75},{"damage_healed":0,"gold_gain":0,"player_choice":"Simplicity","damage_taken":0,"max_hp_gain":0,"max_hp_loss":0,"event_name":"Back to Basics","floor":19,"gold_loss":0,"cards_upgraded":["Strike_B","Strike_B","Strike_B","Strike_B","Defend_B","Defend_B","Defend_B","Defend_B","Strike_B","Strike_B","Strike_B","Strike_B","Defend_B","Defend_B","Defend_B","Defend_B"]},{"damage_healed":0,"gold_gain":0,"player_choice":"Obtained Book","damage_taken":21,"max_hp_gain":0,"max_hp_loss":0,"event_name":"Cursed Tome","floor":27,"gold_loss":0},{"damage_healed":0,"gold_gain":0,"player_choice":"Took Portal","damage_taken":0,"max_hp_gain":0,"max_hp_loss":0,"event_name":"SecretPortal","floor":47,"gold_loss":0}],"is_beta":false,"boss_relics":[{"not_picked":["Inserter","energizedSpire:CursedPentagram"],"picked":"Sozu"},{"not_picked":["Calling Bell","Painkiller Herb"],"picked":"energizedSpire:UnstableMolecules"}],"items_purged_floors":[],"is_endless":false,"potions_floor_spawned":[1,2,12,13,18,24,29,31,33,35,40,46,53],"ascension_level":20}}