{"host":"ieyuautd1s8ltypj","time":1608289103,"event":{"mods":["Act Like it!","BaseMod","Colored Powertips","Downfall","Friendly Minions","Gensokyo","Infinite Spire","Koishi","Marisa????????","Minty Spire (QoL Compilation)","Reimu??????","Remilia??????","Replay The Spire","StSLib","The Servant 0.9.4","Youmu??????"],"gold_per_floor":[116,131,31,49,49,49,64,64,64,75,91,91,107,122,122,226,226,244,244],"floor_reached":18,"playtime":1836,"items_purged":[],"score":158,"play_id":"d77a4206-4d7a-4ebd-91b7-c1ba5b8a2667","local_time":"20201218215823","is_ascension_mode":false,"campfire_choices":[{"floor":6,"key":"REST"},{"data":"Gensokyo:CrescentMoonSlash","floor":8,"key":"SMITH"},{"floor":15,"key":"REST"}],"circlet_count":0,"master_deck":["Strike_Lin:ReiMu","Strike_Lin:ReiMu","Strike_Lin:ReiMu","Strike_Lin:ReiMu","Defend_Lin:ReiMu","Defend_Lin:ReiMu","Defend_Lin:ReiMu","Defend_Lin:ReiMu","NB:ReiMu","Stagnation:ReiMu","SpringWay:ReiMu","ForcedLanding:ReiMu","Conquer:ReiMu","Gensokyo:CrescentMoonSlash+1","YinYangSange:ReiMu+1","EmergencyTakeOff:ReiMu","Injury","CareerPray:ReiMu","LearningPray:ReiMu","SubcavityFantasy:ReiMu"],"relics":["FlyPower:ReiMu","Frozen Egg 2","FadedRune:ReiMu","Shuriken","CrownOfHeavens:ReiMu"],"acts_visited":["Gensokyo:Gensokyo","Gensokyo:Gensokyoer"],"potions_floor_usage":[16,16],"damage_taken":[{"damage":3,"enemies":"Gensokyo:Python","floor":1,"turns":5},{"damage":0,"enemies":"Gensokyo:3_Fairies","floor":2,"turns":6},{"damage":13,"enemies":"Gensokyo:Gryphon","floor":4,"turns":5},{"damage":11,"enemies":"Gensokyo:Kitsune","floor":7,"turns":6},{"damage":5,"enemies":"Gensokyo:2_Rabbits","floor":10,"turns":6},{"damage":4,"enemies":"Gensokyo:3_Kodama","floor":11,"turns":2},{"damage":3,"enemies":"Gensokyo:Gryphon_and_Rabbit","floor":13,"turns":4},{"damage":11,"enemies":"Gensokyo:Python_and_Kodama","floor":14,"turns":3},{"damage":49,"enemies":"Gensokyo:Yukari","floor":16,"turns":16},{"damage":42,"enemies":"Gensokyo:Chomper","floor":18,"turns":7}],"seed_played":"-9102959979388761873","potions_obtained":[{"floor":1,"key":"GamblersBrew"},{"floor":10,"key":"Venom Potion"},{"floor":11,"key":"LiquidBronze"},{"floor":13,"key":"DuplicationPotion"},{"floor":14,"key":"PinkPotion:ReiMu"}],"is_trial":false,"path_per_floor":["M","M","?","M","?","R","M","R","T","M","M","?","M","M","R","B",null,"M"],"character_chosen":"REIMU","items_purchased":[],"campfire_rested":2,"item_purchase_floors":[],"current_hp_per_floor":[68,68,68,55,48,69,58,58,58,53,49,49,46,35,56,7,71,29,29],"gold":244,"neow_bonus":"TEN_PERCENT_HP_BONUS","is_daily":false,"chose_seed":false,"campfire_upgraded":1,"win_rate":0.0,"timestamp":1608289103,"path_taken":["M","M","?","?","?","R","?","R","T","M","M","?","?","M","R","BOSS","M"],"items_purchased_type":[],"build_version":"2020-12-13","purchased_purges":0,"victory":false,"max_hp_per_floor":[71,71,71,71,71,71,71,71,71,71,71,71,71,71,71,71,71,71,71],"card_choices":[{"not_picked":["Intuition:ReiMu","LearningPray:ReiMu"],"picked":"SpringWay:ReiMu","floor":1},{"not_picked":["YinYangSange:ReiMu","Revelation:ReiMu"],"picked":"ForcedLanding:ReiMu","floor":2},{"not_picked":["BarrageOfMoneybags:ReiMu","SafetyPray:ReiMu"],"picked":"Conquer:ReiMu","floor":4},{"not_picked":["PhosphorusFlame:ReiMu","Amulet:ReiMu","OrbThrow:ReiMu"],"picked":"SKIP","floor":7},{"not_picked":["PassingAway:ReiMu","OrbThrow:ReiMu"],"picked":"YinYangSange:ReiMu+1","floor":10},{"not_picked":["RainPray2:ReiMu","FantasyMoon:ReiMu"],"picked":"EmergencyTakeOff:ReiMu","floor":11},{"not_picked":["Conquer:ReiMu","AirStrike:ReiMu"],"picked":"CareerPray:ReiMu","floor":13},{"not_picked":["DoubleButterfly:ReiMu","RunawayExorcism:ReiMu"],"picked":"LearningPray:ReiMu","floor":14},{"not_picked":["Authority:ReiMu","CleanRite:ReiMu"],"picked":"SubcavityFantasy:ReiMu","floor":16}],"player_experience":96841,"relics_obtained":[{"floor":9,"key":"FadedRune:ReiMu"}],"event_choices":[],"is_beta":false,"boss_relics":[{"not_picked":["DonationBox:ReiMu","Fusion Hammer"],"picked":"CrownOfHeavens:ReiMu"}],"items_purged_floors":[],"is_endless":false,"potions_floor_spawned":[1,10,11,13,14],"killed_by":"Gensokyo:Chomper","ascension_level":0}}