{"host":"ecaj4hn004xnnrw9","time":1608321933,"event":{"mods":["AchievementEnabler","BaseMod","Hermit","Minty Spire (QoL Compilation)","Quick Restart","Replay The Spire","StSLib","The Cursed"],"gold_per_floor":[113,38,38,38,51,51,51,80,80,80,80,0,32,32,32,127,127,143,22,22,22,22,22,22,22,49,49,85,85,85,112,112,214,214,226,303,29,59,122,122,146,146,146,178,38,77,111,147,147,247,247,266,106,106,106],"floor_reached":54,"playtime":3044,"items_purged":["Eclipse","Replay:Many Hands","Sickly","ReplayTheSpireMod:Doomed","Doubt","ReplayTheSpireMod:LeadingStrike"],"score":1220,"play_id":"16a4d353-12af-403c-b545-214a81c85dcd","local_time":"20201218200533","daily_mods":["Shiny","Heirloom","Time Dilation","Flight","DeadlyEvents","Elite Swarm"],"is_ascension_mode":true,"campfire_choices":[{"data":"Exhume","floor":6,"key":"SMITH"},{"data":"Hemogenesis","floor":7,"key":"SMITH"},{"data":"Impervious","floor":10,"key":"SMITH"},{"data":"Disarm","floor":11,"key":"SMITH"},{"data":"Demon Form","floor":15,"key":"SMITH"},{"data":"Flame Barrier","floor":23,"key":"SMITH"},{"data":"Shrug It Off","floor":23,"key":"SMITH"},{"floor":24,"key":"REST"},{"data":"Impervious","floor":25,"key":"SMITH"},{"data":"Bludgeon","floor":25,"key":"SMITH"},{"data":"Body Slam","floor":29,"key":"SMITH"},{"data":"Impervious","floor":29,"key":"SMITH"},{"data":"Offering","floor":30,"key":"SMITH"},{"data":"Exhume","floor":30,"key":"SMITH"},{"data":"CommonCold","floor":49,"key":"PURGE"}],"circlet_count":0,"master_deck":["Demon Form+1","Fiend Fire","Impervious+1","Juggernaut","Brutality","Exhume+1","Offering+1","Bludgeon+1","Feed","Limit Break","Barricade+1","Hemogenesis+1","Reaper","Immolate","Disarm+1","Impervious+1","Flame Barrier+1","Shrug It Off+1","Body Slam+1","Impervious+1","Exhume+1","Burning Pact+1","True Grit+1","True Grit+1","Thunderclap","Shrug It Off+1","Impervious","Body Slam"],"relics":["Burning Blood","Replay:PocketPolymizer","InkBottle","The Courier","Nunchaku","Replay:Ancient Bell","Ancient Tea Set","Onion Ring","Replay:Arrowhead","Ring of Hypnosis","Replay:Bandana","Chameleon Ring","Tiny Chest","ChewingGum","Replay:Rubber Ducky","War Paint","MealTicket","Lizard Tail","Happy Flower","Iron Hammer","Blue Doll","Regal Pillow","Potion Belt","Ooze Armor"],"acts_visited":["Exordium","TheCity","TheBeyond","Exordium"],"potions_floor_usage":[13,39,39,40,46],"damage_taken":[{"damage":17,"enemies":"Small Slimes","floor":1,"turns":4},{"damage":12,"enemies":"2 Louse","floor":5,"turns":2},{"damage":28,"enemies":"Lagavulin","floor":8,"turns":6},{"damage":29,"enemies":"Gremlin Nob","floor":13,"turns":7},{"damage":30,"enemies":"Hexaghost","floor":16,"turns":7},{"damage":74,"enemies":"2 Thieves","floor":18,"turns":4},{"damage":44,"enemies":"Gremlin Leader","floor":28,"turns":10},{"damage":71,"enemies":"Collector","floor":33,"turns":11},{"damage":24,"enemies":"Orb Walker","floor":35,"turns":7},{"damage":27,"enemies":"Nemesis","floor":38,"turns":15},{"damage":23,"enemies":"2 Orb Walkers","floor":39,"turns":3},{"damage":11,"enemies":"Giant Head","floor":44,"turns":7},{"damage":33,"enemies":"R_Hoarder","floor":46,"turns":8},{"damage":7,"enemies":"Nemesis","floor":47,"turns":5},{"damage":18,"enemies":"3 Darklings","floor":48,"turns":2},{"damage":12,"enemies":"Donu and Deca","floor":50,"turns":9},{"damage":9,"enemies":"2 Louse","floor":52,"turns":2}],"seed_played":"-763207127216829691","potions_obtained":[{"floor":1,"key":"DuplicationPotion"},{"floor":28,"key":"DistilledChaos"},{"floor":32,"key":"BloodPotion"},{"floor":32,"key":"PowerPotion"},{"floor":40,"key":"Swift Potion"},{"floor":40,"key":"BloodPotion"},{"floor":42,"key":"Doom Potion"},{"floor":48,"key":"DuplicationPotion"},{"floor":50,"key":"BloodPotion"},{"floor":52,"key":"Reflective Coating"}],"is_trial":true,"path_per_floor":["M","$","?","?","M","R","R","E","T","R","R","$","E","?","R","B",null,"M","$","?","$","?","R","R","R","T","?","E","R","R","T","R","B",null,"M","?","$","E","?","R","T","R","T","E","$","E","E","M","R","B",null,"M","$","?"],"character_chosen":"IRONCLAD","items_purchased":["Shrug It Off","True Grit","War Paint"],"campfire_rested":1,"item_purchase_floors":[19,37,37],"current_hp_per_floor":[79,79,84,84,78,78,78,80,80,80,80,80,81,104,104,99,107,45,45,45,45,45,45,78,78,78,78,113,113,113,113,113,91,119,112,65,65,115,98,122,122,122,122,122,122,103,102,114,114,122,122,122,122,122,122],"gold":106,"neow_bonus":"","is_daily":false,"chose_seed":false,"campfire_upgraded":13,"win_rate":0.0,"timestamp":1608321933,"path_taken":["M","$","?","?","?","R","R","?","T","R","R","$","E","?","R","BOSS","M","$","?","$","?","R","R","R","T","?","?","R","R","?","R","BOSS","M","?","$","?","?","R","?","R","T","E","$","?","?","M","R","BOSS","M","$","?"],"items_purchased_type":["Card","Card","Relic"],"build_version":"2020-12-13","purchased_purges":6,"victory":false,"max_hp_per_floor":[83,83,88,88,88,88,88,91,91,91,91,91,94,104,104,107,107,113,113,113,113,113,113,113,113,113,113,116,116,116,116,116,119,119,119,119,119,122,122,122,122,122,122,122,122,122,122,122,122,122,122,122,122,122,122],"card_choices":[{"not_picked":["Uppercut","Run Through"],"picked":"Disarm","floor":1},{"not_picked":["Twin Strike","Replay:Undeath\u0027s Touch","Clash"],"picked":"SKIP","floor":5},{"not_picked":["Limit Break","Replay:Many Hands","Berserk"],"picked":"SKIP","floor":8},{"not_picked":["Feed","Limit Break","Demon Form"],"picked":"SKIP","floor":13},{"not_picked":["Exhume","Immolate"],"picked":"Impervious","floor":16},{"not_picked":["Hallucinations","Pain"],"picked":"ReplayTheSpireMod:Doomed","floor":17},{"not_picked":["CurseOfTheBell","AbeCurse"],"picked":"CommonCold","floor":17},{"not_picked":["TheCursedMod:Dregs","ReplayTheSpireMod:Splinters"],"picked":"Sickly","floor":17},{"not_picked":["ReplayReversal","Disarm"],"picked":"Flame Barrier","floor":18},{"not_picked":["Reaper","Exhume"],"picked":"Impervious","floor":28},{"not_picked":["Pommel Strike","Headbutt","Feel No Pain"],"picked":"SKIP","floor":35},{"not_picked":["Body Slam","ReplayTheSpireMod:Corrosion Curse"],"picked":"Burning Pact+1","floor":36},{"not_picked":["Limit Break","Reaper","Berserk"],"picked":"SKIP","floor":38},{"not_picked":["Heavy Blade+1","Inflame+1"],"picked":"True Grit+1","floor":39},{"not_picked":["Double Tap","Reaper","Limit Break"],"picked":"SKIP","floor":44},{"not_picked":["Limit Break","Feed","Berserk"],"picked":"SKIP","floor":46},{"not_picked":["Limit Break","Brutality","Offering"],"picked":"SKIP","floor":47},{"not_picked":["Twin Strike+1","Disarm+1"],"picked":"Shrug It Off+1","floor":48},{"not_picked":["Eclipse","Barricade"],"picked":"Impervious","floor":50},{"not_picked":["Feel No Pain","Flex"],"picked":"Body Slam","floor":52}],"player_experience":174646,"relics_obtained":[{"floor":8,"key":"InkBottle"},{"floor":9,"key":"The Courier"},{"floor":13,"key":"Nunchaku"},{"floor":22,"key":"Ring of Hypnosis"},{"floor":26,"key":"Replay:Bandana"},{"floor":28,"key":"Chameleon Ring"},{"floor":31,"key":"Tiny Chest"},{"floor":36,"key":"Replay:Rubber Ducky"},{"floor":38,"key":"MealTicket"},{"floor":39,"key":"Lizard Tail"},{"floor":41,"key":"Happy Flower"},{"floor":43,"key":"Iron Hammer"},{"floor":44,"key":"Blue Doll"},{"floor":46,"key":"Regal Pillow"},{"floor":47,"key":"Potion Belt"}],"event_choices":[{"damage_healed":0,"gold_gain":0,"player_choice":"Donut","damage_taken":0,"max_hp_gain":5,"max_hp_loss":0,"event_name":"Big Fish","floor":3,"gold_loss":0},{"damage_healed":0,"gold_gain":0,"player_choice":"Forge","damage_taken":0,"max_hp_gain":0,"max_hp_loss":0,"event_name":"Accursed Blacksmith","floor":4,"gold_loss":0,"cards_upgraded":["Barricade"]},{"cards_removed":["Corruption"],"damage_healed":13,"gold_gain":0,"player_choice":"Offered Rare","damage_taken":0,"max_hp_gain":10,"max_hp_loss":0,"event_name":"Bonfire Elementals","floor":14,"gold_loss":0},{"damage_healed":0,"gold_gain":0,"player_choice":"Ignored","damage_taken":0,"max_hp_gain":0,"max_hp_loss":0,"event_name":"Cursed Tome","floor":20,"gold_loss":0},{"damage_healed":0,"gold_gain":0,"player_choice":"Read","damage_taken":0,"max_hp_gain":0,"max_hp_loss":0,"event_name":"The Library","floor":27,"gold_loss":0,"cards_obtained":["Body Slam"]},{"damage_healed":0,"gold_gain":0,"player_choice":"Fight","damage_taken":0,"max_hp_gain":0,"max_hp_loss":0,"event_name":"Mysterious Sphere","floor":39,"gold_loss":0}],"is_beta":false,"boss_relics":[{"not_picked":["Abe\u0027s Treasure","Ectoplasm"],"picked":"Replay:Ancient Bell"},{"not_picked":["Centennial Puzzle","MawBank"],"picked":"Ancient Tea Set"},{"not_picked":["Mirror","StrikeDummy"],"picked":"Onion Ring"},{"not_picked":["Pondfish Scales","Mango"],"picked":"Replay:Arrowhead"},{"not_picked":["Astrolabe","Runic Dome"],"picked":"ChewingGum"},{"not_picked":["SacredBark","Runic Cube"],"picked":"Ooze Armor"}],"items_purged_floors":[2,12,19,37,45,53],"is_endless":true,"potions_floor_spawned":[1,28,38,48,50,52],"ascension_level":1}}