{"host":"9ndbo4kgsfoemf7y","time":1608302047,"event":{"mods":["AchievementEnabler","BaseMod","Colored Map","DeckTracker","Keyboard Shortcuts","Minty Spire (QoL Compilation)","Permanent Neow","Quick Restart","Relic Stats","StSLib","SuperFastMode"],"gold_per_floor":[210,210,92,107,117,147,147,162,235,264,264,282,282,282,282,359,359,331,331,331],"floor_reached":19,"playtime":707,"items_purged":["Strike_R"],"score":336,"play_id":"988dae4b-84ca-4f23-9690-979234b950ca","local_time":"20201218233407","is_ascension_mode":true,"campfire_choices":[{"floor":7.0,"key":"REST"},{"floor":11.0,"key":"REST"},{"floor":15.0,"key":"REST"}],"circlet_count":0,"master_deck":["AscendersBane","Strike_R","Strike_R","Strike_R","Defend_R","Defend_R","Defend_R","Defend_R","Bash","Evolve","Ghostly Armor","Battle Trance","Shrug It Off","Rampage","Dropkick","Pommel Strike","Rage","Fire Breathing","Double Tap"],"relics":["Black Blood","Prayer Wheel","Blood Vial","Shuriken","Letter Opener"],"acts_visited":["Exordium","TheCity"],"potions_floor_usage":[16,16],"damage_taken":[{"damage":9.0,"enemies":"Jaw Worm","floor":1.0,"turns":4.0},{"damage":7.0,"enemies":"Small Slimes","floor":4.0,"turns":3.0},{"damage":12.0,"enemies":"Cultist","floor":5.0,"turns":5.0},{"damage":20.0,"enemies":"3 Sentries","floor":6.0,"turns":11.0},{"damage":9.0,"enemies":"Blue Slaver","floor":8.0,"turns":5.0},{"damage":19.0,"enemies":"Lagavulin","floor":10.0,"turns":8.0},{"damage":21.0,"enemies":"Lots of Slimes","floor":12.0,"turns":7.0},{"damage":27,"enemies":"Hexaghost","floor":16,"turns":9},{"damage":27,"enemies":"2 Thieves","floor":18,"turns":4},{"damage":53,"enemies":"3 Byrds","floor":19,"turns":6}],"seed_played":"6480623748338738922","potions_obtained":[{"floor":8.0,"key":"Explosive Potion"},{"floor":10.0,"key":"Strength Potion"},{"floor":12.0,"key":"Energy Potion"},{"floor":16,"key":"Block Potion"}],"is_trial":false,"path_per_floor":["M","?","$","M","M","E","R","M","T","E","R","M","?","?","R","B",null,"M","M"],"character_chosen":"IRONCLAD","items_purchased":["Ghostly Armor"],"campfire_rested":3,"item_purchase_floors":[3],"current_hp_per_floor":[65,30,30,29,23,9,31,30,30,19,41,28,28,28,50,31,64,51,0,0],"gold":331,"neow_bonus":"HUNDRED_GOLD","is_daily":false,"chose_seed":false,"campfire_upgraded":0,"win_rate":0.0,"timestamp":1608302047,"path_taken":["M","?","$","M","M","E","R","M","T","E","R","M","?","?","R","BOSS","M","M"],"items_purchased_type":["Card"],"build_version":"2020-12-13","purchased_purges":1,"victory":false,"max_hp_per_floor":[75,75,75,75,75,75,75,75,75,75,75,75,75,75,75,75,75,75,75,75],"relic_stats":{"Blood Vial":12,"counters":[10,62],"Shuriken":[4],"Black Blood":60,"Prayer Wheel":5,"Letter Opener":[60],"obtain_stats":[{"Blood Vial":6,"Shuriken":9,"Black Blood":17,"Prayer Wheel":2,"Letter Opener":10,"Burning Blood":0},{"Blood Vial":4,"Shuriken":5,"Black Blood":8,"Prayer Wheel":1,"Letter Opener":6,"Burning Blood":0},{"Blood Vial":23,"Shuriken":28,"Black Blood":52,"Prayer Wheel":4,"Letter Opener":36,"Burning Blood":0}]},"card_choices":[{"not_picked":["Sword Boomerang","Shrug It Off"],"picked":"Evolve","floor":1.0},{"not_picked":["Spot Weakness","Body Slam"],"picked":"Battle Trance","floor":4.0},{"not_picked":["Rage","Headbutt"],"picked":"Shrug It Off","floor":4.0},{"not_picked":["Clothesline","Headbutt"],"picked":"Rampage","floor":5.0},{"not_picked":["Thunderclap","Iron Wave"],"picked":"Dropkick","floor":5.0},{"not_picked":["Wild Strike","Bloodletting"],"picked":"Pommel Strike","floor":6.0},{"not_picked":["Shrug It Off","True Grit"],"picked":"Rage","floor":8.0},{"not_picked":["Inflame","Sever Soul"],"picked":"Fire Breathing","floor":8.0},{"not_picked":["Flex","Whirlwind","Havoc"],"picked":"SKIP","floor":10.0},{"not_picked":["Warcry","Heavy Blade","Shrug It Off"],"picked":"SKIP","floor":12.0},{"not_picked":["Rampage","Warcry","Anger"],"picked":"SKIP","floor":12.0},{"not_picked":["Brutality","Impervious"],"picked":"Double Tap","floor":16},{"not_picked":["Infernal Blade","Battle Trance","Fire Breathing"],"picked":"SKIP","floor":18},{"not_picked":["Combust+1","Battle Trance","Sentinel+1"],"picked":"SKIP","floor":18}],"player_experience":698017,"relics_obtained":[{"floor":6.0,"key":"Blood Vial"},{"floor":9.0,"key":"Shuriken"},{"floor":10.0,"key":"Letter Opener"}],"event_choices":[{"damage_healed":0.0,"max_hp_gain":0.0,"max_hp_loss":0.0,"gold_gain":0.0,"event_name":"Scrap Ooze","player_choice":"Success","floor":2.0,"gold_loss":0.0,"damage_taken":35.0,"relics_obtained":["Prayer Wheel"]},{"cards_removed":["Strike_R"],"damage_healed":0.0,"max_hp_gain":0.0,"max_hp_loss":0.0,"gold_gain":0.0,"event_name":"Living Wall","player_choice":"Forget","floor":13.0,"gold_loss":0.0,"damage_taken":0.0},{"damage_healed":0.0,"max_hp_gain":0.0,"max_hp_loss":0.0,"gold_gain":0.0,"event_name":"Liars Game","player_choice":"Ignored","floor":14.0,"gold_loss":0.0,"damage_taken":0.0}],"is_beta":false,"boss_relics":[{"not_picked":["SacredBark","Runic Dome"],"picked":"Black Blood"}],"items_purged_floors":[3],"is_endless":false,"potions_floor_spawned":[8,10,12,16],"killed_by":"3 Byrds","ascension_level":18}}