{"host":"52jmisti11ysmja4","time":1608255981,"event":{"mods":["Aspiration","BaseMod","Better Third Choice","Hermit","Koishi","Minty Spire (QoL Compilation)","Remove Card Discount Mod","Shade Mod","StSLib","The Cursed","The Servant 0.9.4","The Vixen"],"gold_per_floor":[115,4,4,23,33,60,71,84,84,110,4,24,24,54,54,158,158,174,174,274,284,303,335,335,335,335],"floor_reached":25,"playtime":1479,"items_purged":["Strike_G","Strike_G","Strike_G","Defend_G","Defend_G","Defend_G","Defend_G","Strike_G","Strike_G"],"score":494,"play_id":"e341ac99-3323-41c6-b05a-e2e2f322e2b8","local_time":"20201217174621","is_ascension_mode":true,"campfire_choices":[{"floor":13,"key":"REST"},{"floor":15,"key":"REST"},{"data":"1","floor":24,"key":"LIFT"}],"circlet_count":0,"master_deck":["AscendersBane","Defend_G","Survivor","Neutralize","Quick Slash","Noxious Fumes","Noxious Fumes","Flying Knee","Bane","Bane","Bane","Dagger Spray","Bane","Deflect","Cloak And Dagger","Flying Knee","Accuracy","Cloak And Dagger","After Image","Blade Dance","Writhe","Outmaneuver+1","Caltrops","Deflect+1"],"relics":["Ring of the Snake","StoneCalendar","Question Card","Snake Skull","Mercury Hourglass","Coffee Dripper","Girya","Dream Catcher"],"acts_visited":["Exordium","TheCity"],"potions_floor_usage":[8,10,12,16,21,23],"damage_taken":[{"damage":9,"enemies":"Jaw Worm","floor":1,"turns":5},{"damage":2,"enemies":"Cultist","floor":4,"turns":4},{"damage":0,"enemies":"Small Slimes","floor":5,"turns":3},{"damage":17,"enemies":"Gremlin Nob","floor":6,"turns":4},{"damage":6,"enemies":"Blue Slaver","floor":7,"turns":3},{"damage":8,"enemies":"Lots of Slimes","floor":8,"turns":2},{"damage":20,"enemies":"Lagavulin","floor":10,"turns":4},{"damage":0,"enemies":"3 Louse","floor":12,"turns":3},{"damage":19,"enemies":"3 Sentries","floor":14,"turns":5},{"damage":0,"enemies":"Slime Boss","floor":16,"turns":5},{"damage":10,"enemies":"Shell Parasite","floor":18,"turns":5},{"damage":0,"enemies":"Spheric Guardian","floor":21,"turns":3},{"damage":16,"enemies":"Chosen and Byrds","floor":22,"turns":6},{"damage":28,"enemies":"Gremlin Leader","floor":23,"turns":5},{"damage":8,"enemies":"Book of Stabbing","floor":25,"turns":2}],"seed_played":"-2128822202919017695","potions_obtained":[{"floor":1,"key":"DuplicationPotion"},{"floor":5,"key":"ColorlessPotion"},{"floor":6,"key":"SkillPotion"},{"floor":10,"key":"Block Potion"},{"floor":14,"key":"BlessingOfTheForge"},{"floor":18,"key":"Dexterity Potion"},{"floor":22,"key":"DistilledChaos"}],"is_trial":false,"path_per_floor":["M","$","?","M","M","E","M","M","T","E","$","M","R","E","R","B",null,"M","?","?","M","M","E","R","E"],"character_chosen":"THE_SILENT","items_purchased":["Noxious Fumes","Flying Knee","Cloak And Dagger","Flying Knee"],"campfire_rested":2,"item_purchase_floors":[2,2,11,11],"current_hp_per_floor":[54,54,54,52,52,35,29,21,21,1,1,1,22,3,24,24,59,49,49,49,49,33,5,5,0,0],"gold":335,"neow_bonus":"THREE_CARDS","is_daily":false,"chose_seed":false,"campfire_upgraded":0,"win_rate":0.0,"timestamp":1608255981,"path_taken":["M","$","?","M","M","E","M","?","T","E","?","M","R","E","R","BOSS","M","?","?","?","M","E","R","E"],"items_purchased_type":["Card","Card","Card","Card"],"build_version":"2020-12-13","purchased_purges":9,"victory":false,"max_hp_per_floor":[70,70,70,70,70,70,70,70,70,70,70,70,70,70,70,70,70,70,70,70,70,70,70,70,70,70],"card_choices":[{"not_picked":["Footwork","Setup"],"picked":"Quick Slash","floor":0},{"not_picked":["Poisoned Stab","Backflip"],"picked":"Noxious Fumes","floor":1},{"not_picked":["Dash","Dagger Throw"],"picked":"Bane","floor":4},{"not_picked":["Blur","Sucker Punch"],"picked":"Bane","floor":5},{"not_picked":["Tactician","Blur"],"picked":"Bane","floor":6},{"not_picked":["Slice","Quick Slash"],"picked":"Dagger Spray","floor":7},{"not_picked":["Dash","Tactician"],"picked":"Bane","floor":8},{"not_picked":["PiercingWail","Dagger Throw","Doppelganger"],"picked":"Deflect","floor":10},{"not_picked":["Flying Knee","Flechettes","Bane"],"picked":"Accuracy","floor":12},{"not_picked":["Underhanded Strike","Bane","Sucker Punch"],"picked":"Cloak And Dagger","floor":14},{"not_picked":["Night Terror","Wraith Form v2","Burst"],"picked":"After Image","floor":16},{"not_picked":["Choke","Slice","Calculated Gamble"],"picked":"Blade Dance","floor":18},{"not_picked":["Acrobatics","Dagger Throw","Underhanded Strike"],"picked":"Outmaneuver+1","floor":21},{"not_picked":["Flying Knee","Calculated Gamble","Masterful Stab"],"picked":"Caltrops","floor":22},{"not_picked":["Leg Sweep","Distraction","Prepared"],"picked":"Deflect+1","floor":23}],"player_experience":596330,"relics_obtained":[{"floor":6,"key":"StoneCalendar"},{"floor":9,"key":"Question Card"},{"floor":10,"key":"Snake Skull"},{"floor":14,"key":"Mercury Hourglass"},{"floor":23,"key":"Dream Catcher"}],"event_choices":[{"damage_healed":0,"gold_gain":0,"player_choice":"0 cards matched","damage_taken":0,"max_hp_gain":0,"max_hp_loss":0,"event_name":"Match and Keep!","floor":3,"gold_loss":0,"cards_obtained":[]},{"damage_healed":0,"gold_gain":0,"player_choice":"Opened","damage_taken":0,"relics_obtained":["Girya"],"max_hp_gain":0,"max_hp_loss":0,"event_name":"The Mausoleum","floor":19,"gold_loss":0,"cards_obtained":["Writhe"]},{"damage_healed":0,"gold_gain":100,"player_choice":"Pray","damage_taken":0,"max_hp_gain":0,"max_hp_loss":0,"event_name":"Golden Shrine","floor":20,"gold_loss":0}],"is_beta":false,"boss_relics":[{"not_picked":["aspiration:SecretTechniqueScroll","Pandora\u0027s Box"],"picked":"Coffee Dripper"}],"items_purged_floors":[2,2,2,2,2,2,2,2,11],"is_endless":false,"potions_floor_spawned":[1,5,6,10,14,18,22],"killed_by":"Book of Stabbing","ascension_level":12}}