{"host":"2461dio7vetlq1z3","time":1608315260,"event":{"mods":["2.2 Compatiblity","AchievementEnabler","BaseMod","Better Third Choice","Hermit","Minty Spire (QoL Compilation)","Relic Stats","Spicy Shops","StSLib","The Animator","Waifu the Spire"],"gold_per_floor":[115,125,139,0,0,0,25,25,25,0,10,35,35,45,45,121,121,133,151,201,45,55,55,87,104,104,131,1,1,1],"floor_reached":29,"playtime":990,"items_purged":["Regret"],"score":506,"play_id":"0c4610f5-d2c3-4698-bd92-cb158353755c","local_time":"20201218191420","is_ascension_mode":true,"campfire_choices":[{"data":"True Grit","floor":6,"key":"SMITH"},{"data":"Immolate","floor":8,"key":"SMITH"},{"floor":13,"key":"REST"},{"data":"Bash","floor":15,"key":"SMITH"},{"data":"True Grit","floor":23,"key":"SMITH"}],"circlet_count":0,"master_deck":["AscendersBane","Strike_R","Strike_R","Strike_R","Strike_R","Strike_R","Defend_R","Defend_R","Defend_R","Defend_R","Bash+1","Clothesline","Hemokinesis","Immolate+1","Metallicize","True Grit+1","Anger","True Grit+1","Spot Weakness","Shrug It Off","Demon Form+1","Sword Boomerang+1","Second Wind","Battle Trance","Metallicize+1","Feel No Pain+1"],"relics":["Burning Blood","Bird Faced Urn","Omamori","Ornamental Fan","Red Skull","betterThird:SlimedRelic","Frozen Egg 2","Calling Bell","Boot","Question Card","FossilizedHelix","Bronze Scales","The Courier","Red Mask","Membership Card"],"acts_visited":["Exordium","TheCity"],"potions_floor_usage":[7,16,24,24],"damage_taken":[{"damage":10,"enemies":"2 Louse","floor":1,"turns":3},{"damage":10,"enemies":"Jaw Worm","floor":2,"turns":3},{"damage":11,"enemies":"Small Slimes","floor":3,"turns":4},{"damage":19,"enemies":"Gremlin Nob","floor":7,"turns":4},{"damage":9,"enemies":"Blue Slaver","floor":11,"turns":3},{"damage":18,"enemies":"Lagavulin","floor":12,"turns":7},{"damage":12,"enemies":"Exordium Wildlife","floor":14,"turns":2},{"damage":17,"enemies":"Hexaghost","floor":16,"turns":8},{"damage":6,"enemies":"Shell Parasite","floor":18,"turns":4},{"damage":28,"enemies":"Spheric Guardian","floor":19,"turns":6},{"damage":12,"enemies":"Centurion and Healer","floor":22,"turns":6},{"damage":18,"enemies":"Slavers","floor":24,"turns":6},{"damage":8,"enemies":"Snake Plant","floor":25,"turns":2},{"damage":6,"enemies":"Masked Bandits","floor":27,"turns":2},{"damage":46,"enemies":"Gremlin Leader","floor":29,"turns":7}],"seed_played":"-1250406246710432626","potions_obtained":[{"floor":1,"key":"GamblersBrew"},{"floor":2,"key":"BloodPotion"},{"floor":7,"key":"CultistPotion"},{"floor":12,"key":"Strength Potion"},{"floor":18,"key":"DistilledChaos"},{"floor":25,"key":"Ancient Potion"}],"is_trial":false,"path_per_floor":["M","M","M","$","?","R","E","R","T","?","M","E","R","M","R","B",null,"M","M","?","$","M","R","E","M","T","?","$","E"],"character_chosen":"IRONCLAD","items_purchased":["Metallicize","True Grit","Battle Trance","Membership Card"],"campfire_rested":1,"item_purchase_floors":[4,4,21,28],"current_hp_per_floor":[64,60,55,55,37,37,41,41,41,30,29,19,41,35,35,26,63,65,45,45,45,43,43,35,33,33,33,33,0,0],"gold":1,"neow_bonus":"ONE_RARE_RELIC","is_daily":false,"chose_seed":false,"campfire_upgraded":4,"win_rate":0.0,"timestamp":1608315260,"path_taken":["M","M","M","$","?","R","E","R","T","?","M","E","R","M","R","BOSS","M","M","?","$","M","R","E","?","T","?","?","E"],"items_purchased_type":["Card","Card","Card","Relic"],"build_version":"2020-12-13","purchased_purges":1,"victory":false,"max_hp_per_floor":[75,75,75,75,75,75,75,75,75,75,75,75,75,75,75,75,75,75,75,75,75,75,75,75,75,75,75,75,75,75],"relic_stats":{"counters":[15,67],"Ornamental Fan":[20],"Bird Faced Urn":[26],"Bronze Scales":[25],"Boot":[12],"Question Card":6,"obtain_stats":[{"The Courier":26,"Omamori":5,"Frozen Egg 2":12,"Boot":17,"Question Card":17,"Burning Blood":0,"Calling Bell":17,"Ornamental Fan":7,"Bird Faced Urn":0,"betterThird:SlimedRelic":10,"Bronze Scales":24,"Red Mask":27,"Membership Card":28,"Red Skull":9,"FossilizedHelix":17},{"The Courier":13,"Omamori":3,"Frozen Egg 2":6,"Boot":8,"Question Card":8,"Burning Blood":0,"Calling Bell":8,"Ornamental Fan":4,"Bird Faced Urn":0,"betterThird:SlimedRelic":4,"Bronze Scales":12,"Red Mask":14,"Membership Card":14,"Red Skull":4,"FossilizedHelix":8},{"The Courier":58,"Omamori":10,"Frozen Egg 2":24,"Boot":34,"Question Card":34,"Burning Blood":0,"Calling Bell":34,"Ornamental Fan":14,"Bird Faced Urn":0,"betterThird:SlimedRelic":14,"Bronze Scales":56,"Red Mask":60,"Membership Card":60,"Red Skull":14,"FossilizedHelix":34}],"Burning Blood":84},"card_choices":[{"not_picked":["Dropkick","Iron Wave"],"picked":"Clothesline","floor":1},{"not_picked":["Anger","Headbutt"],"picked":"Hemokinesis","floor":2},{"not_picked":["Dual Wield","Ghostly Armor"],"picked":"Immolate","floor":3},{"not_picked":["Body Slam","Twin Strike"],"picked":"Anger","floor":7},{"not_picked":["Perfected Strike","Whirlwind"],"picked":"True Grit","floor":11},{"not_picked":["Hemokinesis","Pummel"],"picked":"Spot Weakness","floor":12},{"not_picked":["Armaments","Seeing Red"],"picked":"Shrug It Off","floor":14},{"not_picked":["Immolate","Impervious"],"picked":"Demon Form+1","floor":16},{"not_picked":["Combust+1","Blood for Blood","Body Slam+1"],"picked":"Sword Boomerang+1","floor":18},{"not_picked":["Seeing Red","Wild Strike","Dropkick"],"picked":"Second Wind","floor":19},{"not_picked":["Sword Boomerang","Body Slam","Havoc","Sever Soul"],"picked":"SKIP","floor":22},{"not_picked":["Burning Pact","Flex","Body Slam"],"picked":"Metallicize+1","floor":24},{"not_picked":["Heavy Blade","Iron Wave","Havoc+1"],"picked":"Feel No Pain+1","floor":25}],"player_experience":812259,"relics_obtained":[{"floor":7,"key":"Ornamental Fan"},{"floor":9,"key":"Red Skull"},{"floor":12,"key":"Frozen Egg 2"},{"floor":17,"key":"Boot"},{"floor":17,"key":"Question Card"},{"floor":17,"key":"FossilizedHelix"},{"floor":24,"key":"Bronze Scales"},{"floor":26,"key":"The Courier"},{"floor":27,"key":"Red Mask"}],"event_choices":[{"damage_healed":0,"gold_gain":0,"player_choice":"Relic ","damage_taken":18,"max_hp_gain":0,"max_hp_loss":0,"event_name":"betterThird:BetterScrap","floor":5,"gold_loss":0,"cards_obtained":["Thunder Strike"]},{"damage_healed":0,"gold_gain":0,"player_choice":"Slimed","damage_taken":11,"max_hp_gain":0,"max_hp_loss":0,"event_name":"betterThird:BetterGoop","floor":10,"gold_loss":25},{"damage_healed":0,"gold_gain":100,"player_choice":"Bet on Murderer","damage_taken":0,"max_hp_gain":0,"max_hp_loss":0,"event_name":"The Joust","floor":20,"gold_loss":50},{"damage_healed":0,"gold_gain":0,"player_choice":"Fought Bandits","damage_taken":0,"max_hp_gain":0,"max_hp_loss":0,"event_name":"Masked Bandits","floor":27,"gold_loss":0}],"is_beta":false,"boss_relics":[{"not_picked":["Philosopher\u0027s Stone","SlaversCollar"],"picked":"Calling Bell"}],"items_purged_floors":[21],"is_endless":false,"potions_floor_spawned":[1,2,7,12,18,22,25],"killed_by":"Gremlin Leader","ascension_level":20}}