{"host":"h7phgxvratutj9mx","time":1608296772,"event":{"mods":["BaseMod","Highlight Path","Minty Spire (QoL Compilation)","Quick Restart"],"gold_per_floor":[110,128,143,21,21,54,54,100,100,0,14,27,27,38,38,143,193,212,212,212,34,44,44,77,77,77],"floor_reached":25,"playtime":1067,"items_purged":["Defend_P","Regret","Omniscience"],"score":268,"play_id":"3ae651d2-e247-497f-8f5b-0eea995c6cc4","local_time":"25631218200612","is_ascension_mode":true,"campfire_choices":[{"floor":7,"key":"REST"},{"floor":15,"key":"REST"},{"floor":23,"key":"REST"}],"circlet_count":0,"master_deck":["Strike_P","Strike_P","Strike_P","Defend_P","Defend_P+1","Defend_P","Eruption","Vigilance","CrushJoints","EmptyBody","Consecrate","EmptyFist","TalkToTheHand","Halt","EmptyBody","LikeWater","Devotion","BowlingBash","FollowUp","ClearTheMind","ReachHeaven","FearNoEvil"],"relics":["PureWater","NeowsBlessing","Pen Nib","Pantograph","Nunchaku","Pear","Tiny House","Nilry\u0027s Codex","Smiling Mask"],"acts_visited":["Exordium","TheCity"],"potions_floor_usage":[12,16,18,25],"damage_taken":[{"damage":0,"enemies":"Cultist","floor":1,"turns":1},{"damage":0,"enemies":"Jaw Worm","floor":2,"turns":1},{"damage":0,"enemies":"2 Louse","floor":3,"turns":1},{"damage":17,"enemies":"3 Sentries","floor":6,"turns":6},{"damage":5,"enemies":"Large Slime","floor":11,"turns":6},{"damage":12,"enemies":"Lots of Slimes","floor":12,"turns":4},{"damage":6,"enemies":"Looter","floor":14,"turns":3},{"damage":51,"enemies":"The Guardian","floor":16,"turns":10},{"damage":9,"enemies":"Chosen","floor":18,"turns":6},{"damage":22,"enemies":"Spheric Guardian","floor":22,"turns":5},{"damage":55,"enemies":"Book of Stabbing","floor":24,"turns":7},{"damage":0,"enemies":"Snecko","floor":25,"turns":3}],"seed_played":"-8808904647041380094","potions_obtained":[{"floor":2,"key":"Block Potion"},{"floor":11,"key":"DistilledChaos"},{"floor":12,"key":"Weak Potion"},{"floor":14,"key":"ColorlessPotion"},{"floor":17,"key":"Dexterity Potion"},{"floor":22,"key":"GamblersBrew"}],"is_trial":false,"path_per_floor":["M","M","M","$","?","E","R","T","T","$","M","M","$","M","R","B",null,"M","?","?","$","M","R","E","M"],"character_chosen":"WATCHER","items_purchased":["EmptyFist","ClearTheMind"],"campfire_rested":3,"item_purchase_floors":[4,21],"current_hp_per_floor":[72,72,72,72,72,55,72,72,82,82,77,65,65,59,82,31,87,78,62,62,62,40,66,11,11,11],"gold":77,"neow_bonus":"THREE_ENEMY_KILL","is_daily":false,"chose_seed":false,"campfire_upgraded":0,"win_rate":0.0,"timestamp":1608296772,"path_taken":["M","M","M","$","?","E","R","?","T","$","?","M","?","M","R","BOSS","M","?","?","$","M","R","E","M"],"items_purchased_type":["Card","Card"],"build_version":"2020-12-13","purchased_purges":3,"victory":false,"max_hp_per_floor":[72,72,72,72,72,72,72,72,82,82,82,82,82,82,82,82,87,87,87,87,87,87,87,87,87,87],"card_choices":[{"not_picked":["Crescendo","Protect"],"picked":"CrushJoints","floor":1},{"not_picked":["ThirdEye","Protect"],"picked":"EmptyBody","floor":2},{"not_picked":["SandsOfTime","BowlingBash"],"picked":"Consecrate","floor":3},{"not_picked":["Consecrate","SandsOfTime"],"picked":"TalkToTheHand","floor":6},{"not_picked":["ThirdEye","CutThroughFate"],"picked":"Halt","floor":11},{"not_picked":["WindmillStrike","Wireheading"],"picked":"EmptyBody","floor":12},{"not_picked":["Evaluate","Pray"],"picked":"LikeWater","floor":14},{"not_picked":["Ragnarok","ConjureBlade"],"picked":"Devotion","floor":16},{"not_picked":["LikeWater","SandsOfTime"],"picked":"BowlingBash","floor":17},{"not_picked":["Protect","SpiritShield"],"picked":"FollowUp","floor":18},{"not_picked":["Wireheading+1","WheelKick+1"],"picked":"ReachHeaven","floor":22},{"not_picked":["BowlingBash","EmptyBody"],"picked":"FearNoEvil","floor":24}],"player_experience":482495,"relics_obtained":[{"floor":6,"key":"Pantograph"},{"floor":8,"key":"Nunchaku"},{"floor":9,"key":"Pear"},{"floor":19,"key":"Nilry\u0027s Codex"},{"floor":24,"key":"Smiling Mask"}],"event_choices":[{"damage_healed":0,"gold_gain":0,"player_choice":"Box","damage_taken":0,"relics_obtained":["Pen Nib"],"max_hp_gain":0,"max_hp_loss":0,"event_name":"Big Fish","floor":5,"gold_loss":0,"cards_obtained":["Regret"]},{"damage_healed":0,"gold_gain":0,"player_choice":"Obtained Book","damage_taken":16,"max_hp_gain":0,"max_hp_loss":0,"event_name":"Cursed Tome","floor":19,"gold_loss":0},{"damage_healed":0,"gold_gain":0,"cards_transformed":["Strike_P"],"player_choice":"Transformed","damage_taken":0,"max_hp_gain":0,"max_hp_loss":0,"event_name":"Transmorgrifier","floor":20,"gold_loss":0,"cards_obtained":["Omniscience"]}],"is_beta":false,"boss_relics":[{"not_picked":["SlaversCollar","Philosopher\u0027s Stone"],"picked":"Tiny House"}],"items_purged_floors":[4,10,21],"is_endless":false,"potions_floor_spawned":[2,11,12,14,22,24],"killed_by":"Snecko","ascension_level":2}}