{"host":"9373kjg5yrouhim6","time":1608276189,"event":{"mods":["2.2 Compatiblity","AchievementEnabler","Aspiration","BaseMod","Beaked The Cultist","Better Altar","Better Match","Better Note","Better Sensory Stone","Better Skull","Better Third Choice","Colored Map","Colored Powertips","Conspire","Downfall","Friendly Minions","Highlight Path","Hubris","Infinite Spire","Mimic Mod","Minty Spire (QoL Compilation)","Replay The Spire","Spicy Shops","StSLib","The Construct","The Disciple","vexMod"],"gold_per_floor":[199,199,219,56,56,84,84,69,79,79,79,90,101,86,96,96,96],"floor_reached":16,"playtime":657,"items_purged":["champ:Strike"],"score":100,"play_id":"0329f23f-b6bb-4c71-9326-49b5396d49cb","local_time":"20201218022309","is_ascension_mode":false,"campfire_choices":[{"data":"champ:Taunt","floor":1,"key":"SMITH"},{"data":"champ:Encircle","floor":5,"key":"SMITH"},{"floor":10,"key":"REST"}],"circlet_count":0,"master_deck":["champ:Strike","champ:Strike","champ:Strike","champ:Defend","champ:Defend","champ:Defend","champ:Defend","champ:Execute","champ:Taunt+1","champ:BerserkersShout","champ:DeathBlow+1","champ:Encircle+1","champ:EnragedBash"],"relics":["champ:ChampionCrown","Replay:WaspNest","infinitespire:Beetle Shell"],"acts_visited":["Exordium"],"potions_floor_usage":[13,14,15,16],"damage_taken":[{"damage":11,"enemies":"2 Louse","floor":3,"turns":3},{"damage":27,"enemies":"downfall:FleeingMerchant","floor":4,"turns":4},{"damage":70,"enemies":"3 Sentries","floor":6,"turns":5},{"damage":45,"enemies":"downfall:FleeingMerchant","floor":8,"turns":4},{"damage":29,"enemies":"Small Slimes","floor":9,"turns":2},{"damage":28,"enemies":"Cultist","floor":12,"turns":2},{"damage":25,"enemies":"Exordium Wildlife","floor":13,"turns":2},{"damage":57,"enemies":"downfall:FleeingMerchant","floor":14,"turns":4},{"damage":42,"enemies":"2 Fungi Beasts","floor":15,"turns":1},{"damage":44,"enemies":"downfall:Defect","floor":16,"turns":2}],"seed_played":"2293414897410305206","potions_obtained":[{"floor":6,"key":"EssenceOfSteel"},{"floor":9,"key":"SteroidPotion"},{"floor":13,"key":"DuplicationPotion"},{"floor":15,"key":"LiquidMemories"}],"is_trial":false,"path_per_floor":["R","?","M","$","R","E","T","$","M","R","?","M","M","$","M","B"],"character_chosen":"THE_CHAMP","items_purchased":["champ:Encircle"],"campfire_rested":1,"item_purchase_floors":[4],"current_hp_per_floor":[90,90,84,74,74,47,47,37,31,58,58,58,58,43,43,0,0],"gold":96,"neow_bonus":"HUNDRED_GOLD","is_daily":false,"chose_seed":false,"campfire_upgraded":2,"win_rate":0.0,"timestamp":1608276189,"path_taken":["R","?","M","$","R","E","T","$","M","R","?","M","M","$","M","BOSS"],"items_purchased_type":["Card"],"build_version":"2020-12-13","purchased_purges":1,"victory":false,"max_hp_per_floor":[90,90,90,90,90,90,90,90,90,90,90,90,90,90,90,90,90],"card_choices":[{"not_picked":["champ:FaceSlap","champ:PerfectedStrike"],"picked":"champ:BerserkersShout","floor":3},{"not_picked":["champ:FlashCut","champ:Backstep"],"picked":"champ:DeathBlow","floor":4},{"not_picked":["champ:FocusedDefense","champ:IronFortress","champ:BringItOn"],"picked":"SKIP","floor":6},{"not_picked":["champ:FlashCut","champ:Circumvent","champ:Encircle"],"picked":"SKIP","floor":8},{"not_picked":["champ:GladiatorsShout","champ:RisingSlash","champ:ArenaPreparation"],"picked":"SKIP","floor":9},{"not_picked":["champ:GladiatorsShout","champ:StanceDance","champ:Backstep"],"picked":"SKIP","floor":12},{"not_picked":["champ:FocusedDefense","champ:PerfectedStrike"],"picked":"champ:EnragedBash","floor":13},{"not_picked":["champ:FocusedBerserking","champ:GutPunch","champ:Circumvent"],"picked":"SKIP","floor":14},{"not_picked":["champ:Backstep","champ:DefensiveShout","champ:Lariat"],"picked":"SKIP","floor":15}],"player_experience":333465,"relics_obtained":[{"floor":6,"key":"Replay:WaspNest"},{"floor":7,"key":"infinitespire:Beetle Shell"}],"event_choices":[{"damage_healed":0,"gold_gain":0,"player_choice":"Leave","damage_taken":0,"max_hp_gain":0,"max_hp_loss":0,"event_name":"conspire:Investor","floor":2,"gold_loss":0},{"damage_healed":0,"gold_gain":0,"player_choice":"Upgraded","damage_taken":0,"max_hp_gain":0,"max_hp_loss":0,"event_name":"Upgrade Shrine","floor":11,"gold_loss":0,"cards_upgraded":["champ:DeathBlow"]}],"is_beta":false,"boss_relics":[],"items_purged_floors":[4],"is_endless":false,"potions_floor_spawned":[6,9,13,15],"killed_by":"downfall:Defect","ascension_level":0}}