{"host":"wha9hktbkslqvblg","time":1608271073,"event":{"mods":["BaseMod","Colored Map","Minty Spire (QoL Compilation)","Relic Stats","SuperFastMode","everything is the same but u backflip on backflip"],"gold_per_floor":[111,121,121,121,46,76,94,94,94,94,94],"floor_reached":10,"playtime":138,"items_purged":["Strike_R"],"score":182,"play_id":"3ed5c94a-d170-4b5d-a0a7-a90d1d248625","local_time":"20201218145753","is_ascension_mode":true,"campfire_choices":[{"data":"Entrench","floor":8,"key":"SMITH"}],"circlet_count":0,"master_deck":["AscendersBane","Strike_R","Strike_R","Strike_R+1","Defend_R","Defend_R","Defend_R","Defend_R","Bash+1","Entrench+1","Shrug It Off"],"relics":["Burning Blood","NeowsBlessing","Singing Bowl","Letter Opener"],"acts_visited":["Exordium"],"potions_floor_usage":[10],"damage_taken":[{"damage":0,"enemies":"Small Slimes","floor":1,"turns":1},{"damage":0,"enemies":"Jaw Worm","floor":2,"turns":1},{"damage":0,"enemies":"Gremlin Nob","floor":6,"turns":1},{"damage":0,"enemies":"2 Louse","floor":7,"turns":3},{"damage":52,"enemies":"3 Sentries","floor":10,"turns":9}],"seed_played":"-2052720925103262599","potions_obtained":[{"floor":6,"key":"LiquidBronze"},{"floor":7,"key":"Weak Potion"}],"is_trial":false,"path_per_floor":["M","M","?","?","$","E","M","R","T","E"],"character_chosen":"IRONCLAD","items_purchased":[],"campfire_rested":0,"item_purchase_floors":[],"current_hp_per_floor":[74,75,52,45,45,53,61,61,61,9,9],"gold":94,"neow_bonus":"THREE_ENEMY_KILL","is_daily":false,"chose_seed":false,"campfire_upgraded":1,"win_rate":0.0,"timestamp":1608271073,"path_taken":["M","M","?","?","$","E","M","R","T","E"],"items_purchased_type":[],"build_version":"2020-12-13","purchased_purges":1,"victory":false,"max_hp_per_floor":[75,75,75,75,75,77,79,79,79,79,79],"relic_stats":{"Singing Bowl":4,"counters":[5,15],"Letter Opener":[30],"obtain_stats":[{"NeowsBlessing":0,"Singing Bowl":6,"Letter Opener":9,"Burning Blood":0},{"NeowsBlessing":0,"Singing Bowl":3,"Letter Opener":4,"Burning Blood":0},{"NeowsBlessing":0,"Singing Bowl":3,"Letter Opener":6,"Burning Blood":0}],"Burning Blood":19},"card_choices":[{"not_picked":["Iron Wave","True Grit"],"picked":"Entrench","floor":1},{"not_picked":["Flex","Perfected Strike"],"picked":"Shrug It Off","floor":2},{"not_picked":["Whirlwind","Sentinel","Warcry"],"picked":"Singing Bowl","floor":6},{"not_picked":["Dual Wield","Clash","Clothesline"],"picked":"Singing Bowl","floor":7}],"player_experience":869935,"relics_obtained":[{"floor":6,"key":"Singing Bowl"},{"floor":9,"key":"Letter Opener"}],"event_choices":[{"damage_healed":0,"gold_gain":0,"player_choice":"Entered Light","damage_taken":23,"max_hp_gain":0,"max_hp_loss":0,"event_name":"Shining Light","floor":3,"gold_loss":0,"cards_upgraded":["Bash","Strike_R"]},{"cards_removed":["Strike_R"],"damage_healed":0,"gold_gain":0,"player_choice":"Card Removal","damage_taken":7,"max_hp_gain":0,"max_hp_loss":0,"event_name":"Golden Wing","floor":4,"gold_loss":0}],"is_beta":false,"boss_relics":[],"items_purged_floors":[5],"is_endless":false,"potions_floor_spawned":[6,7],"killed_by":"3 Sentries","ascension_level":20}}