{"host":"36mulxq349byzoa2","time":1608306991,"event":{"mods":["AchievementEnabler","BaseMod","Better Match","Block Reminder","Colored Map","Colored Powertips","Minty Spire (QoL Compilation)","Rare Cards Sparkle","StSLib","SuperFastMode"],"gold_per_floor":[118,43,54,54,16,47,47,59,107,107,107,107,122,122,122,252,252,267,267,267,317,331,331,371,392,392,392,236,236,62,81,81,81,81],"floor_reached":33,"playtime":649,"items_purged":["Defend_R","Strike_R"],"score":261,"play_id":"8ad33b4a-b66b-4be4-bf8e-aa5d13e4fe24","local_time":"20201218105631","is_ascension_mode":false,"campfire_choices":[{"data":"Flex","floor":7,"key":"SMITH"},{"floor":10,"key":"REST"},{"floor":15,"key":"REST"},{"floor":23,"key":"REST"},{"floor":27,"key":"REST"},{"floor":32,"key":"REST"}],"circlet_count":0,"master_deck":["Strike_R","Strike_R","Strike_R","Defend_R","Bash","Shrug It Off+1","Flex+1","Dual Wield","Pommel Strike","True Grit","Clash","Double Tap+1","Anger","Second Wind","Whirlwind"],"relics":["Burning Blood","Centennial Puzzle","Dream Catcher","Golden Idol","Du-Vu Doll","Black Star","Ancient Tea Set","Strawberry","Bottled Lightning","Akabeko","War Paint"],"acts_visited":["Exordium","TheCity"],"potions_floor_usage":[16],"damage_taken":[{"damage":8,"enemies":"Small Slimes","floor":1,"turns":3},{"damage":6,"enemies":"Cultist","floor":3,"turns":4},{"damage":60,"enemies":"Lagavulin","floor":6,"turns":7},{"damage":0,"enemies":"2 Louse","floor":8,"turns":2},{"damage":5,"enemies":"Red Slaver","floor":13,"turns":2},{"damage":9,"enemies":"Slime Boss","floor":16,"turns":7},{"damage":31,"enemies":"3 Byrds","floor":18,"turns":7},{"damage":20,"enemies":"Chosen","floor":22,"turns":6},{"damage":21,"enemies":"Book of Stabbing","floor":24,"turns":3},{"damage":14,"enemies":"3 Cultists","floor":25,"turns":5},{"damage":42,"enemies":"Centurion and Healer","floor":31,"turns":4},{"damage":0,"enemies":"Automaton","floor":33,"turns":1}],"seed_played":"-7238297205164100205","potions_obtained":[{"floor":1,"key":"DistilledChaos"},{"floor":6,"key":"HeartOfIron"},{"floor":8,"key":"SmokeBomb"},{"floor":16,"key":"Swift Potion"}],"is_trial":false,"path_per_floor":["M","$","M","?","$","E","R","M","T","R","?","?","M","T","R","B",null,"M","T","?","?","M","R","E","M","T","R","$","?","$","M","R","B"],"character_chosen":"IRONCLAD","items_purchased":["Dual Wield","War Paint","Whirlwind"],"campfire_rested":5,"item_purchase_floors":[5,28,30],"current_hp_per_floor":[78,78,78,78,78,24,24,30,30,54,54,47,48,48,70,67,74,49,49,49,49,35,57,49,41,41,65,65,65,65,29,53,53,53],"gold":81,"neow_bonus":"TRANSFORM_CARD","is_daily":false,"chose_seed":false,"campfire_upgraded":1,"win_rate":0.0,"timestamp":1608306991,"path_taken":["M","$","M","?","?","E","R","M","T","R","?","?","M","?","R","BOSS","M","?","?","?","?","R","E","M","T","R","$","?","$","M","R","BOSS"],"items_purchased_type":["Card","Relic","Card"],"build_version":"2020-12-13","purchased_purges":2,"victory":false,"max_hp_per_floor":[80,80,80,80,80,80,80,80,80,80,74,74,74,74,74,74,74,74,74,74,74,74,74,81,81,81,81,81,81,81,81,81,81,81],"card_choices":[{"not_picked":["Blood for Blood","Reckless Charge"],"picked":"Flex","floor":1},{"not_picked":["Flex","Shrug It Off","Power Through"],"picked":"SKIP","floor":3},{"not_picked":["Intimidate","Sword Boomerang","Metallicize"],"picked":"SKIP","floor":6},{"not_picked":["Armaments","Twin Strike","Sword Boomerang"],"picked":"SKIP","floor":8},{"not_picked":["Sever Soul","Sentinel"],"picked":"Pommel Strike","floor":13},{"not_picked":["Burning Pact","Shrug It Off"],"picked":"True Grit","floor":15},{"not_picked":["Iron Wave","True Grit"],"picked":"Clash","floor":18},{"not_picked":["True Grit","Headbutt","Combust"],"picked":"SKIP","floor":22},{"not_picked":["Havoc+1","Perfected Strike+1"],"picked":"Double Tap","floor":23},{"not_picked":["Evolve","Bloodletting+1"],"picked":"Anger","floor":24},{"not_picked":["Body Slam","Heavy Blade+1"],"picked":"Second Wind","floor":25},{"not_picked":["Battle Trance","Shrug It Off+1","Iron Wave"],"picked":"SKIP","floor":31}],"player_experience":983959,"relics_obtained":[{"floor":6,"key":"Centennial Puzzle"},{"floor":9,"key":"Dream Catcher"},{"floor":14,"key":"Du-Vu Doll"},{"floor":19,"key":"Ancient Tea Set"},{"floor":24,"key":"Strawberry"},{"floor":24,"key":"Bottled Lightning"},{"floor":26,"key":"Akabeko"}],"event_choices":[{"cards_removed":["Defend_R"],"damage_healed":0,"gold_gain":0,"player_choice":"Purged","damage_taken":0,"max_hp_gain":0,"max_hp_loss":0,"event_name":"Purifier","floor":4,"gold_loss":0},{"damage_healed":0,"gold_gain":0,"player_choice":"Lose Max HP","damage_taken":0,"relics_obtained":["Golden Idol"],"max_hp_gain":0,"max_hp_loss":6,"event_name":"Golden Idol","floor":11,"gold_loss":0},{"cards_removed":["Defend_R"],"damage_healed":0,"gold_gain":0,"player_choice":"Card Removal","damage_taken":7,"max_hp_gain":0,"max_hp_loss":0,"event_name":"Golden Wing","floor":12,"gold_loss":0},{"damage_healed":0,"gold_gain":0,"player_choice":"Ignored","damage_taken":0,"max_hp_gain":0,"max_hp_loss":0,"event_name":"Ghosts","floor":20,"gold_loss":0},{"damage_healed":0,"gold_gain":100,"player_choice":"Bet on Murderer","damage_taken":0,"max_hp_gain":0,"max_hp_loss":0,"event_name":"The Joust","floor":21,"gold_loss":50},{"damage_healed":0,"gold_gain":0,"player_choice":"Bought 0 Potions","damage_taken":0,"max_hp_gain":0,"max_hp_loss":0,"event_name":"The Woman in Blue","floor":29,"gold_loss":0}],"is_beta":false,"boss_relics":[{"not_picked":["Velvet Choker","Coffee Dripper"],"picked":"Black Star"}],"items_purged_floors":[2,30],"is_endless":false,"potions_floor_spawned":[1,6,8,16,18,31],"killed_by":"Automaton","ascension_level":0}}