{"host":"4qt77pm52ljaz00q","time":1608305235,"event":{"mods":["2.2 Compatiblity","Aspiration","Bard","BaseMod","Beaked The Cultist","Challenge The Spire","ChefMod","Colored Map","Conspire","Friendly Minions","Glutton Mod","Halation","Hermit","Hubris","Infinite Spire","Jedi Mod","Marisa????????","Minty Spire (QoL Compilation)","Permanent Neow","Relic Sorter","Replay The Spire","Robot Space Explorer","Shade Mod","Shop Mod","StSLib","The Bug Knight","The Construct","The Cursed","The Disciple","The Dragon Tamer","The Jungle","The Mystic","The Poker Player","The Runesmith","The Servant 0.9.4","Unknown Chances","Wandering Minibosses","vexMod"],"gold_per_floor":[118,130,130,130,142,170,183,183,257,285,299,310,335,347,347,447,447,459,459,358,408,421,453,453,453,453,453,465,361,361,377,377,482,482,497,772,783,800,800,850,850,864,864,864,876,876,876,190,190,218],"floor_reached":51,"playtime":1991,"items_purged":[],"score":637,"play_id":"4ab7df13-f84c-48e3-a4ca-d2f387015c4d","local_time":"20201218102715","is_ascension_mode":false,"campfire_choices":[{"data":"TheCursedMod:CircleOfFlame","floor":8.0,"key":"SMITH"},{"data":"TheCursedMod:ReleasedStrength","floor":15.0,"key":"SMITH"},{"data":"Replay:Fractal Strike","floor":27,"key":"SMITH"},{"data":"TheCursedMod:CursedBoomerang","floor":32,"key":"SMITH"},{"data":"TheCursedMod:CursedBoomerang","floor":41,"key":"SMITH"},{"data":"TheCursedMod:CircleOfAbyss","floor":44,"key":"SMITH"},{"data":"TheCursedMod:CircleOfAbyss","floor":46,"key":"SMITH"},{"data":"TheCursedMod:CircleOfAbyss","floor":49,"key":"SMITH"}],"circlet_count":0,"master_deck":["TheCursedMod:Strike_TheCursed","TheCursedMod:Strike_TheCursed","TheCursedMod:Strike_TheCursed","TheCursedMod:Strike_TheCursed","TheCursedMod:Defend_TheCursed+4","TheCursedMod:Defend_TheCursed","TheCursedMod:Defend_TheCursed","TheCursedMod:Defend_TheCursed","TheCursedMod:CursedWand+1","TheCursedMod:CleanUpWorkshop+1","TheCursedMod:Dregs","TheCursedMod:WearCloak","TheCursedMod:SurpriseAttack","Pain","TheCursedMod:SoulReap","TheCursedMod:CircleOfFlame+1","TheCursedMod:WearCloak","TheCursedMod:StunningStrike","TheCursedMod:RavingStaff","TheCursedMod:ReleasedStrength+1","TheCursedMod:CircleOfAbyss+1","TheCursedMod:HellfireBreathing+1","TheCursedMod:SurpriseAttack","TheCursedMod:RavingStaff+1","TheCursedMod:WearCloak+1","TheCursedMod:CursedBlade+1","Replay:Fractal Strike+1","TheCursedMod:LuckyCharm+1","TheCursedMod:SurpriseAttack","TheCursedMod:CursedBoomerang+1","TheCursedMod:CursedBoomerang+1","TheCursedMod:AbyssShockwave","TheCursedMod:CircleOfAbyss+1","TheCursedMod:CursedBlade+1","Regret","TheCursedMod:CursedMace+1","TheCursedMod:CursedBlade+1","TheCursedMod:ManaBullet+1","TheCursedMod:CircleOfAbyss+1","Finesse"],"relics":["TheCursedMod:BlackMagic101","halation:PinkSoulGem","Replay:Mystery Machine","WarpedTongs","vexMod:BarristanHead","Frozen Egg 2","Simple Rune","Question Card","TheCursedMod:OminousMark","jedi:firstaidkit","halation:HeavySnake","HandDrill","jedi:zontanonomicon","Onion Ring","wanderingMiniBosses:CarrionFlame","conspire:SlowCooker","conspire:Dentures","hubris:Potato","Calipers","Mirror","Kunai","jedi:gremlinknob","halation:IllGainedPizza","Frozen Eye"],"acts_visited":["Exordium","TheCity","TheBeyond"],"potions_floor_usage":[16,28,31,31,50],"damage_taken":[{"damage":5.0,"enemies":"Jaw Worm","floor":1.0,"turns":5.0},{"damage":0.0,"enemies":"2 Louse","floor":2.0,"turns":4.0},{"damage":5.0,"enemies":"Cultist","floor":5.0,"turns":3.0},{"damage":15.0,"enemies":"Lagavulin","floor":6.0,"turns":5.0},{"damage":6.0,"enemies":"3 Louse","floor":7.0,"turns":4.0},{"damage":6.0,"enemies":"Replay:BlueRogue","floor":10.0,"turns":6.0},{"damage":6.0,"enemies":"Looter","floor":11.0,"turns":7.0},{"damage":3.0,"enemies":"Gremlin Gang","floor":12.0,"turns":4.0},{"damage":34.0,"enemies":"3 Sentries","floor":13.0,"turns":5.0},{"damage":0.0,"enemies":"2 Fungi Beasts","floor":14.0,"turns":2.0},{"damage":27,"enemies":"The Guardian","floor":16,"turns":9},{"damage":20,"enemies":"2 Thieves","floor":18,"turns":3},{"damage":0,"enemies":"3 Byrds","floor":22,"turns":3},{"damage":9,"enemies":"Book of Stabbing","floor":23,"turns":4},{"damage":21,"enemies":"Shelled Parasite and Fungi","floor":28,"turns":4},{"damage":1,"enemies":"Centurion and Healer","floor":31,"turns":6},{"damage":13,"enemies":"Collector","floor":33,"turns":6},{"damage":14,"enemies":"3 Shapes","floor":35,"turns":2},{"damage":3,"enemies":"Orb Walker","floor":37,"turns":2},{"damage":0,"enemies":"Jaw Worm Horde","floor":38,"turns":2},{"damage":0,"enemies":"2 Orb Walkers","floor":40,"turns":2},{"damage":0,"enemies":"4 Shapes","floor":42,"turns":1},{"damage":0,"enemies":"Transient","floor":45,"turns":5},{"damage":4,"enemies":"Replay:Hell Engine","floor":50,"turns":10}],"seed_played":"-1490947989957147821","potions_obtained":[{"floor":1.0,"key":"Strength Potion"},{"floor":2.0,"key":"FearPotion"},{"floor":6.0,"key":"conspire:TimeTravelPotion"},{"floor":7.0,"key":"jedi:tentaclejuice"},{"floor":11.0,"key":"Regen Potion"},{"floor":14.0,"key":"ColorlessPotion"},{"floor":18,"key":"FearPotion"},{"floor":23,"key":"SteroidPotion"},{"floor":31,"key":"Adrenaline Potion"},{"floor":35,"key":"construct:ShiftPotion"},{"floor":38,"key":"jedi:wingpotion"},{"floor":42,"key":"Venom Potion"}],"is_trial":false,"path_per_floor":["M","M","?","?","M","E","M","R","T","E","M","M","E","M","R","B",null,"M","?","$","?","M","E","AVR","?","T","R","M","$","?","M","R","B",null,"M","?","M","M","$","?","R","M","T","R","M","R","T","$","R","B",null],"character_chosen":"THE_CURSED","items_purchased":["TheCursedMod:SurpriseAttack","TheCursedMod:RavingStaff","TheCursedMod:SurpriseAttack","TheCursedMod:CursedBoomerang","conspire:Dentures","hubris:Potato","jedi:gremlinknob","Finesse","halation:IllGainedPizza","Frozen Eye"],"campfire_rested":0,"item_purchase_floors":[20,20,29,29,39,39,48,48,48,48],"current_hp_per_floor":[70,70,70,70,65,60,54,54,54,50,51,53,37,42,42,28,75,55,55,55,55,61,62,62,46,46,46,53,53,53,67,67,65,75,61,61,58,58,22,22,22,22,22,22,31,31,31,31,31,43],"gold":218,"neow_bonus":"RANDOM_COMMON_RELIC","is_daily":false,"chose_seed":false,"campfire_upgraded":8,"win_rate":0.0,"timestamp":1608305235,"path_taken":["M","M","?","?","M","E","M","R","T","E","M","?","E","M","R","BOSS","M","?","$","?","?","E","AVR","?","T","R","M","?","?","M","R","BOSS","M","?","M","?","?","?","R","M","T","R","?","R","?","$","R","BOSS"],"items_purchased_type":["Card","Card","Card","Card","Relic","Relic","Relic","Card","Relic","Relic"],"build_version":"2020-12-13","purchased_purges":0,"victory":true,"max_hp_per_floor":[75,75,75,75,75,75,75,75,75,75,75,75,75,75,75,75,75,75,75,75,75,75,75,75,75,75,75,75,75,75,75,75,75,75,75,75,75,75,75,75,75,75,75,75,75,75,75,75,75,75],"card_choices":[{"not_picked":["TheCursedMod:AshesToAshes","TheCursedMod:SaltUponWound"],"picked":"TheCursedMod:WearCloak","floor":1.0},{"not_picked":["TheCursedMod:Stigma","TheCursedMod:CursedAmulet"],"picked":"TheCursedMod:SurpriseAttack","floor":2.0},{"not_picked":["TheCursedMod:CursedMace","TheCursedMod:CursedAmulet"],"picked":"TheCursedMod:SoulReap","floor":5.0},{"not_picked":["TheCursedMod:PrepareRite","TheCursedMod:SoulReap"],"picked":"TheCursedMod:CircleOfFlame","floor":6.0},{"not_picked":["TheCursedMod:CursedAmulet","TheCursedMod:PrepareRite"],"picked":"TheCursedMod:WearCloak","floor":7.0},{"not_picked":["TheCursedMod:StunningStrike","TheCursedMod:FleshFromBone","TheCursedMod:Wield"],"picked":"SKIP","floor":10.0},{"not_picked":["TheCursedMod:FleshFromBone","TheCursedMod:Wield"],"picked":"TheCursedMod:StunningStrike","floor":10.0},{"not_picked":["TheCursedMod:Torture","TheCursedMod:CursedShiv","TheCursedMod:CircleOfBlood"],"picked":"SKIP","floor":11.0},{"not_picked":["TheCursedMod:SpitefulStrike","TheCursedMod:RapidMovement"],"picked":"TheCursedMod:RavingStaff","floor":12.0},{"not_picked":["TheCursedMod:CircleOfFlame","TheCursedMod:CircleOfAmplification","TheCursedMod:LuckyCharm+1"],"picked":"SKIP","floor":13.0},{"not_picked":["TheCursedMod:CursedBoomerang","TheCursedMod:SpitefulPlan+1","TheCursedMod:VitalStrike"],"picked":"TheCursedMod:ReleasedStrength","floor":14.0},{"not_picked":["TheCursedMod:CursedRelics","TheCursedMod:ManaCirculation+1","TheCursedMod:DemonicPact+1"],"picked":"TheCursedMod:CircleOfAbyss","floor":16},{"not_picked":["TheCursedMod:CursedShiv","TheCursedMod:Stigma","TheCursedMod:Wield"],"picked":"TheCursedMod:HellfireBreathing+1","floor":18},{"not_picked":["TheCursedMod:Mangle","TheCursedMod:Torture+1","TheCursedMod:TacticalStrike"],"picked":"TheCursedMod:WearCloak","floor":22},{"not_picked":["TheCursedMod:RapidMovement","TheCursedMod:CursedShiv","TheCursedMod:CursedSpellbook"],"picked":"TheCursedMod:CursedBlade","floor":23},{"not_picked":["TheCursedMod:VitalStrike","TheCursedMod:EmpowerCircles+1","TheCursedMod:Stretching"],"picked":"TheCursedMod:LuckyCharm+1","floor":28},{"not_picked":["TheCursedMod:CursedShiv","TheCursedMod:EmpowerCircles+1","TheCursedMod:Grudge"],"picked":"TheCursedMod:AbyssShockwave","floor":31},{"not_picked":["TheCursedMod:Neurasthenia","TheCursedMod:StunningStrike","TheCursedMod:AntiAging"],"picked":"TheCursedMod:CircleOfAbyss","floor":33},{"not_picked":["TheCursedMod:ManaBullet+1","TheCursedMod:CursedShiv+1","TheCursedMod:StingEye+1"],"picked":"TheCursedMod:CursedBlade","floor":35},{"not_picked":["TheCursedMod:CircleOfCorruption","TheCursedMod:Torture","TheCursedMod:Mangle+1"],"picked":"TheCursedMod:CursedMace+1","floor":37},{"not_picked":["TheCursedMod:CircleOfCorruption","TheCursedMod:ManaBullet+1","TheCursedMod:CursedShiv+1"],"picked":"TheCursedMod:CursedBlade+1","floor":38},{"not_picked":["TheCursedMod:SoulCrush+1","TheCursedMod:Wield+1","TheCursedMod:BloodBarrier+1"],"picked":"TheCursedMod:ManaBullet","floor":40},{"not_picked":["TheCursedMod:RapidMovement","TheCursedMod:CursedAmulet","TheCursedMod:CircleOfFlame+1"],"picked":"TheCursedMod:CircleOfAbyss","floor":42},{"not_picked":["TheCursedMod:BlessingInDisguise","TheCursedMod:Torture+1","TheCursedMod:CircleOfFlame+1","TheCursedMod:SpitefulStrike+1"],"picked":"SKIP","floor":45}],"player_experience":203390,"relics_obtained":[{"floor":6.0,"key":"vexMod:BarristanHead"},{"floor":9.0,"key":"Frozen Egg 2"},{"floor":10.0,"key":"Simple Rune"},{"floor":13.0,"key":"Question Card"},{"floor":23,"key":"jedi:firstaidkit"},{"floor":25,"key":"jedi:zontanonomicon"},{"floor":26,"key":"Onion Ring"},{"floor":31,"key":"wanderingMiniBosses:CarrionFlame"},{"floor":40,"key":"Calipers"},{"floor":43,"key":"Mirror"},{"floor":47,"key":"Kunai"}],"event_choices":[{"damage_healed":0.0,"max_hp_gain":0.0,"max_hp_loss":0.0,"gold_gain":0.0,"event_name":"The Cleric","player_choice":"Leave","floor":3.0,"gold_loss":0.0,"damage_taken":0.0},{"damage_healed":0.0,"max_hp_gain":0.0,"max_hp_loss":0.0,"gold_gain":0.0,"event_name":"Accursed Blacksmith","player_choice":"Rummage","floor":4.0,"gold_loss":0.0,"damage_taken":0.0,"relics_obtained":["WarpedTongs"],"cards_obtained":["Pain"]},{"damage_healed":0,"gold_gain":100,"player_choice":"Bet on Murderer","damage_taken":0,"max_hp_gain":0,"max_hp_loss":0,"event_name":"The Joust","floor":21,"gold_loss":50},{"damage_healed":0,"gold_gain":0,"player_choice":"Obtained Book","damage_taken":16,"max_hp_gain":0,"max_hp_loss":0,"event_name":"Cursed Tome","floor":25,"gold_loss":0},{"damage_healed":0,"gold_gain":0,"player_choice":"Simplicity","damage_taken":0,"max_hp_gain":0,"max_hp_loss":0,"event_name":"Back to Basics","floor":30,"gold_loss":0,"cards_upgraded":["TheCursedMod:Strike_TheCursed","TheCursedMod:Strike_TheCursed","TheCursedMod:Strike_TheCursed","TheCursedMod:Strike_TheCursed","TheCursedMod:Defend_TheCursed","TheCursedMod:Defend_TheCursed","TheCursedMod:Defend_TheCursed","TheCursedMod:Defend_TheCursed"]},{"damage_healed":0,"gold_gain":275,"player_choice":"Desecrate","damage_taken":0,"max_hp_gain":0,"max_hp_loss":0,"event_name":"Golden Shrine","floor":36,"gold_loss":0,"cards_obtained":["Regret"]},{"damage_healed":0,"gold_gain":0,"player_choice":"Fight","damage_taken":0,"max_hp_gain":0,"max_hp_loss":0,"event_name":"Mysterious Sphere","floor":40,"gold_loss":0}],"is_beta":false,"boss_relics":[{"not_picked":["Fusion Hammer","aspiration:RitualDagger"],"picked":"TheCursedMod:OminousMark"},{"not_picked":["Honey Jar","Snecko Eye"],"picked":"conspire:SlowCooker"}],"items_purged_floors":[],"is_endless":false,"potions_floor_spawned":[1,2,6,7,11,14,18,23,31,35,38,40,42],"ascension_level":0}}