{"host":"q9718omregw4er46","time":1608303204,"event":{"mods":["BaseMod","Bestiary","Colored Powertips","Custom Start","Highlight Path","Minty Spire (QoL Compilation)","Practice Mode","Quick Restart","Relic Stats"],"gold_per_floor":[136,178,221,221,256,256,256],"floor_reached":6,"playtime":561,"items_purged":[],"score":74,"play_id":"4dbb2b57-9849-486a-ac7b-0c653dea10ec","local_time":"20201218195324","is_ascension_mode":true,"campfire_choices":[],"circlet_count":0,"master_deck":["AscendersBane","Strike_P","Strike_P","Strike_P","Strike_P","Defend_P","Defend_P","Defend_P","Defend_P","Eruption","Vigilance","Wish","SashWhip","FlurryOfBlows","TalkToTheHand","ThirdEye"],"relics":["PureWater"],"acts_visited":["Exordium"],"potions_floor_usage":[],"damage_taken":[{"damage":5,"enemies":"2 Louse","floor":1,"turns":7},{"damage":17,"enemies":"Cultist","floor":2,"turns":6},{"damage":4,"enemies":"Jaw Worm","floor":3,"turns":3},{"damage":10,"enemies":"Blue Slaver","floor":5,"turns":6},{"damage":56,"enemies":"Gremlin Nob","floor":6,"turns":3}],"seed_played":"3028730703163345949","potions_obtained":[{"floor":2,"key":"BottledMiracle"},{"floor":5,"key":"LiquidBronze"}],"is_trial":false,"path_per_floor":["M","M","M","?","M","E"],"character_chosen":"WATCHER","items_purchased":[],"campfire_rested":0,"item_purchase_floors":[],"current_hp_per_floor":[56,39,35,35,25,0,0],"gold":256,"neow_bonus":"ONE_RANDOM_RARE_CARD","is_daily":false,"chose_seed":false,"campfire_upgraded":0,"win_rate":0.0,"timestamp":1608303204,"path_taken":["M","M","M","?","M","E"],"items_purchased_type":[],"build_version":"2020-12-13","purchased_purges":0,"victory":false,"max_hp_per_floor":[68,68,68,68,68,68,68],"relic_stats":{"counters":[5,25],"obtain_stats":[{"PureWater":0},{"PureWater":0},{"PureWater":0}]},"card_choices":[{"not_picked":["FearNoEvil","FlurryOfBlows"],"picked":"SashWhip","floor":1},{"not_picked":["Evaluate","Protect"],"picked":"FlurryOfBlows","floor":2},{"not_picked":["FearNoEvil","Sanctity"],"picked":"TalkToTheHand","floor":3},{"not_picked":["CutThroughFate","BattleHymn"],"picked":"ThirdEye","floor":5}],"player_experience":1038348,"relics_obtained":[],"event_choices":[{"damage_healed":0,"gold_gain":0,"player_choice":"0 cards matched","damage_taken":0,"max_hp_gain":0,"max_hp_loss":0,"event_name":"Match and Keep!","floor":4,"gold_loss":0,"cards_obtained":[]}],"is_beta":false,"boss_relics":[],"items_purged_floors":[],"is_endless":false,"potions_floor_spawned":[2,5],"killed_by":"Gremlin Nob","ascension_level":19}}