{"host":"joxnbq9hujdt0xua","time":1608325288,"event":{"mods":["Act Like it!","BaseMod","Colored Powertips","Downfall","Minty Spire (QoL Compilation)","Replay The Spire","StSLib"],"gold_per_floor":[99,113,113,125,74,74,74,174,184,184,203,218,229,242,254,254,254],"floor_reached":16,"playtime":467,"items_purged":[],"score":96,"play_id":"5ecc26b1-1c80-436b-a49c-8bb5dd24d2db","local_time":"20201219050128","is_ascension_mode":false,"campfire_choices":[{"data":"champ:Execute","floor":1,"key":"SMITH"},{"data":"champ:Haymaker","floor":3,"key":"SMITH"},{"data":"champ:EnragedBash","floor":10,"key":"SMITH"}],"circlet_count":0,"master_deck":["champ:Strike","champ:Strike","champ:Strike","champ:Strike","champ:Defend","champ:Defend","champ:Defend","champ:Defend","champ:Execute+1","champ:Taunt","champ:Haymaker+1","champ:FalseCounter","champ:SwordThrow","champ:EnragedBash","champ:EnragedBash+1","champ:BerserkersShout","champ:RecklessLeap","champ:Encircle","champ:BringItOn"],"relics":["champ:ChampionCrown","Darkstone Periapt"],"acts_visited":["Exordium"],"potions_floor_usage":[16,16,16],"damage_taken":[{"damage":8,"enemies":"2 Louse","floor":2,"turns":2},{"damage":11,"enemies":"Small Slimes","floor":4,"turns":4},{"damage":8,"enemies":"downfall:FleeingMerchant","floor":5,"turns":4},{"damage":13,"enemies":"Cultist","floor":9,"turns":3},{"damage":42,"enemies":"Large Slime","floor":11,"turns":7},{"damage":20,"enemies":"Exordium Thugs","floor":12,"turns":4},{"damage":15,"enemies":"Blue Slaver","floor":13,"turns":3},{"damage":37,"enemies":"Large Slime","floor":14,"turns":6},{"damage":18,"enemies":"Exordium Wildlife","floor":15,"turns":3},{"damage":30,"enemies":"downfall:Silent","floor":16,"turns":4}],"seed_played":"-3065784972118101915","potions_obtained":[{"floor":2,"key":"Ancient Potion"},{"floor":9,"key":"LiquidBronze"},{"floor":11,"key":"Reflective Coating"}],"is_trial":false,"path_per_floor":["R","M","R","M","$","?","T","?","M","R","M","M","M","M","M","B"],"character_chosen":"THE_CHAMP","items_purchased":["champ:EnragedBash"],"campfire_rested":0,"item_purchase_floors":[5],"current_hp_per_floor":[99,91,91,88,88,88,88,88,82,82,52,43,38,33,32,8,8],"gold":254,"neow_bonus":"TEN_PERCENT_HP_BONUS","is_daily":false,"chose_seed":false,"campfire_upgraded":3,"win_rate":0.0,"timestamp":1608325288,"path_taken":["R","M","R","M","$","?","T","?","M","R","M","?","M","M","M","BOSS"],"items_purchased_type":["Card"],"build_version":"2020-12-13","purchased_purges":0,"victory":false,"max_hp_per_floor":[99,99,99,99,99,99,99,99,99,99,99,99,99,99,99,99,99],"card_choices":[{"not_picked":["champ:Lariat","champ:FanOfKnives"],"picked":"champ:Haymaker","floor":2},{"not_picked":["champ:ViciousMockery","champ:BerserkersShout"],"picked":"champ:FalseCounter","floor":4},{"not_picked":["champ:StanceDance","champ:CrookedStrike"],"picked":"champ:SwordThrow","floor":5},{"not_picked":["champ:FlashCut","champ:Shatter"],"picked":"champ:EnragedBash","floor":9},{"not_picked":["champ:FlashCut","champ:FanOfKnives"],"picked":"champ:BerserkersShout","floor":11},{"not_picked":["champ:PreciseThrust","champ:PerfectedStrike","champ:FlashCut"],"picked":"SKIP","floor":12},{"not_picked":["champ:HeartStrike","champ:Shatter"],"picked":"champ:RecklessLeap","floor":13},{"not_picked":["champ:RecklessLeap","champ:TornadoPunch"],"picked":"champ:Encircle","floor":14},{"not_picked":["champ:PerfectedStrike","champ:Encircle"],"picked":"champ:BringItOn","floor":15}],"player_experience":71658,"relics_obtained":[{"floor":7,"key":"Darkstone Periapt"}],"event_choices":[],"is_beta":false,"boss_relics":[],"items_purged_floors":[],"is_endless":false,"potions_floor_spawned":[2,9,11,12],"killed_by":"downfall:Silent","ascension_level":0}}