{"host":"ix7p32bjxfunmfrv","time":1608310694,"event":{"mods":["AchievementEnabler","BaseMod","DeckTracker","Minty Spire (QoL Compilation)","Permanent Neow","Quick Restart"],"gold_per_floor":[110,110,35,55,55,55,93,93,93,118,133,174,187,187,187,308,308,324,423,423,436,451,451,376,376,376,376,401,150,169,187,187,187,187],"floor_reached":33,"playtime":1121,"items_purged":["Strike_R","Defend_R"],"score":307,"play_id":"15118925-2fb0-4481-b6d5-88d60d86b8ba","local_time":"20201219015814","is_ascension_mode":false,"campfire_choices":[{"data":"Perfected Strike","floor":6,"key":"SMITH"},{"data":"Exhume","floor":8,"key":"SMITH"},{"data":"Bash","floor":15,"key":"SMITH"},{"data":"Impervious","floor":23,"key":"SMITH"},{"data":"Flame Barrier","floor":27,"key":"SMITH"},{"data":"Ghostly Armor","floor":32,"key":"SMITH"}],"circlet_count":0,"master_deck":["Strike_R","Strike_R","Strike_R","Strike_R","Defend_R","Defend_R","Bash+1","Perfected Strike+1","Exhume+1","Ghostly Armor+1","Impervious+1","Flame Barrier+1","Headbutt"],"relics":["Black Blood","NeowsBlessing","Golden Idol","TungstenRod","Nunchaku","Singing Bowl","StrikeDummy","Pear","MutagenicStrength","Enchiridion","WingedGreaves","Akabeko"],"acts_visited":["Exordium","TheCity"],"potions_floor_usage":[12,22,31,33],"damage_taken":[{"damage":0,"enemies":"2 Louse","floor":1,"turns":1},{"damage":0,"enemies":"Jaw Worm","floor":4,"turns":1},{"damage":0,"enemies":"3 Sentries","floor":7,"turns":2},{"damage":0,"enemies":"Small Slimes","floor":10,"turns":3},{"damage":3,"enemies":"3 Louse","floor":11,"turns":3},{"damage":6,"enemies":"Gremlin Nob","floor":12,"turns":4},{"damage":2,"enemies":"2 Fungi Beasts","floor":13,"turns":4},{"damage":55,"enemies":"Hexaghost","floor":16,"turns":11},{"damage":15,"enemies":"Shell Parasite","floor":18,"turns":7},{"damage":0,"enemies":"Chosen","floor":21,"turns":3},{"damage":43,"enemies":"Sentry and Sphere","floor":22,"turns":9},{"damage":11,"enemies":"Snecko","floor":28,"turns":5},{"damage":0,"enemies":"Snake Plant","floor":30,"turns":5},{"damage":10,"enemies":"3 Cultists","floor":31,"turns":7},{"damage":15,"enemies":"Champ","floor":33,"turns":6}],"seed_played":"8295527899408124917","potions_obtained":[{"floor":1,"key":"Block Potion"},{"floor":11,"key":"EssenceOfSteel"},{"floor":12,"key":"Explosive Potion"},{"floor":13,"key":"Fire Potion"},{"floor":16,"key":"Swift Potion"},{"floor":22,"key":"DistilledChaos"},{"floor":28,"key":"SpeedPotion"},{"floor":31,"key":"Block Potion"}],"is_trial":false,"path_per_floor":["M","?","$","M","T","R","E","R","T","M","M","E","M","?","R","B",null,"M","?","?","M","M","R","?","?","T","R","M","$","M","M","R","B"],"character_chosen":"IRONCLAD","items_purchased":["Akabeko"],"campfire_rested":0,"item_purchase_floors":[29],"current_hp_per_floor":[80,60,60,66,66,66,72,72,72,80,84,84,86,82,82,33,96,95,95,95,98,67,67,67,55,55,55,58,58,72,76,76,61,61],"gold":187,"neow_bonus":"THREE_ENEMY_KILL","is_daily":false,"chose_seed":false,"campfire_upgraded":6,"win_rate":0.0,"timestamp":1608310694,"path_taken":["M","?","$","M","?","R","E","R","T","M","M","E","M","?","R","BOSS","M","?","?","M","M","R","?","?","T","R","?","$","M","M","R","BOSS"],"items_purchased_type":["Relic"],"build_version":"2020-12-13","purchased_purges":2,"victory":false,"max_hp_per_floor":[80,80,80,80,80,80,80,80,80,82,84,84,86,96,96,96,96,98,98,98,98,98,98,98,98,98,98,100,100,102,104,104,104,104],"card_choices":[{"not_picked":["Second Wind","Clothesline","Clash"],"picked":"SKIP","floor":1},{"not_picked":["Wild Strike","Burning Pact"],"picked":"Perfected Strike","floor":4},{"not_picked":["Anger","Juggernaut"],"picked":"Exhume","floor":7},{"not_picked":["Rage","Clothesline","Havoc"],"picked":"Singing Bowl","floor":10},{"not_picked":["Armaments","Power Through","Havoc"],"picked":"Singing Bowl","floor":11},{"not_picked":["Cleave","Brutality"],"picked":"Ghostly Armor","floor":12},{"not_picked":["Sword Boomerang","Havoc","Warcry"],"picked":"Singing Bowl","floor":13},{"not_picked":["Juggernaut","Fiend Fire"],"picked":"Impervious","floor":16},{"not_picked":["Feel No Pain","Anger","Heavy Blade+1"],"picked":"Singing Bowl","floor":18},{"not_picked":["Heavy Blade+1","Anger"],"picked":"Flame Barrier","floor":21},{"not_picked":["Anger","Clothesline+1"],"picked":"Headbutt","floor":22},{"not_picked":["Sever Soul+1","Dropkick+1","Entrench"],"picked":"Singing Bowl","floor":28},{"not_picked":["Thunderclap","Feel No Pain","Brutality"],"picked":"Singing Bowl","floor":30},{"not_picked":["Body Slam","Reckless Charge+1","Sword Boomerang"],"picked":"Singing Bowl","floor":31}],"player_experience":143552,"relics_obtained":[{"floor":5,"key":"TungstenRod"},{"floor":7,"key":"Nunchaku"},{"floor":9,"key":"Singing Bowl"},{"floor":12,"key":"StrikeDummy"},{"floor":25,"key":"Enchiridion"},{"floor":26,"key":"WingedGreaves"}],"event_choices":[{"damage_healed":0,"gold_gain":0,"player_choice":"Take Damage","damage_taken":20,"relics_obtained":["Golden Idol"],"max_hp_gain":0,"max_hp_loss":0,"event_name":"Golden Idol","floor":2,"gold_loss":0},{"damage_healed":0,"gold_gain":0,"player_choice":"Success","damage_taken":18,"relics_obtained":["Pear"],"max_hp_gain":0,"max_hp_loss":0,"event_name":"Scrap Ooze","floor":14,"gold_loss":0},{"damage_healed":0,"gold_gain":99,"player_choice":"Stole From Cult","damage_taken":0,"max_hp_gain":0,"max_hp_loss":0,"event_name":"Nest","floor":19,"gold_loss":0},{"damage_healed":0,"gold_gain":0,"player_choice":"Inject Mutagens","damage_taken":0,"relics_obtained":["MutagenicStrength"],"max_hp_gain":0,"max_hp_loss":0,"event_name":"Drug Dealer","floor":20,"gold_loss":0},{"cards_removed":["Defend_R"],"damage_healed":0,"gold_gain":0,"player_choice":"Gave Gold","damage_taken":0,"max_hp_gain":0,"max_hp_loss":0,"event_name":"Beggar","floor":24,"gold_loss":75},{"damage_healed":0,"gold_gain":0,"player_choice":"Obtained Book","damage_taken":16,"max_hp_gain":0,"max_hp_loss":0,"event_name":"Cursed Tome","floor":25,"gold_loss":0}],"is_beta":false,"boss_relics":[{"not_picked":["Black Star","Ectoplasm"],"picked":"Black Blood"}],"items_purged_floors":[3,29],"is_endless":false,"potions_floor_spawned":[1,11,12,13,16,18,22,28,31],"killed_by":"Champ","ascension_level":0}}