{"host":"Mythic","time":1608333262,"event":{"mods":["BaseMod","Minty Spire (QoL Compilation)","Relic Stats","StSLib"],"gold_per_floor":[117,117,136,155,155,155,120,120,120,136,164,180,180,192,192,292,292,306,306,306],"floor_reached":19,"playtime":490,"items_purged":[],"score":254,"play_id":"de9b6a53-ca07-48be-b54e-4e5862812d0b","local_time":"20201218181422","is_ascension_mode":true,"campfire_choices":[{"data":"Eruption","floor":6,"key":"SMITH"},{"data":"SandsOfTime","floor":8,"key":"SMITH"},{"data":"Conclude","floor":13,"key":"SMITH"},{"data":"EmptyMind","floor":15,"key":"SMITH"}],"circlet_count":0,"master_deck":["AscendersBane","Strike_P","Strike_P","Strike_P","Strike_P","Defend_P","Defend_P+1","Defend_P","Defend_P+1","Eruption+1","Vigilance","SandsOfTime+1","CutThroughFate","FlurryOfBlows","Conclude+1","CutThroughFate","ThirdEye","EmptyMind+1","Wish"],"relics":["VioletLotus","Gremlin Horn","Tiny Chest","Runic Pyramid"],"acts_visited":["Exordium","TheCity"],"potions_floor_usage":[14,16],"damage_taken":[{"damage":2,"enemies":"Cultist","floor":1,"turns":4},{"damage":0,"enemies":"Small Slimes","floor":3,"turns":3},{"damage":0,"enemies":"Jaw Worm","floor":4,"turns":3},{"damage":9,"enemies":"Red Slaver","floor":10,"turns":3},{"damage":14,"enemies":"3 Sentries","floor":11,"turns":3},{"damage":0,"enemies":"Large Slime","floor":12,"turns":2},{"damage":4,"enemies":"3 Louse","floor":14,"turns":3},{"damage":22,"enemies":"Slime Boss","floor":16,"turns":5},{"damage":10,"enemies":"2 Thieves","floor":18,"turns":4},{"damage":0,"enemies":"Chosen","floor":19,"turns":1}],"seed_played":"8082263280473712993","potions_obtained":[{"floor":1,"key":"SpeedPotion"},{"floor":4,"key":"Dexterity Potion"},{"floor":10,"key":"FearPotion"},{"floor":16,"key":"LiquidBronze"}],"is_trial":false,"path_per_floor":["M","?","M","M","?","R","?","R","T","M","E","M","R","M","R","B",null,"M","M"],"character_chosen":"WATCHER","items_purchased":[],"campfire_rested":0,"item_purchase_floors":[],"current_hp_per_floor":[63,49,49,49,49,49,67,67,67,58,44,44,44,40,40,18,59,49,49,49],"gold":306,"neow_bonus":"BOSS_RELIC","is_daily":false,"chose_seed":false,"campfire_upgraded":4,"win_rate":0.0,"timestamp":1608333262,"path_taken":["M","?","M","M","?","R","?","R","T","?","E","M","R","M","R","BOSS","M","M"],"items_purchased_type":[],"build_version":"2020-12-17","purchased_purges":0,"victory":false,"max_hp_per_floor":[72,72,72,72,72,72,72,72,72,72,72,72,72,72,72,72,72,72,72,72],"relic_stats":{"Gremlin Horn":[5,5],"counters":[10,31],"Tiny Chest":0,"VioletLotus":[6],"obtain_stats":[{"Gremlin Horn":9,"Tiny Chest":11,"VioletLotus":0,"PureWater":0,"Runic Pyramid":17},{"Gremlin Horn":3,"Tiny Chest":5,"VioletLotus":0,"PureWater":0,"Runic Pyramid":8},{"Gremlin Horn":10,"Tiny Chest":16,"VioletLotus":0,"PureWater":0,"Runic Pyramid":26}]},"card_choices":[{"not_picked":["LikeWater","Halt"],"picked":"SandsOfTime","floor":1},{"not_picked":["Fasting2","FlyingSleeves"],"picked":"CutThroughFate","floor":3},{"not_picked":["Evaluate","JustLucky"],"picked":"FlurryOfBlows","floor":4},{"not_picked":["SashWhip","FlyingSleeves"],"picked":"Conclude","floor":10},{"not_picked":["CrushJoints","PathToVictory"],"picked":"CutThroughFate","floor":11},{"not_picked":["CutThroughFate","Study"],"picked":"ThirdEye","floor":12},{"not_picked":["Halt","BowlingBash"],"picked":"EmptyMind","floor":14},{"not_picked":["Brilliance","Establishment"],"picked":"Wish","floor":16},{"not_picked":["FlurryOfBlows","BowlingBash","Vengeance"],"picked":"SKIP","floor":18}],"player_experience":815971,"relics_obtained":[{"floor":9,"key":"Gremlin Horn"},{"floor":11,"key":"Tiny Chest"}],"event_choices":[{"damage_healed":0,"gold_gain":0,"player_choice":"Entered Light","damage_taken":14,"max_hp_gain":0,"max_hp_loss":0,"event_name":"Shining Light","floor":2,"gold_loss":0,"cards_upgraded":["Defend_P","Defend_P"]},{"damage_healed":0,"gold_gain":0,"player_choice":"Ignored","damage_taken":0,"max_hp_gain":0,"max_hp_loss":0,"event_name":"Liars Game","floor":5,"gold_loss":0},{"damage_healed":18,"gold_gain":0,"player_choice":"Healed","damage_taken":0,"max_hp_gain":0,"max_hp_loss":0,"event_name":"The Cleric","floor":7,"gold_loss":35}],"is_beta":true,"boss_relics":[{"not_picked":["Velvet Choker","Black Star"],"picked":"Runic Pyramid"}],"items_purged_floors":[],"is_endless":false,"potions_floor_spawned":[1,4,10,16],"killed_by":"Chosen","ascension_level":10}}