{"host":"h2kd9fh9k05klpg6","time":1608272795,"event":{"mods":["AchievementEnabler","Act Like it!","BaseMod","Better Third Choice","BetterRewards","Card Forge","Minty Spire (QoL Compilation)","Permanent Neow","Quick Restart","Relic Filter","Replay The Spire","StSLib"],"gold_per_floor":[110,110,110,122,122,122,150,150,197,210,240,265,276,307,307,410,410,421,431,431,126,177,210,222,248,248,283,283,297,90,117,117,212,312,323,335,335,335,353,378,378,403,427,454,472,244,255,255,255,255],"floor_reached":51,"playtime":2674,"items_purged":[],"score":1171,"play_id":"753f8932-3786-48d0-a400-faf7529a320a","local_time":"20201218012635","is_ascension_mode":true,"campfire_choices":[{"floor":6,"key":"REST"},{"floor":8,"key":"DIG"},{"floor":15,"key":"DIG"},{"floor":28,"key":"DIG"},{"floor":32,"key":"DIG"},{"floor":41,"key":"DIG"},{"floor":49,"key":"DIG"}],"circlet_count":0,"master_deck":["Vigilance+1","Worship+1","ThirdEye+1","Pray+1","Prostrate+1","FollowUp+1","DeusExMachina+1","CutThroughFate+1","Conclude+1","Brilliance+1","Devotion+1","Ragnarok+1","DeusExMachina+1","Wish+1","FlurryOfBlows+1"],"relics":["PureWater","Hammer of Thor","Seething Fire","Anvil of the Gods","Replay:Purple Gloves","Juzu Bracelet","Shovel","Regal Pillow","Bottled Lightning","Blood Vial","Anchor","Nunchaku","Replay:Bottled Steam","Happy Flower","Fusion Hammer","Bag of Marbles","HandDrill","Pet Ghost","Replay:Rubber Ducky","ReplayFunnel","Eternal Feather","Blue Doll","Smiling Mask","ReplayTheSpireMod:TigerMarble","InkBottle","Onion Ring","Replay:Wanted Poster","Mirror","White Beast Statue","ReplayTheSpireMod:Ninjato","Bronze Scales","Letter Opener","Potion Belt","Kunai"],"acts_visited":["Exordium","TheCity","TheBeyond"],"potions_floor_usage":[11,14,16,25,31,42,50,50,50],"damage_taken":[{"damage":0,"enemies":"Cultist","floor":1,"turns":1},{"damage":0,"enemies":"Jaw Worm","floor":4,"turns":1},{"damage":0,"enemies":"3 Sentries","floor":7,"turns":3},{"damage":0,"enemies":"2 Louse","floor":10,"turns":1},{"damage":0,"enemies":"Lagavulin","floor":11,"turns":3},{"damage":0,"enemies":"Exordium Thugs","floor":13,"turns":2},{"damage":0,"enemies":"Gremlin Nob","floor":14,"turns":2},{"damage":2,"enemies":"Fading Forest","floor":16,"turns":6},{"damage":0,"enemies":"Spheric Guardian","floor":18,"turns":2},{"damage":0,"enemies":"3 Byrds","floor":19,"turns":2},{"damage":0,"enemies":"Gremlin Leader","floor":23,"turns":2},{"damage":0,"enemies":"Cultist and Chosen","floor":24,"turns":3},{"damage":14,"enemies":"Replay:Snechameleon","floor":25,"turns":3},{"damage":0,"enemies":"Gremlin Leader","floor":27,"turns":3},{"damage":0,"enemies":"Centurion and Healer","floor":29,"turns":2},{"damage":0,"enemies":"Book of Stabbing","floor":31,"turns":2},{"damage":0,"enemies":"Collector","floor":33,"turns":2},{"damage":0,"enemies":"Orb Walker","floor":35,"turns":1},{"damage":3,"enemies":"3 Darklings","floor":36,"turns":2},{"damage":0,"enemies":"Spire Growth","floor":39,"turns":2},{"damage":26,"enemies":"R_Hoarder","floor":40,"turns":3},{"damage":0,"enemies":"Giant Head","floor":42,"turns":3},{"damage":2,"enemies":"R_Hoarder","floor":44,"turns":3},{"damage":0,"enemies":"4 Shapes","floor":45,"turns":1},{"damage":0,"enemies":"Jaw Worm Horde","floor":47,"turns":1},{"damage":0,"enemies":"Replay:Hell Engine","floor":50,"turns":2}],"seed_played":"-4665989643886684126","potions_obtained":[{"floor":1,"key":"Cursed Concoction"},{"floor":4,"key":"Cursed Concoction"},{"floor":5,"key":"Reflective Coating"},{"floor":5,"key":"PowerPotion"},{"floor":5,"key":"DistilledChaos"},{"floor":11,"key":"AttackPotion"},{"floor":14,"key":"BlessingOfTheForge"},{"floor":23,"key":"FearPotion"},{"floor":27,"key":"FairyPotion"},{"floor":36,"key":"Ambrosia"},{"floor":42,"key":"Toxic Potion"},{"floor":47,"key":"SteroidPotion"}],"is_trial":false,"path_per_floor":["M","?","?","M","?","R","E","R","T","M","E","T","M","E","R","B",null,"M","M","?","$","T","E","M","E","T","E","R","M","$","E","R","B",null,"M","M","?","?","M","E","R","E","T","E","M","$","M","?","R","B",null],"character_chosen":"WATCHER","items_purchased":["Bag of Marbles","HandDrill","ReplayTheSpireMod:TigerMarble","Adrenaline Potion","Potion Belt","Toxic Potion"],"campfire_rested":1,"item_purchase_floors":[21,21,30,30,46,46],"current_hp_per_floor":[51,34,34,34,34,55,55,55,55,57,59,59,61,63,63,63,72,72,72,72,72,72,72,72,58,58,60,69,71,71,72,72,72,72,72,69,69,69,71,46,55,57,57,57,59,59,61,61,70,72],"gold":255,"neow_bonus":"ONE_RARE_RELIC","is_daily":false,"chose_seed":false,"campfire_upgraded":0,"win_rate":0.0,"timestamp":1608272795,"path_taken":["M","?","?","M","?","R","E","R","T","M","E","?","M","E","R","BOSS","M","M","?","?","?","E","M","E","T","E","R","M","$","E","R","BOSS","M","M","?","?","M","E","R","E","T","E","M","$","M","?","R","BOSS"],"items_purchased_type":["Relic","Relic","Relic","Potion","Relic","Potion"],"build_version":"2020-12-13","purchased_purges":0,"victory":true,"max_hp_per_floor":[72,72,72,72,72,72,72,72,72,72,72,72,72,72,72,72,72,72,72,72,72,72,72,72,72,72,72,72,72,72,72,72,72,72,72,72,72,72,72,72,72,72,72,72,72,72,72,72,72,72],"card_choices":[{"not_picked":["WaveOfTheHand","JustLucky","Nirvana"],"picked":"SKIP","floor":1},{"not_picked":["FollowUp","Consecrate"],"picked":"Perseverance","floor":4},{"not_picked":["Wish","BowlingBash"],"picked":"DeusExMachina","floor":7},{"not_picked":["Protect","Replay:BluntJabs","Conclude"],"picked":"SKIP","floor":10},{"not_picked":["Collect","Replay:Hum","WreathOfFlame"],"picked":"SKIP","floor":11},{"not_picked":["Worship","Replay:BluntJabs","DeceiveReality"],"picked":"SKIP","floor":13},{"not_picked":["FlyingSleeves","Swivel","BattleHymn"],"picked":"SKIP","floor":14},{"not_picked":["EmptyMind","FlyingSleeves","SashWhip"],"picked":"SKIP","floor":18},{"not_picked":["EmptyFist+1","Study","FollowUp"],"picked":"SKIP","floor":19},{"not_picked":["FlurryOfBlows+1","Wireheading+1","Sanctity"],"picked":"SKIP","floor":23},{"not_picked":["ReachHeaven","SashWhip","EmptyBody+1"],"picked":"SKIP","floor":24},{"not_picked":["Replay:AtTheReady","SignatureMove","Prostrate+1"],"picked":"SKIP","floor":25},{"not_picked":["Replay:LoomingThreat","Worship","SpiritShield"],"picked":"SKIP","floor":27},{"not_picked":["Replay:LoomingThreat","Worship","SpiritShield"],"picked":"SKIP","floor":27},{"not_picked":["BowlingBash","FollowUp","EmptyFist+1"],"picked":"SKIP","floor":29},{"not_picked":["JustLucky","Perseverance","Establishment"],"picked":"SKIP","floor":31},{"not_picked":["LessonLearned","MasterReality"],"picked":"Wish","floor":33},{"not_picked":["Collect","Consecrate+1","Replay:AtTheReady"],"picked":"SKIP","floor":35},{"not_picked":["Evaluate+1","EmptyFist","BowlingBash"],"picked":"SKIP","floor":36},{"not_picked":["FollowUp+1","FlyingSleeves","CrushJoints"],"picked":"SKIP","floor":39},{"not_picked":["Halt+1","EmptyBody+1","CrushJoints+1"],"picked":"SKIP","floor":40},{"not_picked":["Replay:AtTheReady","BattleHymn","Collect"],"picked":"SKIP","floor":42},{"not_picked":["Wish","Replay:AtTheReady+1","ClearTheMind+1"],"picked":"SKIP","floor":44},{"not_picked":["EmptyBody+1","CutThroughFate+1","BowlingBash+1"],"picked":"SKIP","floor":45},{"not_picked":["Protect+1","FollowUp","ThirdEye+1"],"picked":"SKIP","floor":47}],"player_experience":443203,"relics_obtained":[{"floor":7,"key":"Regal Pillow"},{"floor":8,"key":"Bottled Lightning"},{"floor":9,"key":"Blood Vial"},{"floor":11,"key":"Anchor"},{"floor":12,"key":"Nunchaku"},{"floor":14,"key":"Replay:Bottled Steam"},{"floor":15,"key":"Happy Flower"},{"floor":22,"key":"Pet Ghost"},{"floor":23,"key":"Replay:Rubber Ducky"},{"floor":25,"key":"ReplayFunnel"},{"floor":26,"key":"Eternal Feather"},{"floor":27,"key":"Blue Doll"},{"floor":28,"key":"Smiling Mask"},{"floor":31,"key":"InkBottle"},{"floor":32,"key":"Onion Ring"},{"floor":40,"key":"Mirror"},{"floor":41,"key":"White Beast Statue"},{"floor":42,"key":"ReplayTheSpireMod:Ninjato"},{"floor":43,"key":"Bronze Scales"},{"floor":44,"key":"Letter Opener"},{"floor":49,"key":"Kunai"}],"event_choices":[{"damage_healed":0,"gold_gain":1,"player_choice":"Relic Relic ","damage_taken":17,"max_hp_gain":0,"max_hp_loss":0,"event_name":"betterThird:BetterScrap","floor":2,"gold_loss":0,"cards_obtained":["Disarm"]},{"damage_healed":34,"gold_gain":0,"player_choice":"Leave","damage_taken":0,"max_hp_gain":0,"max_hp_loss":72,"event_name":"betterThird:BetterShining","floor":3,"gold_loss":0},{"damage_healed":0,"gold_gain":0,"player_choice":"Got Potions","damage_taken":0,"max_hp_gain":0,"max_hp_loss":0,"event_name":"Lab","floor":5,"gold_loss":0},{"damage_healed":0,"gold_gain":0,"player_choice":"Ignored","damage_taken":0,"max_hp_gain":0,"max_hp_loss":0,"event_name":"Transmorgrifier","floor":20,"gold_loss":0},{"cards_removed":["FlurryOfBlows"],"damage_healed":0,"gold_gain":0,"player_choice":"Card Removal","damage_taken":0,"max_hp_gain":0,"max_hp_loss":0,"event_name":"Wheel of Change","floor":38,"gold_loss":0},{"cards_removed":["Perseverance"],"damage_healed":0,"gold_gain":0,"player_choice":"Removed Skill","damage_taken":0,"max_hp_gain":0,"max_hp_loss":0,"event_name":"Falling","floor":48,"gold_loss":0}],"is_beta":false,"boss_relics":[{"not_picked":["Pandora\u0027s Box","Replay:Drink Me"],"picked":"Fusion Hammer"},{"not_picked":["Coffee Dripper","Honey Jar"],"picked":"Replay:Wanted Poster"}],"items_purged_floors":[],"is_endless":false,"potions_floor_spawned":[1,4,11,13,14,23,24,27,29,36,42,44,45,47],"ascension_level":3}}