{"host":"bnvydzxv0mtigk43","time":1608250008,"event":{"mods":["BaseMod","Colored Map","Downfall","Highlight Path","Minty Spire (QoL Compilation)","Permanent Neow","Relic Stats","StSLib"],"gold_per_floor":[99,113,140,159,159,170,170,170,203,128,145,164,183,183,200,299,299,299,299,320,320,320,337,337,337,362,362,362,124,124,224,224,224],"floor_reached":32,"playtime":1370,"items_purged":[],"score":250,"play_id":"3241038e-b7b2-486a-b5bc-9d829a6f2f3a","local_time":"20201218010648","is_ascension_mode":false,"campfire_choices":[{"data":"hexamod:Sear","floor":1,"key":"SMITH"},{"floor":10,"key":"REST"},{"data":"hexamod:RainOfEmbers","floor":18,"key":"SMITH"},{"data":"hexamod:RadiantFlame","floor":22,"key":"SMITH"},{"floor":25,"key":"REST"},{"floor":27,"key":"REST"}],"circlet_count":0,"master_deck":["hexamod:Strike","hexamod:Strike","hexamod:Strike+1","hexamod:Defend+1","hexamod:Defend+1","hexamod:Defend+1","hexamod:Defend+1","hexamod:Sear+1","hexamod:Float+1","hexamod:RainOfEmbers+1","hexamod:SpectersWail","hexamod:StepThrough","hexamod:SixthSeal","CurseOfTheBell","hexamod:RadiantFlame+1","hexamod:HexaLevel"],"relics":["hexamod:SpiritBrand","WingedGreaves","Gambling Chip","Potion Belt","Oddly Smooth Stone","downfall:HeartBlessingGreen","Calling Bell","CeramicFish","HornCleat","Prayer Wheel","Pen Nib","Membership Card","Bronze Scales","StoneCalendar","Frozen Egg 2"],"acts_visited":["Exordium","TheCity"],"potions_floor_usage":[15,15,16,16,16,31],"damage_taken":[{"damage":1,"enemies":"Cultist","floor":2,"turns":4},{"damage":18,"enemies":"Lagavulin","floor":3,"turns":6},{"damage":1,"enemies":"Jaw Worm","floor":4,"turns":3},{"damage":2,"enemies":"Small Slimes","floor":6,"turns":3},{"damage":10,"enemies":"Gremlin Nob","floor":9,"turns":3},{"damage":7,"enemies":"Red Slaver","floor":11,"turns":3},{"damage":3,"enemies":"Gremlin Gang","floor":12,"turns":3},{"damage":6,"enemies":"2 Fungi Beasts","floor":13,"turns":3},{"damage":0,"enemies":"Blue Slaver","floor":15,"turns":1},{"damage":36,"enemies":"downfall:Silent","floor":16,"turns":12},{"damage":23,"enemies":"Shell Parasite","floor":20,"turns":7},{"damage":34,"enemies":"3 Byrds","floor":23,"turns":5},{"damage":5,"enemies":"Snecko","floor":26,"turns":6},{"damage":0,"enemies":"downfall:FleeingMerchant","floor":29,"turns":4},{"damage":62,"enemies":"Colosseum Nobs","floor":31,"turns":7},{"damage":0,"enemies":"Snake Plant","floor":32,"turns":1}],"seed_played":"6008145340132931720","potions_obtained":[{"floor":4,"key":"Fire Potion"},{"floor":9,"key":"Dexterity Potion"},{"floor":11,"key":"hexamod:EctoCoolerPotion"},{"floor":12,"key":"Fire Potion"},{"floor":15,"key":"Weak Potion"},{"floor":16,"key":"FearPotion"},{"floor":20,"key":"Strength Potion"},{"floor":26,"key":"Weak Potion"},{"floor":28,"key":"CultistPotion"},{"floor":31,"key":"champ:CounterPotion"}],"is_trial":false,"path_per_floor":["R","M","E","M","T","M","T","?","E","R","M","M","M","?","M","B",null,"R","?","M","?","R","M","T","R","M","R","?","$","?","?","M"],"character_chosen":"THE_SPIRIT","items_purchased":["Membership Card","Bronze Scales"],"campfire_rested":3,"item_purchase_floors":[29,29],"current_hp_per_floor":[70,69,51,50,50,48,48,48,38,59,52,49,43,43,43,7,70,70,70,47,47,47,13,13,34,29,50,50,50,70,8,8,8],"gold":224,"neow_bonus":"UPGRADE_CARD","is_daily":false,"chose_seed":false,"campfire_upgraded":3,"win_rate":0.0,"timestamp":1608250008,"path_taken":["R","M","E","M","?","M","T","?","E","R","?","M","M","?","M","BOSS","R","?","M","?","R","?","T","R","?","R","?","$","?","?","M"],"items_purchased_type":["Relic","Relic"],"build_version":"2020-12-13","purchased_purges":0,"victory":false,"max_hp_per_floor":[70,70,70,70,70,70,70,70,70,70,70,70,70,70,70,70,70,70,70,70,70,70,70,70,70,70,70,70,70,70,70,70,70],"relic_stats":{"counters":[16,71],"Gambling Chip":[28],"CeramicFish":18,"Bronze Scales":[27],"Prayer Wheel":3,"StoneCalendar":[0],"Pen Nib":[2],"obtain_stats":[{"Potion Belt":7,"CeramicFish":17,"Oddly Smooth Stone":9,"downfall:HeartBlessingGreen":10,"StoneCalendar":31,"Pen Nib":24,"Frozen Egg 2":31,"Calling Bell":17,"HornCleat":17,"Gambling Chip":5,"Bronze Scales":29,"Prayer Wheel":17,"WingedGreaves":3,"Membership Card":29,"hexamod:SpiritBrand":0},{"Potion Belt":4,"CeramicFish":10,"Oddly Smooth Stone":5,"downfall:HeartBlessingGreen":5,"StoneCalendar":15,"Pen Nib":12,"Frozen Egg 2":15,"Calling Bell":10,"HornCleat":10,"Gambling Chip":3,"Bronze Scales":14,"Prayer Wheel":10,"WingedGreaves":2,"Membership Card":14,"hexamod:SpiritBrand":0},{"Potion Belt":16,"CeramicFish":41,"Oddly Smooth Stone":19,"downfall:HeartBlessingGreen":19,"StoneCalendar":70,"Pen Nib":53,"Frozen Egg 2":70,"Calling Bell":41,"HornCleat":41,"Gambling Chip":13,"Bronze Scales":63,"Prayer Wheel":41,"WingedGreaves":10,"Membership Card":63,"hexamod:SpiritBrand":0}]},"card_choices":[{"not_picked":["hexamod:GhostShield","hexamod:CatchUp"],"picked":"hexamod:RainOfEmbers","floor":2},{"not_picked":["hexamod:SearingWound","hexamod:RainOfEmbers"],"picked":"hexamod:SpectersWail","floor":3},{"not_picked":["hexamod:BacktrackSmack","hexamod:Hexaguard","hexamod:GhostLash"],"picked":"SKIP","floor":4},{"not_picked":["hexamod:FastForward","hexamod:HauntingEcho"],"picked":"hexamod:StepThrough","floor":6},{"not_picked":["hexamod:HeatMetal","hexamod:ParanormalForm","hexamod:Again"],"picked":"SKIP","floor":9},{"not_picked":["hexamod:BurningTouch","hexamod:SwordOfDarkness","hexamod:HeatShield"],"picked":"SKIP","floor":11},{"not_picked":["hexamod:FirstSeal","hexamod:HauntingEcho","hexamod:Hexaguard"],"picked":"SKIP","floor":12},{"not_picked":["hexamod:AdvancingGuard","hexamod:NightmareGuise","hexamod:SwordOfDarkness"],"picked":"SKIP","floor":13},{"not_picked":["hexamod:SwordOfDarkness","hexamod:BacktrackSmack","hexamod:Firestarter"],"picked":"SKIP","floor":15},{"not_picked":["hexamod:TurnItUp","hexamod:ParanormalForm"],"picked":"hexamod:SixthSeal","floor":16},{"not_picked":["hexamod:ThermalTransfer+1","hexamod:ShieldOfDarkness+1"],"picked":"hexamod:RadiantFlame","floor":20},{"not_picked":["hexamod:ShieldOfDarkness+1","hexamod:SecondSeal","hexamod:GhostOfSpirePresent"],"picked":"SKIP","floor":20},{"not_picked":["hexamod:GhostLash","hexamod:FastForward+1","hexamod:ChargedBarrage"],"picked":"SKIP","floor":23},{"not_picked":["hexamod:ThermalTransfer+1","hexamod:HeatCrush+1","hexamod:BacktrackSmack"],"picked":"SKIP","floor":23},{"not_picked":["hexamod:GhostLash+1","hexamod:SpectersWail"],"picked":"hexamod:HexaLevel","floor":26},{"not_picked":["hexamod:Firestarter","hexamod:AdvancingGuard","hexamod:NightmareGuise"],"picked":"SKIP","floor":26},{"not_picked":["hexamod:ParanormalForm","hexamod:HauntingEcho","hexamod:HeatMetal"],"picked":"SKIP","floor":29}],"player_experience":535785,"relics_obtained":[{"floor":3,"key":"WingedGreaves"},{"floor":5,"key":"Gambling Chip"},{"floor":7,"key":"Potion Belt"},{"floor":9,"key":"Oddly Smooth Stone"},{"floor":17,"key":"CeramicFish"},{"floor":17,"key":"HornCleat"},{"floor":17,"key":"Prayer Wheel"},{"floor":24,"key":"Pen Nib"},{"floor":31,"key":"StoneCalendar"},{"floor":31,"key":"Frozen Egg 2"}],"event_choices":[{"damage_healed":0,"gold_gain":0,"player_choice":"Ignored","damage_taken":0,"max_hp_gain":0,"max_hp_loss":0,"event_name":"NoteForYourself","floor":8,"gold_loss":0},{"damage_healed":0,"gold_gain":0,"player_choice":"Leave","damage_taken":0,"max_hp_gain":0,"max_hp_loss":0,"event_name":"FaceTrader","floor":14,"gold_loss":0},{"cards_removed":["hexamod:Strike"],"damage_healed":0,"gold_gain":0,"player_choice":"Purged","damage_taken":0,"max_hp_gain":0,"max_hp_loss":0,"event_name":"Purifier","floor":21,"gold_loss":0},{"damage_healed":23,"gold_gain":0,"player_choice":"Heal","damage_taken":0,"max_hp_gain":0,"max_hp_loss":0,"event_name":"The Library","floor":30,"gold_loss":0}],"is_beta":false,"boss_relics":[{"not_picked":["Ectoplasm","Black Star"],"picked":"Calling Bell"}],"items_purged_floors":[],"is_endless":false,"potions_floor_spawned":[4,9,11,12,15,16,20,26,31],"killed_by":"Snake Plant","ascension_level":0}}