{"host":"9tzam4717zt8ei1o","time":1608307991,"event":{"mods":["BaseMod","Colored Map","Keyboard Shortcuts","Minty Spire (QoL Compilation)","Quick Restart","StSLib","SuperFastMode"],"gold_per_floor":[114,189,199,35,35,67,67,79,79,95,95,95],"floor_reached":11,"playtime":139,"items_purged":["Strike_G"],"score":191,"play_id":"29b97a69-43a8-48d9-b07d-e596002fc8d4","local_time":"20201219011311","is_ascension_mode":true,"campfire_choices":[{"data":"Bouncing Flask","floor":7,"key":"SMITH"}],"circlet_count":0,"master_deck":["AscendersBane","Strike_G","Strike_G","Strike_G","Strike_G","Defend_G","Defend_G","Defend_G","Defend_G","Defend_G","Survivor","Neutralize","Bouncing Flask+1","Footwork","Backflip","Deflect"],"relics":["Ring of the Snake","NeowsBlessing","Gremlin Horn","The Courier"],"acts_visited":["Exordium"],"potions_floor_usage":[11],"damage_taken":[{"damage":0,"enemies":"Cultist","floor":1,"turns":1},{"damage":0,"enemies":"2 Louse","floor":3,"turns":1},{"damage":0,"enemies":"Gremlin Nob","floor":6,"turns":1},{"damage":0,"enemies":"Small Slimes","floor":8,"turns":4},{"damage":16,"enemies":"Blue Slaver","floor":10,"turns":4},{"damage":40,"enemies":"3 Sentries","floor":11,"turns":12}],"seed_played":"2912847811844126788","potions_obtained":[{"floor":1,"key":"CultistPotion"},{"floor":6,"key":"Energy Potion"}],"is_trial":false,"path_per_floor":["M","?","M","$","?","E","R","M","T","M","E"],"character_chosen":"THE_SILENT","items_purchased":["Footwork"],"campfire_rested":0,"item_purchase_floors":[4],"current_hp_per_floor":[59,48,48,48,53,53,53,53,53,37,0,0],"gold":95,"neow_bonus":"THREE_ENEMY_KILL","is_daily":false,"chose_seed":false,"campfire_upgraded":1,"win_rate":0.0,"timestamp":1608307991,"path_taken":["M","?","M","$","?","E","R","M","T","M","E"],"items_purchased_type":["Card"],"build_version":"2020-12-13","purchased_purges":1,"victory":false,"max_hp_per_floor":[66,66,66,66,71,71,71,71,71,71,71,71],"card_choices":[{"not_picked":["Skewer","Dodge and Roll","Quick Slash"],"picked":"SKIP","floor":1},{"not_picked":["Backflip","Distraction"],"picked":"Bouncing Flask","floor":3},{"not_picked":["Sucker Punch","Dash"],"picked":"Backflip","floor":6},{"not_picked":["Cloak And Dagger","Dodge and Roll","Outmaneuver"],"picked":"SKIP","floor":8},{"not_picked":["Dagger Spray","Dodge and Roll"],"picked":"Deflect","floor":10}],"player_experience":85471,"relics_obtained":[{"floor":6,"key":"Gremlin Horn"},{"floor":9,"key":"The Courier"}],"event_choices":[{"damage_healed":0,"gold_gain":75,"player_choice":"Gather Gold","damage_taken":11,"max_hp_gain":0,"max_hp_loss":0,"event_name":"World of Goop","floor":2,"gold_loss":0},{"damage_healed":0,"gold_gain":0,"player_choice":"Donut","damage_taken":0,"max_hp_gain":5,"max_hp_loss":0,"event_name":"Big Fish","floor":5,"gold_loss":0}],"is_beta":false,"boss_relics":[],"items_purged_floors":[4],"is_endless":false,"potions_floor_spawned":[1,6,10],"killed_by":"3 Sentries","ascension_level":19}}