{"host":"4lebci84u2l5u89t","time":1608308729,"event":{"mods":["AchievementEnabler","Aspiration","Bard","BaseMod","Beaked The Cultist","Better Altar","Better Match","Better Note","Better Sensory Stone","Better Skull","Better Third Choice","BetterRewards","CCEM","Colored Map","Conspire","Downfall","GifTheSpireLib","Googly Eyes","Halation","Hermit","Highlight Path","Hubris","Hunter ??","Jedi Mod","Jorbs\u0027s Wanderer Trilogy","Lobotomy","Mad Scientist","Marisa????????","Mimic Mod","Minty Spire (QoL Compilation)","Permanent Neow","Replay The Spire","Shade Mod","Spicy Shops","StSLib","Stuff the Spire","Unceasing Turn Reminder"],"gold_per_floor":[99,125,125,10,10,10,29,29,29,29,63,63,77,91,110,128,143,246,246,246,246,246],"floor_reached":21,"playtime":1542,"items_purged":[],"score":212,"play_id":"be1480c1-85a2-4152-ad19-ceee33727f96","local_time":"20201218172529","is_ascension_mode":false,"campfire_choices":[{"data":"Shade:AnimateDead","floor":1,"key":"SMITH"},{"floor":3,"key":"REST"},{"data":"Shade:SoulToxin","floor":10,"key":"SMITH"},{"floor":12,"key":"REST"},{"data":"Calmness Giant","floor":20,"key":"SMITH"}],"circlet_count":0,"master_deck":["Shade:Strike_Shade","Shade:Strike_Shade","Shade:Strike_Shade","Shade:Strike_Shade","Shade:Defend_Shade","Shade:Defend_Shade","Shade:Defend_Shade","Shade:Defend_Shade","Shade:AnimateDead+1","Shade:CarefulCut","Pot Of Greed","Shade:Frenzy","Shade:ExtraLimbs","Pot Of Greed","Shade:SoulToxin+1","Shade:SelfBurial","Shade:SkeletonHug","Shade:GreyBargain","Shade:CommandSoldier","Shade:Premonition","Shade:OfferingToTheBeyond","Calmness Giant+1"],"relics":["Shade:YorickSkull","Grinning Jar","aspiration:StickyExplosives_weak","Durian","Pear","beaked:SacredDeck"],"acts_visited":["Exordium","TheCity"],"potions_floor_usage":[18],"damage_taken":[{"damage":44,"enemies":"Gremlin Nob","floor":2,"turns":6},{"damage":0,"enemies":"downfall:FleeingMerchant","floor":4,"turns":4},{"damage":0,"enemies":"Cultist","floor":7,"turns":2},{"damage":18,"enemies":"3 Sentries","floor":11,"turns":11},{"damage":0,"enemies":"Jaw Worm","floor":13,"turns":3},{"damage":0,"enemies":"Small Slimes","floor":14,"turns":3},{"damage":7,"enemies":"Exordium Thugs","floor":15,"turns":4},{"damage":0,"enemies":"Exordium Wildlife","floor":16,"turns":3},{"damage":0,"enemies":"Large Slime","floor":17,"turns":5},{"damage":51,"enemies":"downfall:Ironclad","floor":18,"turns":13},{"damage":81,"enemies":"Gremlin Leader","floor":21,"turns":10}],"seed_played":"-6528054242959584734","potions_obtained":[{"floor":8,"key":"DuplicationPotion"},{"floor":8,"key":"SpeedPotion"},{"floor":8,"key":"LiquidMemories"},{"floor":11,"key":"jedi:wingpotion"},{"floor":13,"key":"jedi:wingpotion"},{"floor":17,"key":"PowerPotion"}],"is_trial":false,"path_per_floor":["R","E","R","$","PTL","PTL","M","?","T","R","E","R","M","M","M","M","M","B",null,"R","E"],"character_chosen":"SHADE","items_purchased":["Shade:SoulToxin"],"campfire_rested":2,"item_purchase_floors":[4],"current_hp_per_floor":[65,21,40,40,40,40,40,40,45,45,37,61,61,61,54,54,54,3,80,80,0,0],"gold":246,"neow_bonus":"RANDOM_COMMON_RELIC","is_daily":false,"chose_seed":false,"campfire_upgraded":3,"win_rate":0.0,"timestamp":1608308729,"path_taken":["R","E","R","?","PTL","PTL","M","?","T","R","E","R","M","M","?","M","M","BOSS","R","E"],"items_purchased_type":["Card"],"build_version":"2020-12-13","purchased_purges":0,"victory":false,"max_hp_per_floor":[65,65,65,65,65,65,65,65,70,70,80,80,80,80,80,80,80,80,80,80,80,80],"card_choices":[{"not_picked":["Shade:Brains","Shade:Premonition"],"picked":"Shade:Frenzy","floor":2},{"not_picked":["Shade:Brains","Shade:Trample"],"picked":"Shade:ExtraLimbs","floor":4},{"not_picked":["Shade:Doomsay","Shade:PotionOfRestlessness","Shade:Brains"],"picked":"SKIP","floor":7},{"not_picked":["Shade:ExtraLimbs","Shade:Asphyxiate"],"picked":"Shade:SelfBurial","floor":11},{"not_picked":["Shade:Trample","Shade:Doomsay"],"picked":"Shade:SkeletonHug","floor":13},{"not_picked":["Shade:Brains","Shade:FeralStrike"],"picked":"Shade:GreyBargain","floor":14},{"not_picked":["Shade:TouchOfTheGrave","Shade:FingerOfDeath"],"picked":"Shade:CommandSoldier","floor":15},{"not_picked":["Shade:FeralStrike","Shade:GreyBargain","Shade:SoulToxin"],"picked":"SKIP","floor":16},{"not_picked":["Shade:FeralStrike","Shade:DangerousRitual"],"picked":"Shade:Premonition","floor":17},{"not_picked":["Shade:UnbarTheGrave","Shade:LoseControl"],"picked":"Shade:OfferingToTheBeyond","floor":18}],"player_experience":254817,"relics_obtained":[{"floor":2,"key":"aspiration:StickyExplosives_weak"},{"floor":9,"key":"Durian"},{"floor":11,"key":"Pear"}],"event_choices":[{"damage_healed":0,"gold_gain":0,"player_choice":"Got Potions","damage_taken":0,"max_hp_gain":0,"max_hp_loss":0,"event_name":"Lab","floor":8,"gold_loss":0}],"is_beta":false,"boss_relics":[{"not_picked":["Replay:Ancient Bell","ReplayTheSpireMod:DimensionalGlitch"],"picked":"beaked:SacredDeck"}],"items_purged_floors":[],"is_endless":false,"potions_floor_spawned":[11,13,14,15,17],"killed_by":"Gremlin Leader","ascension_level":0}}