{"host":"gp6kafy53r5vaktt","time":1608251746,"event":{"mods":["BaseMod","Colored Map","Highlight Path","Minty Spire (QoL Compilation)"],"gold_per_floor":[119,130,145,145,220,220,250,250,275,308,88,108,108,128,128,226,226,226,226,226,226,226,226,226,226,226,226,226,226,226,136,136,136,136],"floor_reached":33,"playtime":1998,"items_purged":["Strike_G"],"score":335,"play_id":"54eb07db-1f72-497b-ac42-f6eea70e8c34","local_time":"20201218023546","is_ascension_mode":true,"campfire_choices":[{"data":"1","floor":6.0,"key":"LIFT"},{"data":"2","floor":8.0,"key":"LIFT"},{"data":"3","floor":15,"key":"LIFT"},{"data":"Noxious Fumes","floor":23,"key":"SMITH"},{"data":"Footwork","floor":25,"key":"SMITH"},{"floor":32,"key":"REST"}],"circlet_count":0,"master_deck":["Strike_G","Strike_G+1","Strike_G","Defend_G","Defend_G","Defend_G","Defend_G","Defend_G+1","Survivor","Neutralize","CurseOfTheBell","Leg Sweep","Footwork","Flying Knee","Blade Dance","Expertise","Blade Dance","Noxious Fumes+1","Backstab","All Out Attack","Adrenaline","Poisoned Stab+1","Footwork+1","Blade Dance+1","Accuracy","Footwork+1","Escape Plan+1"],"relics":["Calling Bell","Boot","Letter Opener","Girya","Orichalcum","Omamori","Sundial","Ectoplasm","Blood Vial","Smiling Mask","Centennial Puzzle"],"acts_visited":["Exordium","TheCity"],"potions_floor_usage":[12,16,16,24,27,30,30],"damage_taken":[{"damage":8.0,"enemies":"Jaw Worm","floor":1.0,"turns":4.0},{"damage":2.0,"enemies":"Small Slimes","floor":2.0,"turns":4.0},{"damage":2.0,"enemies":"2 Louse","floor":3.0,"turns":4.0},{"damage":22.0,"enemies":"Lagavulin","floor":7.0,"turns":11.0},{"damage":9,"enemies":"3 Sentries","floor":10,"turns":10},{"damage":0,"enemies":"Exordium Thugs","floor":12,"turns":3},{"damage":0,"enemies":"Blue Slaver","floor":14,"turns":3},{"damage":2,"enemies":"The Guardian","floor":16,"turns":12},{"damage":0,"enemies":"Spheric Guardian","floor":18,"turns":1},{"damage":6,"enemies":"Shell Parasite","floor":19,"turns":3},{"damage":5,"enemies":"Chosen and Byrds","floor":20,"turns":5},{"damage":12,"enemies":"Cultist and Chosen","floor":21,"turns":5},{"damage":0,"enemies":"Shelled Parasite and Fungi","floor":22,"turns":2},{"damage":25,"enemies":"Slavers","floor":24,"turns":5},{"damage":4,"enemies":"Book of Stabbing","floor":27,"turns":5},{"damage":0,"enemies":"Centurion and Healer","floor":28,"turns":5},{"damage":10,"enemies":"Sentry and Sphere","floor":29,"turns":4},{"damage":13,"enemies":"Gremlin Leader","floor":30,"turns":6},{"damage":38,"enemies":"Champ","floor":33,"turns":8}],"seed_played":"3966054175111896127","potions_obtained":[{"floor":1.0,"key":"Energy Potion"},{"floor":3.0,"key":"Weak Potion"},{"floor":7.0,"key":"Ancient Potion"},{"floor":10,"key":"AttackPotion"},{"floor":18,"key":"SmokeBomb"},{"floor":20,"key":"FearPotion"},{"floor":24,"key":"SmokeBomb"},{"floor":28,"key":"Fruit Juice"},{"floor":29,"key":"GamblersBrew"}],"is_trial":false,"path_per_floor":["M","M","M","?","?","R","E","R","T","E","$","M","?","M","R","B",null,"M","M","M","M","M","R","E","R","T","E","M","M","E","?","R","B"],"character_chosen":"THE_SILENT","items_purchased":["Blade Dance","Noxious Fumes","Dexterity Potion"],"campfire_rested":1,"item_purchase_floors":[11,11,11],"current_hp_per_floor":[62,60,58,44,33,33,11,11,11,2,2,2,19,19,19,17,70,70,64,59,47,47,47,22,22,22,20,22,14,8,8,30,0,0],"gold":136,"neow_bonus":"BOSS_RELIC","is_daily":false,"chose_seed":false,"campfire_upgraded":2,"win_rate":0.0,"timestamp":1608251746,"path_taken":["M","M","M","?","?","R","E","R","T","E","$","M","?","M","R","BOSS","M","M","M","M","M","R","E","R","T","E","M","M","E","?","R","BOSS"],"items_purchased_type":["Card","Card","Potion"],"build_version":"2020-12-13","purchased_purges":1,"victory":false,"max_hp_per_floor":[70,70,70,70,70,70,70,70,70,70,70,70,70,70,70,70,70,70,70,70,70,70,70,70,70,70,70,70,70,75,75,75,75,75],"card_choices":[{"not_picked":["Choke","Calculated Gamble"],"picked":"Leg Sweep","floor":1.0},{"not_picked":["Underhanded Strike","Distraction"],"picked":"Footwork","floor":2.0},{"not_picked":["Bane","PiercingWail"],"picked":"Flying Knee","floor":3.0},{"not_picked":["Choke","Deadly Poison"],"picked":"Blade Dance","floor":7.0},{"not_picked":["Reflex","Dagger Throw"],"picked":"Expertise","floor":10},{"not_picked":["Sucker Punch","Dagger Spray"],"picked":"Backstab","floor":12},{"not_picked":["Acrobatics","Outmaneuver"],"picked":"All Out Attack","floor":14},{"not_picked":["Phantasmal Killer","Storm of Steel"],"picked":"Adrenaline","floor":16},{"not_picked":["Dodge and Roll","Terror+1"],"picked":"Poisoned Stab+1","floor":18},{"not_picked":["Well Laid Plans+1","Endless Agony"],"picked":"Footwork","floor":19},{"not_picked":["Outmaneuver","Prepared"],"picked":"Blade Dance+1","floor":20},{"not_picked":["Terror","Poisoned Stab","PiercingWail"],"picked":"SKIP","floor":21},{"not_picked":["Caltrops","Deflect"],"picked":"Accuracy","floor":22},{"not_picked":["Eviscerate+1","Acrobatics"],"picked":"Footwork","floor":24},{"not_picked":["Underhanded Strike","Masterful Stab","Corpse Explosion"],"picked":"SKIP","floor":28},{"not_picked":["PiercingWail+1","Outmaneuver"],"picked":"Escape Plan+1","floor":29},{"not_picked":["Deflect","Burst","Distraction"],"picked":"SKIP","floor":30}],"player_experience":27572,"relics_obtained":[{"floor":0.0,"key":"Boot"},{"floor":0.0,"key":"Letter Opener"},{"floor":0.0,"key":"Girya"},{"floor":7.0,"key":"Orichalcum"},{"floor":9.0,"key":"Omamori"},{"floor":10,"key":"Sundial"},{"floor":24,"key":"Blood Vial"},{"floor":26,"key":"Smiling Mask"},{"floor":30,"key":"Centennial Puzzle"}],"event_choices":[{"damage_healed":0.0,"max_hp_gain":0.0,"max_hp_loss":0.0,"gold_gain":0.0,"event_name":"Shining Light","player_choice":"Entered Light","floor":4.0,"gold_loss":0.0,"damage_taken":14.0,"cards_upgraded":["Strike_G","Defend_G"]},{"damage_healed":0.0,"max_hp_gain":0.0,"max_hp_loss":0.0,"gold_gain":75.0,"event_name":"World of Goop","player_choice":"Gather Gold","floor":5.0,"gold_loss":0.0,"damage_taken":11.0},{"damage_healed":17,"gold_gain":0,"player_choice":"Healed and dodged fight","damage_taken":0,"max_hp_gain":0,"max_hp_loss":0,"event_name":"Mushrooms","floor":13,"gold_loss":0,"cards_obtained":["Parasite"]},{"cards_removed":["Strike_G"],"damage_healed":0,"gold_gain":0,"player_choice":"Upgrade and Remove","damage_taken":0,"max_hp_gain":0,"max_hp_loss":0,"event_name":"Designer","floor":31,"gold_loss":90,"cards_upgraded":["Footwork"]}],"is_beta":false,"boss_relics":[{"not_picked":["HoveringKite","Snecko Eye"],"picked":"Ectoplasm"}],"items_purged_floors":[11],"is_endless":false,"potions_floor_spawned":[1,3,7,10,18,20,24,28,29],"killed_by":"Champ","ascension_level":1}}