{"host":"fa35vd3kig5td25x","time":1608314500,"event":{"mods":["BaseMod","Colored Powertips","Minty Spire (QoL Compilation)","Relic Stats","Slay the Relics Exporter"],"gold_per_floor":[118,168,25,41,60,60,90,109,109,31,31,45,61,71,71,148,148,166,177,227,227,243,243,278,278,303,335,351,366,386,411,411,411,411],"floor_reached":33,"playtime":2451,"items_purged":[],"score":672,"play_id":"065ba750-76d7-493c-8af3-836c87e471ae","local_time":"20201218190140","is_ascension_mode":true,"campfire_choices":[{"data":"Bane","floor":6,"key":"SMITH"},{"floor":11,"key":"REST"},{"data":"Noxious Fumes","floor":15,"key":"SMITH"},{"floor":23,"key":"REST"},{"floor":25,"key":"REST"},{"floor":32,"key":"REST"}],"circlet_count":0,"master_deck":["AscendersBane","Strike_G","Strike_G","Strike_G","Strike_G","Strike_G","Defend_G","Defend_G","Defend_G","Defend_G","Defend_G","Survivor","Neutralize","Deadly Poison","Blade Dance","Bane+1","Crippling Poison","Finisher","Noxious Fumes+1","Cloak And Dagger","Deadly Poison","Dash","Burst+1","PiercingWail","PiercingWail","Backflip","Wraith Form v2","Leg Sweep","PiercingWail"],"relics":["Ring of the Snake","Ancient Tea Set","PreservedInsect","Art of War","Gremlin Horn","Fusion Hammer","Eternal Feather","Bronze Scales","Blood Vial","Dead Branch"],"acts_visited":["Exordium","TheCity"],"potions_floor_usage":[7,16,22,27,28,31,31],"damage_taken":[{"damage":5,"enemies":"Small Slimes","floor":1,"turns":6},{"damage":0,"enemies":"Cultist","floor":4,"turns":3},{"damage":0,"enemies":"Jaw Worm","floor":5,"turns":4},{"damage":25,"enemies":"Lagavulin","floor":7,"turns":5},{"damage":4,"enemies":"Blue Slaver","floor":8,"turns":3},{"damage":3,"enemies":"3 Louse","floor":12,"turns":3},{"damage":6,"enemies":"Large Slime","floor":13,"turns":6},{"damage":1,"enemies":"Looter","floor":14,"turns":3},{"damage":20,"enemies":"The Guardian","floor":16,"turns":9},{"damage":19,"enemies":"Spheric Guardian","floor":18,"turns":5},{"damage":6,"enemies":"Chosen","floor":19,"turns":4},{"damage":12,"enemies":"Shelled Parasite and Fungi","floor":22,"turns":4},{"damage":13,"enemies":"Gremlin Leader","floor":24,"turns":3},{"damage":17,"enemies":"Book of Stabbing","floor":27,"turns":5},{"damage":2,"enemies":"Snake Plant","floor":28,"turns":4},{"damage":15,"enemies":"Centurion and Healer","floor":29,"turns":6},{"damage":8,"enemies":"Chosen and Byrds","floor":30,"turns":6},{"damage":16,"enemies":"Slavers","floor":31,"turns":6},{"damage":42,"enemies":"Collector","floor":33,"turns":5}],"seed_played":"1659133009117385354","potions_obtained":[{"floor":5,"key":"PowerPotion"},{"floor":7,"key":"BlessingOfTheForge"},{"floor":24,"key":"GamblersBrew"},{"floor":27,"key":"LiquidMemories"},{"floor":28,"key":"SpeedPotion"},{"floor":30,"key":"BlessingOfTheForge"}],"is_trial":false,"path_per_floor":["M","?","$","M","M","R","E","M","T","?","R","M","M","M","R","B",null,"M","M","?","?","M","R","E","R","T","E","M","M","M","E","R","B"],"character_chosen":"THE_SILENT","items_purchased":["Blade Dance","Bane","Poison Potion"],"campfire_rested":4,"item_purchase_floors":[3,3,3],"current_hp_per_floor":[54,54,54,54,54,54,29,25,25,25,44,41,35,34,34,14,53,34,28,28,28,16,35,22,56,56,39,39,26,20,6,40,0,0],"gold":411,"neow_bonus":"RANDOM_COMMON_RELIC","is_daily":false,"chose_seed":false,"campfire_upgraded":2,"win_rate":0.0,"timestamp":1608314500,"path_taken":["M","?","?","M","M","R","E","M","T","?","R","?","M","M","R","BOSS","M","M","?","?","M","R","E","R","T","E","M","?","M","E","R","BOSS"],"items_purchased_type":["Card","Card","Potion"],"build_version":"2020-12-13","purchased_purges":0,"victory":false,"max_hp_per_floor":[66,66,66,66,66,66,66,66,66,66,66,66,66,66,66,66,66,66,66,66,66,66,66,66,66,66,66,66,66,66,66,66,66,66],"relic_stats":{"Blood Vial":10,"Gremlin Horn":[12,12],"counters":[19,90],"Bronze Scales":[141],"Dead Branch":[17],"Eternal Feather":30,"PreservedInsect":132,"Art of War":[15],"obtain_stats":[{"Blood Vial":27,"Gremlin Horn":10,"Bronze Scales":26,"Dead Branch":31,"Eternal Feather":24,"PreservedInsect":7,"Fusion Hammer":17,"Art of War":9,"Ancient Tea Set":0,"Ring of the Snake":0},{"Blood Vial":14,"Gremlin Horn":5,"Bronze Scales":13,"Dead Branch":18,"Eternal Feather":13,"PreservedInsect":4,"Fusion Hammer":9,"Art of War":5,"Ancient Tea Set":0,"Ring of the Snake":0},{"Blood Vial":63,"Gremlin Horn":21,"Bronze Scales":58,"Dead Branch":85,"Eternal Feather":58,"PreservedInsect":18,"Fusion Hammer":42,"Art of War":21,"Ancient Tea Set":0,"Ring of the Snake":0}],"Ring of the Snake":[38]},"card_choices":[{"not_picked":["Bane","Accuracy"],"picked":"Deadly Poison","floor":1},{"not_picked":["Dodge and Roll","Prepared"],"picked":"Crippling Poison","floor":4},{"not_picked":["Eviscerate","Slice","Bane"],"picked":"SKIP","floor":5},{"not_picked":["Outmaneuver","Poisoned Stab"],"picked":"Finisher","floor":7},{"not_picked":["Underhanded Strike","Flechettes"],"picked":"Noxious Fumes","floor":8},{"not_picked":["Outmaneuver","Underhanded Strike"],"picked":"Cloak And Dagger","floor":12},{"not_picked":["Poisoned Stab","Phantasmal Killer"],"picked":"Deadly Poison","floor":13},{"not_picked":["Finisher","Quick Slash"],"picked":"Dash","floor":14},{"not_picked":["Venomology","Phantasmal Killer"],"picked":"Burst","floor":16},{"not_picked":["Blade Dance","Sucker Punch","Tactician"],"picked":"SKIP","floor":18},{"not_picked":["Dagger Throw","Tactician+1"],"picked":"PiercingWail","floor":19},{"not_picked":["Calculated Gamble","Concentrate"],"picked":"PiercingWail","floor":22},{"not_picked":["Dagger Spray","Infinite Blades"],"picked":"Backflip","floor":24},{"not_picked":["Infinite Blades","Poisoned Stab+1","All Out Attack"],"picked":"SKIP","floor":27},{"not_picked":["Deflect","Flying Knee","Concentrate"],"picked":"SKIP","floor":28},{"not_picked":["Acrobatics","Sucker Punch"],"picked":"Wraith Form v2","floor":29},{"not_picked":["Flechettes+1","Dash"],"picked":"Leg Sweep","floor":30},{"not_picked":["Flying Knee","Predator"],"picked":"PiercingWail","floor":31}],"player_experience":2843083,"relics_obtained":[{"floor":7,"key":"PreservedInsect"},{"floor":9,"key":"Art of War"},{"floor":24,"key":"Eternal Feather"},{"floor":26,"key":"Bronze Scales"},{"floor":27,"key":"Blood Vial"},{"floor":31,"key":"Dead Branch"}],"event_choices":[{"damage_healed":0,"gold_gain":50,"player_choice":"Pray","damage_taken":0,"max_hp_gain":0,"max_hp_loss":0,"event_name":"Golden Shrine","floor":2,"gold_loss":0},{"damage_healed":0,"gold_gain":0,"player_choice":"Paid Gold","damage_taken":0,"relics_obtained":["Gremlin Horn"],"max_hp_gain":0,"max_hp_loss":0,"event_name":"WeMeetAgain","floor":10,"gold_loss":78},{"damage_healed":0,"gold_gain":50,"player_choice":"Stole From Cult","damage_taken":0,"max_hp_gain":0,"max_hp_loss":0,"event_name":"Nest","floor":20,"gold_loss":0},{"damage_healed":0,"gold_gain":0,"player_choice":"Upgraded","damage_taken":0,"max_hp_gain":0,"max_hp_loss":0,"event_name":"Upgrade Shrine","floor":21,"gold_loss":0,"cards_upgraded":["Burst"]}],"is_beta":false,"boss_relics":[{"not_picked":["Snecko Eye","HoveringKite"],"picked":"Fusion Hammer"}],"items_purged_floors":[],"is_endless":false,"potions_floor_spawned":[5,7,12,14,24,27,28,30],"killed_by":"Collector","ascension_level":20}}