{"host":"1t0goru2vbnnqaq4","time":1608257935,"event":{"mods":["2.2 Compatiblity","Act Like it!","Alarm Clock","BaseMod","Better Altar","Better Match","Better Note","Better Sensory Stone","Better Skull","Better Vampires","BetterRewards","Disable Question Mark Monsters","Downfall","Marked Mod","Mimic Mod","Minty Spire (QoL Compilation)","Rare Cards Sparkle","Replay The Spire","Spicy Shops","StSLib","Wandering Minibosses"],"gold_per_floor":[118,118,118,129,149,174,174,233,233,233,233,248,261,287,287,386,386,404,404,416,616,616,616,73,104,404,404,4,35,35,47,47,147,147,157,157,207,223,243,276,19,54,54,54,104,136,183,205,217,229,241,253,8,42,42],"floor_reached":56,"playtime":6954,"items_purged":["Writhe"],"score":1706,"play_id":"2cf2f05a-fcf6-4fbd-80fd-8fc5a595b1d8","local_time":"20201217211855","is_ascension_mode":false,"campfire_choices":[{"floor":7,"key":"REST"},{"floor":15,"key":"REST"},{"floor":23,"key":"RECALL"},{"floor":27,"key":"REST"},{"floor":30,"key":"REST"},{"floor":32,"key":"REST"},{"data":"1","floor":49,"key":"LIFT"},{"data":"2","floor":52,"key":"LIFT"}],"circlet_count":0,"master_deck":["Strike_G","Strike_G","Strike_G","Strike_G","Strike_G","Defend_G+1","Defend_G+1","Defend_G","Defend_G","Survivor","Neutralize","Cloak And Dagger","Infinite Blades+1","Dodge and Roll+1","Deflect","Crippling Poison+1","Dagger Spray","Deadly Poison","Prepared","Noxious Fumes","Catalyst","Quick Slash","ReplayTheSpireMod:Shiv Toss","Endless Agony","Storm of Steel+1","CurseOfTheBell","Crippling Poison","Acrobatics","expansioncontent:Hexaburn","expansioncontent:AwakenDeath+1","Noxious Fumes+1","Poisoned Stab+1","Terror+1","Riddle With Holes","Footwork+1","Hidden Blade+1","Storm of Steel+1","ReplayTheSpireMod:Shiv Toss+1","Outmaneuver","Cloak And Dagger+1","Corpse Explosion+1","PiercingWail+1","expansioncontent:Sear+1","Deadly Poison+1","Infinite Blades+1","Fluid Movement+1","Backstab","Footwork+1","Slice+1","Doubt","Deadly Poison","Sucker Punch+1","Parasite","CommonCold","Blade Dance+1","Caltrops+1","Deadly Poison+1","Deadly Poison+1","Bane+1","Bouncing Flask"],"relics":["Ring of the Snake","Lee\u0027s Waffle","Juzu Bracelet","Anchor","Bronze Scales","Gremlin Horn","Dream Catcher","FossilizedHelix","ReplayTheSpireMod:Lightbulb","Golden Egg","Calling Bell","Ice Cream","Frozen Egg 2","Replay:Baseball","Lantern","Byrd Skull","War Paint","Old Coin","Membership Card","CaptainsWheel","Replay:Rubber Ducky","Philosopher\u0027s Stone","Girya","Replay:Bottled Steam","Oddly Smooth Stone","Vajra","TheAbacus","Molten Egg 2","Blood Vial","Ring of Misfortune","Ring of Greed","Blue Doll","MawBank","Thread and Needle","wanderingMiniBosses:Inkheart","Mummified Hand","Guide Book","Ginger"],"acts_visited":["Exordium","TheCity","TheBeyond","TheEnding"],"potions_floor_usage":[12,14,16,25,25,40,55,55,55],"damage_taken":[{"damage":0,"enemies":"2 Louse","floor":1,"turns":2},{"damage":0,"enemies":"Cultist","floor":4,"turns":3},{"damage":0,"enemies":"Small Slimes","floor":5,"turns":3},{"damage":60,"enemies":"Gremlin Nob","floor":6,"turns":5},{"damage":0,"enemies":"Exordium Thugs","floor":12,"turns":4},{"damage":0,"enemies":"3 Louse","floor":13,"turns":2},{"damage":0,"enemies":"Lagavulin","floor":14,"turns":6},{"damage":24,"enemies":"Hexaghost","floor":16,"turns":9},{"damage":1,"enemies":"2 Thieves","floor":18,"turns":3},{"damage":0,"enemies":"3 Byrds","floor":20,"turns":4},{"damage":33,"enemies":"Gremlin Leader","floor":25,"turns":6},{"damage":43,"enemies":"Book of Stabbing","floor":29,"turns":6},{"damage":35,"enemies":"Snecko","floor":31,"turns":9},{"damage":20,"enemies":"Automaton","floor":33,"turns":8},{"damage":0,"enemies":"3 Darklings","floor":35,"turns":3},{"damage":13,"enemies":"Mind Bloom Boss Battle","floor":37,"turns":6},{"damage":0,"enemies":"3 Shapes","floor":38,"turns":2},{"damage":0,"enemies":"Sphere and 2 Shapes","floor":39,"turns":4},{"damage":0,"enemies":"R_Hoarder","floor":40,"turns":7},{"damage":7,"enemies":"Reptomancer","floor":42,"turns":6},{"damage":0,"enemies":"Transient","floor":46,"turns":5},{"damage":0,"enemies":"R_Hoarder","floor":47,"turns":6},{"damage":0,"enemies":"Writhing Mass","floor":48,"turns":8},{"damage":25,"enemies":"Time Eater","floor":50,"turns":11},{"damage":16,"enemies":"Shield and Spear","floor":54,"turns":3},{"damage":45,"enemies":"The Heart","floor":55,"turns":6}],"seed_played":"-3083499345385070867","potions_obtained":[{"floor":1,"key":"Block Potion"},{"floor":5,"key":"ColorlessPotion"},{"floor":6,"key":"Dexterity Potion"},{"floor":8,"key":"PowerPotion"},{"floor":13,"key":"Block Potion"},{"floor":18,"key":"SpeedPotion"},{"floor":20,"key":"Adrenaline Potion"},{"floor":25,"key":"FearPotion"},{"floor":38,"key":"Milkshake"},{"floor":39,"key":"Explosive Potion"},{"floor":42,"key":"Elixir"},{"floor":46,"key":"Block Potion"},{"floor":48,"key":"Dexterity Potion"}],"is_trial":false,"path_per_floor":["M","?","$","M","M","E","R","?","T","?","?","M","M","E","R","B",null,"M","?","M","?","?","R","$","E","T","R","$","E","R","M","R","B",null,"M","?","?","M","M","E","$","E","T","?","?","M","E","M","R","B",null,"R","$","E","B",null],"character_chosen":"THE_SILENT","items_purchased":["Lee\u0027s Waffle","Juzu Bracelet","Anchor","Bronze Scales","Gremlin Horn","Cloak And Dagger","Infinite Blades","Dodge and Roll+1","Lantern","Byrd Skull","Noxious Fumes+1","Poisoned Stab","Membership Card","CaptainsWheel","Footwork+1","Hidden Blade","Footwork+1","Oddly Smooth Stone","Vajra","TheAbacus","Mummified Hand","Caltrops+1","Guide Book","Deadly Poison","Bane+1"],"campfire_rested":5,"item_purchase_floors":[0,0,0,0,0,0,0,0,24,24,24,24,28,28,28,28,41,41,41,41,53,53,53,53,53],"current_hp_per_floor":[77,77,77,77,77,17,40,40,40,40,15,15,15,15,38,14,77,76,76,76,76,76,76,76,43,43,66,66,23,46,11,34,14,77,77,77,64,64,64,64,64,57,57,57,57,59,61,63,63,40,77,77,77,61,18],"gold":42,"neow_bonus":"","is_daily":false,"chose_seed":false,"campfire_upgraded":0,"win_rate":0.0,"timestamp":1608257935,"path_taken":["M","?","$","M","M","E","R","?","T","?","?","M","M","E","R","BOSS","M","?","M","?","?","R","$","E","T","R","$","E","R","M","R","BOSS","M","?","?","M","M","E","$","E","T","?","?","M","E","M","R","BOSS","R","$","E","BOSS"],"items_purchased_type":["Relic","Relic","Relic","Relic","Relic","Card","Card","Card","Relic","Relic","Card","Card","Relic","Relic","Card","Card","Card","Relic","Relic","Relic","Relic","Card","Relic","Card","Card"],"build_version":"2020-12-13","purchased_purges":1,"victory":true,"max_hp_per_floor":[77,77,77,77,77,77,77,77,77,77,77,77,77,77,77,77,77,77,77,77,77,77,77,77,77,77,77,77,77,77,77,77,77,77,77,77,77,77,77,77,77,77,77,77,77,77,77,77,77,77,77,77,77,77,77],"card_choices":[{"not_picked":["Dodge and Roll","Draining Mist"],"picked":"Deflect","floor":1},{"not_picked":["Caltrops","Sucker Punch"],"picked":"Crippling Poison","floor":4},{"not_picked":["Backflip","Tactician"],"picked":"Dagger Spray","floor":5},{"not_picked":["Phantasmal Killer","Calculated Gamble"],"picked":"Deadly Poison","floor":6},{"not_picked":["Sucker Punch","Blur"],"picked":"Prepared","floor":7},{"not_picked":["Accuracy","Outmaneuver"],"picked":"Noxious Fumes","floor":8},{"not_picked":["Backflip","Well Laid Plans"],"picked":"Catalyst","floor":12},{"not_picked":["Bane","All Out Attack"],"picked":"Quick Slash","floor":13},{"not_picked":["Catalyst","Skewer"],"picked":"ReplayTheSpireMod:Shiv Toss","floor":14},{"not_picked":["Replay:Poison Smokescreen","Backflip"],"picked":"Endless Agony","floor":15},{"not_picked":["Phantasmal Killer","Malaise"],"picked":"Storm of Steel","floor":16},{"not_picked":["Acrobatics+1","Bane"],"picked":"Crippling Poison","floor":18},{"not_picked":["Reflex","Grand Finale"],"picked":"Acrobatics","floor":20},{"not_picked":["expansioncontent:Corrupt","ReplayTheSpireMod:Necrogeddon"],"picked":"expansioncontent:Hexaburn","floor":22},{"not_picked":["expansioncontent:DefensiveStance+1","expansioncontent:Corrupt"],"picked":"expansioncontent:AwakenDeath+1","floor":22},{"not_picked":["Endless Agony","Predator"],"picked":"Terror+1","floor":25},{"not_picked":["Underhanded Strike","Tactician"],"picked":"Riddle With Holes","floor":27},{"not_picked":["Masterful Stab","Poisoned Stab"],"picked":"Storm of Steel","floor":29},{"not_picked":["Poisoned Stab+1","Quick Slash"],"picked":"ReplayTheSpireMod:Shiv Toss+1","floor":30},{"not_picked":["Cloak And Dagger","Prepared"],"picked":"Outmaneuver","floor":31},{"not_picked":["Slice","Bane"],"picked":"Cloak And Dagger+1","floor":32},{"not_picked":["Glass Knife","ReplayTheSpireMod:Necrosis"],"picked":"Corpse Explosion","floor":33},{"not_picked":["Quick Slash","ReplayTheSpireMod:Tripwire+1"],"picked":"PiercingWail+1","floor":35},{"not_picked":["ReplayTheSpireMod:Scrap Shanks+1","Draining Mist+1"],"picked":"Backstab+1","floor":36},{"not_picked":["expansioncontent:GoopSpray+1","Forethought+1"],"picked":"expansioncontent:Sear+1","floor":36},{"not_picked":["Flying Knee","Replay:Poison Smokescreen+1"],"picked":"Deadly Poison+1","floor":37},{"not_picked":["Endless Agony+1","Dagger Throw"],"picked":"Infinite Blades+1","floor":38},{"not_picked":["Acrobatics+1","Deflect+1"],"picked":"Fluid Movement+1","floor":39},{"not_picked":["Expertise+1","Unload"],"picked":"Backstab","floor":40},{"not_picked":["Quick Slash+1","Backflip"],"picked":"Slice+1","floor":42},{"not_picked":["ReplayTheSpireMod:The Works","Deflect"],"picked":"Deadly Poison","floor":46},{"not_picked":["Choke+1","Acrobatics+1"],"picked":"Sucker Punch+1","floor":47},{"not_picked":["Backflip","Finisher+1"],"picked":"Blade Dance+1","floor":48},{"not_picked":["Catalyst","Setup"],"picked":"Bouncing Flask","floor":54}],"player_experience":682316,"relics_obtained":[{"floor":6,"key":"Dream Catcher"},{"floor":14,"key":"Golden Egg"},{"floor":17,"key":"Ice Cream"},{"floor":17,"key":"Frozen Egg 2"},{"floor":17,"key":"Replay:Baseball"},{"floor":25,"key":"War Paint"},{"floor":26,"key":"Old Coin"},{"floor":29,"key":"Replay:Rubber Ducky"},{"floor":37,"key":"Girya"},{"floor":40,"key":"Replay:Bottled Steam"},{"floor":42,"key":"Molten Egg 2"},{"floor":43,"key":"Blood Vial"},{"floor":45,"key":"Ring of Misfortune"},{"floor":45,"key":"Ring of Greed"},{"floor":45,"key":"Blue Doll"},{"floor":45,"key":"MawBank"},{"floor":47,"key":"Thread and Needle"},{"floor":48,"key":"wanderingMiniBosses:Inkheart"},{"floor":54,"key":"Ginger"}],"event_choices":[{"cards_removed":["Defend_G"],"damage_healed":0,"gold_gain":0,"player_choice":"Offered Basic","damage_taken":0,"max_hp_gain":0,"max_hp_loss":0,"event_name":"Bonfire Elementals","floor":2,"gold_loss":0},{"damage_healed":0,"gold_gain":0,"player_choice":"Gave Potion","damage_taken":0,"relics_obtained":["FossilizedHelix"],"max_hp_gain":0,"max_hp_loss":0,"event_name":"WeMeetAgain","floor":10,"gold_loss":0},{"damage_healed":0,"gold_gain":0,"player_choice":"Success","damage_taken":25,"relics_obtained":["ReplayTheSpireMod:Lightbulb"],"max_hp_gain":0,"max_hp_loss":0,"event_name":"Scrap Ooze","floor":11,"gold_loss":0},{"damage_healed":0,"gold_gain":0,"player_choice":"Ignored","damage_taken":0,"max_hp_gain":0,"max_hp_loss":0,"event_name":"betterNote:BetterNote","floor":19,"gold_loss":0,"cards_obtained":["sneckomod:UnknownRarePower"]},{"damage_healed":0,"gold_gain":200,"player_choice":"Gold","damage_taken":0,"max_hp_gain":0,"max_hp_loss":0,"event_name":"Wheel of Change","floor":21,"gold_loss":0},{"damage_healed":0,"gold_gain":2,"player_choice":"1","damage_taken":0,"max_hp_gain":0,"max_hp_loss":0,"event_name":"betterStone:BetterStone","floor":22,"gold_loss":0},{"damage_healed":0,"gold_gain":0,"player_choice":"2","damage_taken":0,"max_hp_gain":0,"max_hp_loss":0,"event_name":"betterMatch:BetterMatch","floor":36,"gold_loss":0,"cards_obtained":["betterMatch:UncommonCard","betterMatch:ColorlessUncommonCard"]},{"damage_healed":0,"gold_gain":0,"player_choice":"Fight","damage_taken":0,"max_hp_gain":0,"max_hp_loss":0,"event_name":"MindBloom","floor":37,"gold_loss":0},{"cards_removed":["Backstab"],"damage_healed":0,"gold_gain":0,"player_choice":"Removed Attack","damage_taken":0,"max_hp_gain":0,"max_hp_loss":0,"event_name":"Falling","floor":44,"gold_loss":0}],"is_beta":false,"boss_relics":[{"not_picked":["SlaversCollar","Replay:Bronze Core"],"picked":"Calling Bell"},{"not_picked":["Snecko Eye","Painkiller Herb"],"picked":"Philosopher\u0027s Stone"}],"items_purged_floors":[24],"is_endless":false,"potions_floor_spawned":[1,5,6,13,18,20,25,38,39,42,46,48],"ascension_level":0}}