{"host":"15ff3ltgpietarej","time":1608265692,"event":{"mods":["BaseMod","Downfall","Highlight Path","Minty Spire (QoL Compilation)","StSLib"],"gold_per_floor":[99,126,126,51,51,51,78,3,37,37,51,65,77,87,97,193,193,118,118,118],"floor_reached":19,"playtime":964,"items_purged":[],"score":200,"play_id":"1ba91d61-9801-43d2-8009-ef4acfaa0c39","local_time":"20201218052812","is_ascension_mode":false,"campfire_choices":[{"floor":1,"key":"RECALL"},{"data":"champ:DefensiveStyle","floor":4,"key":"SMITH"},{"data":"champ:Circumvent","floor":8,"key":"SMITH"},{"data":"champ:FalseCounter","floor":10,"key":"SMITH"},{"data":"champ:DefensiveShout","floor":18,"key":"SMITH"}],"circlet_count":0,"master_deck":["champ:Strike","champ:Strike","champ:Strike","champ:Strike","champ:Defend","champ:Defend","champ:Defend","champ:Defend","champ:Execute","champ:Taunt","champ:DefensiveStyle+1","champ:Circumvent+1","champ:FalseCounter+1","champ:Backstep","champ:Encircle","champ:DefensiveShout+1","champ:TornadoPunch","champ:MurderStrike"],"relics":["champ:ChampionCrown","downfall:HeartsMalice","Vajra","downfall:HeartBlessingRed","Dead Branch","downfall:HeartBlessingBlue","Omamori","Sozu","downfall:HeartBlessingGreen"],"acts_visited":["Exordium","TheCity"],"potions_floor_usage":[16],"damage_taken":[{"damage":0,"enemies":"Gremlin Nob","floor":2,"turns":1},{"damage":0,"enemies":"Cultist","floor":3,"turns":1},{"damage":0,"enemies":"2 Louse","floor":6,"turns":1},{"damage":22,"enemies":"Lagavulin","floor":9,"turns":7},{"damage":0,"enemies":"Small Slimes","floor":11,"turns":3},{"damage":13,"enemies":"Gremlin Gang","floor":12,"turns":4},{"damage":3,"enemies":"3 Louse","floor":13,"turns":3},{"damage":0,"enemies":"2 Fungi Beasts","floor":14,"turns":2},{"damage":12,"enemies":"Exordium Wildlife","floor":15,"turns":3},{"damage":10,"enemies":"downfall:Watcher","floor":16,"turns":8},{"damage":2,"enemies":"Spheric Guardian","floor":19,"turns":2}],"seed_played":"-7273313858877492702","potions_obtained":[{"floor":9,"key":"Weak Potion"},{"floor":11,"key":"AttackPotion"},{"floor":13,"key":"Weak Potion"},{"floor":14,"key":"Strength Potion"},{"floor":16,"key":"Swift Potion"}],"is_trial":false,"path_per_floor":["R","E","M","R","T","M","T","R","E","R","M","M","M","M","M","B",null,"R","M"],"character_chosen":"THE_CHAMP","items_purchased":[],"campfire_rested":0,"item_purchase_floors":[],"current_hp_per_floor":[90,90,90,90,90,90,90,100,88,88,88,75,74,74,62,52,100,100,98,98],"gold":118,"neow_bonus":"THREE_ENEMY_KILL","is_daily":false,"chose_seed":false,"campfire_upgraded":4,"win_rate":0.0,"timestamp":1608265692,"path_taken":["R","E","M","R","?","M","T","R","E","R","M","M","M","?","M","BOSS","R","M"],"items_purchased_type":[],"build_version":"2020-12-13","purchased_purges":0,"victory":false,"max_hp_per_floor":[90,90,90,90,90,90,90,100,100,100,100,100,100,100,100,100,100,100,100,100],"card_choices":[{"not_picked":["champ:Haymaker","champ:FlashCut"],"picked":"champ:DefensiveStyle","floor":2},{"not_picked":["champ:BerserkerStyle","champ:AdrenalArmor"],"picked":"champ:Circumvent","floor":3},{"not_picked":["champ:BerserkersShout","champ:FocusedBerserking","champ:Encircle"],"picked":"SKIP","floor":6},{"not_picked":["champ:FaceSlap","champ:PerfectedStrike"],"picked":"champ:FalseCounter","floor":9},{"not_picked":["champ:BerserkersShout","champ:Haymaker"],"picked":"champ:Backstep","floor":11},{"not_picked":["champ:IronFortress","champ:FlashCut"],"picked":"champ:Encircle","floor":12},{"not_picked":["champ:BladeFlurry","champ:Circumvent"],"picked":"champ:DefensiveShout","floor":13},{"not_picked":["champ:CalledShot","champ:Riposte"],"picked":"champ:TornadoPunch","floor":14},{"not_picked":["champ:BerserkersShout","champ:DeathBlow","champ:HeavySlash"],"picked":"SKIP","floor":15},{"not_picked":["champ:Improvising","champ:CheapShot"],"picked":"champ:MurderStrike","floor":16}],"player_experience":392187,"relics_obtained":[{"floor":2,"key":"Vajra"},{"floor":5,"key":"Dead Branch"},{"floor":9,"key":"Omamori"}],"event_choices":[],"is_beta":false,"boss_relics":[{"not_picked":["Fusion Hammer","Empty Cage"],"picked":"Sozu"}],"items_purged_floors":[],"is_endless":false,"potions_floor_spawned":[9,11,13,14,15,16],"killed_by":"Spheric Guardian","ascension_level":0}}