{"host":"a7kkotolxcg5vljr","time":1608314312,"event":{"mods":["2.2 Compatiblity","AchievementEnabler","Act Like it!","BaseMod","Better Altar","Better Skull","Better Third Choice","Colored Map","Colored Powertips","Downfall","Hermit","Highlight Path","Marisa????????","Minty Spire (QoL Compilation)","Quick Restart","Rare Cards Sparkle","Replay The Spire","Spicy Shops","StSLib","The Cursed","The Disciple","The Servant 0.9.4"],"gold_per_floor":[113,124,124,141,216,216,246,246,271,290,317,335,361,377,377,472,472,487,504,41,71,81,81,95,108,108,27,27,58,114,37,37,138,138,55,55,71,90,90,102,102,14,40,40,56,71,183,56,56,56,56,56,53,85,97,97],"floor_reached":55,"playtime":5620,"items_purged":[],"score":993,"play_id":"15bcd356-2493-4354-bda1-1f56bd41bbba","local_time":"20201218125832","is_ascension_mode":false,"campfire_choices":[{"floor":6,"key":"RECALL"},{"floor":8,"key":"REST"},{"floor":15,"key":"REST"},{"floor":23,"key":"REST"},{"floor":28,"key":"REST"},{"floor":32,"key":"REST"},{"floor":41,"key":"REST"},{"floor":44,"key":"REST"},{"floor":49,"key":"REST"},{"floor":52,"key":"REST"}],"circlet_count":0,"master_deck":["Strike_B","Strike_B+1","Strike_B","Strike_B","Defend_B","Defend_B+1","Defend_B","Defend_B","Zap","Dualcast","Cold Snap","FTL","Ball Lightning","Gash","Ball Lightning","Fusion","Double Energy","FIFO Queue","Coolheaded","Mirror Shield","Cold Snap+1","Redo+1","ReplayTheSpireMod:IOU","Doom and Gloom","Ball Lightning","Conserve Battery","Self Repair","Loop","Cold Snap","Beam Cell+1","BasicCrystalCard","ReplayTheSpireMod:IOU","ReplayTheSpireMod:IOU","Echo Form","ReplayTheSpireMod:IOU","ReplayTheSpireMod:IOU","ReplayTheSpireMod:IOU","Beam Cell","ReplayGash+1","Pot Of Greed","Pot Of Greed","Pot Of Greed","Pot Of Greed","Seek","Consume+1","Double Energy","Streamline+1","Panic Button+1","Stack+1","Rebound+1","Pot Of Greed","FTL","Beam Cell+1","expansioncontent:AwakenDeath+1","Storm+1","Self Repair+1","Seek","Defragment+1","Ball Lightning+1","Glacier+1","ReplayTheSpireMod:IOU","Crystallizer+1","ReplayTheSpireMod:IOU","Specialist+1","Pot Of Greed","Go for the Eyes","Go for the Eyes","Blizzard"],"relics":["Cracked Core","NeowsBlessing","Simple Rune","Bag of Marbles","MealTicket","PreservedInsect","Nuclear Battery","Replay:Wax Seal","Medical Kit","Replay:Accelerometer","Sling","Red Mask","Orichalcum","Membership Card","Lantern","Geode","Regal Pillow","Replay:Frozen Program","Frozen Egg 2","Grinning Jar","Fusion Hammer","Omamori","Mercury Hourglass","Du-Vu Doll","Orrery","TungstenRod","Runic Capacitor","StoneCalendar","Replay:Bandana"],"acts_visited":["Exordium","TheCity","TheBeyond","TheEnding"],"potions_floor_usage":[7,11,13,16,21,24,25,27,33,33,33,38,38,42,45,50,55],"damage_taken":[{"damage":0,"enemies":"Cultist","floor":1,"turns":1},{"damage":0,"enemies":"2 Louse","floor":2,"turns":1},{"damage":0,"enemies":"Jaw Worm","floor":4,"turns":1},{"damage":22,"enemies":"Lagavulin","floor":7,"turns":5},{"damage":1,"enemies":"Lots of Slimes","floor":10,"turns":4},{"damage":9,"enemies":"3 Sentries","floor":11,"turns":3},{"damage":8,"enemies":"Looter","floor":12,"turns":3},{"damage":4,"enemies":"Gremlin Nob","floor":13,"turns":3},{"damage":7,"enemies":"Blue Slaver","floor":14,"turns":2},{"damage":6,"enemies":"Slime Boss","floor":16,"turns":6},{"damage":8,"enemies":"Chosen","floor":18,"turns":4},{"damage":7,"enemies":"Spheric Guardian","floor":19,"turns":4},{"damage":3,"enemies":"Masked Bandits","floor":21,"turns":3},{"damage":27,"enemies":"3 Cultists","floor":22,"turns":5},{"damage":9,"enemies":"Shelled Parasite and Fungi","floor":24,"turns":6},{"damage":21,"enemies":"Cultist and Chosen","floor":25,"turns":8},{"damage":27,"enemies":"Snake Plant","floor":27,"turns":5},{"damage":38,"enemies":"Pondfish","floor":33,"turns":21},{"damage":17,"enemies":"3 Darklings","floor":35,"turns":6},{"damage":46,"enemies":"3 Shapes","floor":37,"turns":6},{"damage":12,"enemies":"Maw","floor":38,"turns":6},{"damage":2,"enemies":"Jaw Worm Horde","floor":40,"turns":3},{"damage":18,"enemies":"Transient","floor":42,"turns":5},{"damage":7,"enemies":"Sphere and 2 Shapes","floor":45,"turns":3},{"damage":56,"enemies":"Spire Growth","floor":46,"turns":5},{"damage":104,"enemies":"Replay:Hell Engine","floor":50,"turns":13},{"damage":8,"enemies":"Shield and Spear","floor":54,"turns":3},{"damage":99,"enemies":"The Heart","floor":55,"turns":6}],"seed_played":"2510031623779687119","potions_obtained":[{"floor":4,"key":"Ancient Potion"},{"floor":10,"key":"Explosive Potion"},{"floor":12,"key":"Fire Potion"},{"floor":13,"key":"Fire Potion"},{"floor":18,"key":"Swift Potion"},{"floor":22,"key":"ColorlessPotion"},{"floor":24,"key":"FocusPotion"},{"floor":25,"key":"Dexterity Potion"},{"floor":30,"key":"FearPotion"},{"floor":30,"key":"Flashbang"},{"floor":30,"key":"LifebloodPotion"},{"floor":33,"key":"Fire Potion"},{"floor":35,"key":"Death Potion"},{"floor":37,"key":"Adrenaline Potion"},{"floor":40,"key":"Explosive Potion"},{"floor":42,"key":"Strength Potion"},{"floor":47,"key":"FairyPotion"},{"floor":54,"key":"FocusPotion"}],"is_trial":false,"path_per_floor":["M","M","T","M","?","R","E","R","T","M","E","M","E","M","R","B",null,"M","M","$","?","M","R","M","M","T","M","R","$","?","$","R","B",null,"M","?","M","M","?","M","R","M","T","R","M","M","?","$","R","B",null,"R","$","E","B"],"character_chosen":"DEFECT","items_purchased":["Replay:Wax Seal","Medical Kit","Replay:Accelerometer","Sling","Doom and Gloom","Ball Lightning","Conserve Battery","Membership Card","Echo Form","Lantern","Geode","Regal Pillow","Replay:Frozen Program","Frozen Egg 2","Beam Cell","Grinning Jar","Du-Vu Doll","Storm+1","Orrery","TungstenRod","Runic Capacitor","Crystallizer+1","Specialist+1","StoneCalendar","Go for the Eyes"],"campfire_rested":9,"item_purchase_floors":[20,20,20,20,20,20,20,29,29,29,29,29,29,29,29,31,48,48,48,53,53,53,53,53,53],"current_hp_per_floor":[75,75,75,75,68,68,46,68,68,67,58,50,46,39,61,55,75,67,60,75,72,45,67,65,51,51,24,46,61,31,46,75,44,75,65,65,19,21,18,16,53,42,42,75,68,12,12,27,64,18,75,75,75,67,0,0],"gold":97,"neow_bonus":"THREE_ENEMY_KILL","is_daily":false,"chose_seed":false,"campfire_upgraded":0,"win_rate":0.0,"timestamp":1608314312,"path_taken":["M","?","?","M","?","R","E","R","T","M","E","M","E","M","R","BOSS","M","M","?","?","?","R","M","M","T","?","R","?","?","$","R","BOSS","M","?","?","M","?","M","R","M","T","R","M","?","?","?","R","BOSS","R","$","E","BOSS"],"items_purchased_type":["Relic","Relic","Relic","Relic","Card","Card","Card","Relic","Card","Relic","Relic","Relic","Relic","Relic","Card","Relic","Relic","Card","Relic","Relic","Relic","Card","Card","Relic","Card"],"build_version":"2020-12-13","purchased_purges":0,"victory":false,"max_hp_per_floor":[75,75,75,75,75,75,75,75,75,75,75,75,75,75,75,75,75,75,75,75,75,75,75,75,75,75,75,75,75,75,75,75,75,75,75,75,75,75,75,75,75,75,75,75,75,75,75,75,75,75,75,75,75,75,75,75],"card_choices":[{"not_picked":["Defragment","Force Field"],"picked":"Cold Snap","floor":1},{"not_picked":["Auto Shields","BasicCrystalCard"],"picked":"FTL","floor":2},{"not_picked":["Reinforced Body","Panic Button"],"picked":"Ball Lightning","floor":4},{"not_picked":["Force Field","Rebound"],"picked":"Gash","floor":7},{"not_picked":["Consume","Leap"],"picked":"Ball Lightning","floor":10},{"not_picked":["Barrage","ReplaySolidLightProjector"],"picked":"Fusion","floor":11},{"not_picked":["Recycle","Leap"],"picked":"Double Energy","floor":12},{"not_picked":["Leap","Redo"],"picked":"FIFO Queue","floor":13},{"not_picked":["Undo","Capacitor"],"picked":"Coolheaded","floor":14},{"not_picked":["ReplayTheSpireMod:Fabricate Wheel","ReplayRNGCard"],"picked":"Mirror Shield","floor":16},{"not_picked":["Stack","Panic Button"],"picked":"Cold Snap+1","floor":18},{"not_picked":["Rip and Tear","Leap"],"picked":"Redo+1","floor":19},{"not_picked":["Glacier+1","ReplayTheSpireMod:Calculation Training"],"picked":"Self Repair","floor":21},{"not_picked":["Capacitor","ReplayGash+1"],"picked":"Loop","floor":22},{"not_picked":["Barrage","Heatsinks"],"picked":"Cold Snap","floor":24},{"not_picked":["Streamline","Stack"],"picked":"Beam Cell+1","floor":25},{"not_picked":["Coolheaded","Cold Snap+1"],"picked":"BasicCrystalCard","floor":27},{"not_picked":["Coolheaded","Reprogram"],"picked":"ReplayGash+1","floor":30},{"not_picked":["Hyperbeam","Mirror Shield"],"picked":"Seek","floor":33},{"not_picked":["Conserve Battery","Gash"],"picked":"Consume+1","floor":35},{"not_picked":["Rebound+1","Loop+1"],"picked":"Streamline+1","floor":37},{"not_picked":["Barrage+1","Consume+1"],"picked":"Panic Button+1","floor":38},{"not_picked":["Skim","Gash"],"picked":"Stack+1","floor":40},{"not_picked":["BasicCrystalCard","ReplaySort"],"picked":"Rebound+1","floor":42},{"not_picked":["ReplayTheSpireMod:System Scan","Reprogram+1"],"picked":"FTL","floor":45},{"not_picked":["Reprogram+1","Chaos"],"picked":"Beam Cell+1","floor":46},{"not_picked":["expansioncontent:GuardianWhirl","expansioncontent:DarkVoid"],"picked":"expansioncontent:AwakenDeath+1","floor":47},{"not_picked":["Fusion","Stack+1"],"picked":"Self Repair+1","floor":48},{"not_picked":["Rebound","ReplayTheSpireMod:GoodbyeWorld+1"],"picked":"Seek","floor":48},{"not_picked":["Rebound+1","Steam+1"],"picked":"Defragment+1","floor":48},{"not_picked":["Fusion","Panic Button"],"picked":"Ball Lightning+1","floor":48},{"not_picked":["Cold Snap","Ball Lightning"],"picked":"Glacier+1","floor":48},{"not_picked":["Compile Driver","Barrage"],"picked":"Blizzard","floor":54}],"player_experience":356944,"relics_obtained":[{"floor":7,"key":"Simple Rune"},{"floor":9,"key":"Bag of Marbles"},{"floor":11,"key":"MealTicket"},{"floor":13,"key":"PreservedInsect"},{"floor":21,"key":"Red Mask"},{"floor":26,"key":"Orichalcum"},{"floor":43,"key":"Omamori"},{"floor":47,"key":"Mercury Hourglass"},{"floor":54,"key":"Replay:Bandana"}],"event_choices":[{"damage_healed":0,"gold_gain":75,"player_choice":"Touch","damage_taken":7,"max_hp_gain":0,"max_hp_loss":0,"event_name":"FaceTrader","floor":5,"gold_loss":0},{"damage_healed":0,"gold_gain":0,"player_choice":"Fought Bandits","damage_taken":0,"max_hp_gain":0,"max_hp_loss":0,"event_name":"Masked Bandits","floor":21,"gold_loss":0},{"damage_healed":0,"gold_gain":0,"player_choice":"Copied","damage_taken":0,"max_hp_gain":0,"max_hp_loss":0,"event_name":"Duplicator","floor":36,"gold_loss":0,"cards_obtained":["Double Energy"]},{"damage_healed":0,"gold_gain":0,"player_choice":"Punched","damage_taken":3,"max_hp_gain":0,"max_hp_loss":0,"event_name":"Designer","floor":39,"gold_loss":0},{"damage_healed":0,"gold_gain":0,"player_choice":"Random: Red","damage_taken":0,"max_hp_gain":0,"max_hp_loss":0,"event_name":"betterThird:BetterPortal","floor":47,"gold_loss":0}],"is_beta":false,"boss_relics":[{"not_picked":["Empty Cage","Velvet Choker"],"picked":"Nuclear Battery"},{"not_picked":["Replay:Wanted Poster","Astrolabe"],"picked":"Fusion Hammer"}],"items_purged_floors":[],"is_endless":false,"potions_floor_spawned":[4,10,12,13,18,22,24,25,33,35,37,40,42,54],"killed_by":"The Heart","ascension_level":0}}