{"host":"t8l92xzjkmihtain","time":1608288685,"event":{"mods":["AchievementEnabler","BaseMod","Colored Map","Minty Spire (QoL Compilation)","Rare Cards Sparkle","SuperFastMode","everything is the same but u backflip on backflip"],"gold_per_floor":[18,31,31,51,71,112,112,112,112,152,173,173,26,40,40,40,40],"floor_reached":16,"playtime":1020,"items_purged":[],"score":123,"play_id":"bf3d7573-c65e-45d5-aed2-18162af665ab","local_time":"20201218195125","is_ascension_mode":true,"campfire_choices":[{"floor":8,"key":"REST"},{"floor":15,"key":"REST"}],"circlet_count":0,"master_deck":["Strike_R","Strike_R","Strike_R","Strike_R","Defend_R","Defend_R","Defend_R","Defend_R","Body Slam","Body Slam","Entrench","Entrench","Shrug It Off","Impervious","Ghostly Armor","Warcry"],"relics":["Burning Blood","Lizard Tail","Golden Idol","Orichalcum","Happy Flower","Eternal Feather","Orrery"],"acts_visited":["Exordium"],"potions_floor_usage":[5,6,11,16],"damage_taken":[{"damage":9,"enemies":"2 Louse","floor":1,"turns":3},{"damage":10,"enemies":"Small Slimes","floor":2,"turns":4},{"damage":1,"enemies":"Cultist","floor":4,"turns":4},{"damage":14,"enemies":"Blue Slaver","floor":5,"turns":4},{"damage":44,"enemies":"Gremlin Nob","floor":6,"turns":6},{"damage":47,"enemies":"3 Sentries","floor":10,"turns":13},{"damage":4,"enemies":"2 Fungi Beasts","floor":11,"turns":4},{"damage":19,"enemies":"Gremlin Gang","floor":14,"turns":8},{"damage":62,"enemies":"Slime Boss","floor":16,"turns":14}],"seed_played":"7442343916239386585","potions_obtained":[{"floor":1,"key":"SpeedPotion"},{"floor":2,"key":"SkillPotion"},{"floor":10,"key":"DistilledChaos"},{"floor":14,"key":"GamblersBrew"}],"is_trial":false,"path_per_floor":["M","M","?","M","M","E","?","R","T","E","M","?","$","M","R","B"],"character_chosen":"IRONCLAD","items_purchased":["Orrery"],"campfire_rested":2,"item_purchase_floors":[13],"current_hp_per_floor":[77,73,53,58,50,12,12,36,36,40,42,42,42,29,62,0,0],"gold":40,"neow_bonus":"ONE_RARE_RELIC","is_daily":false,"chose_seed":false,"campfire_upgraded":0,"win_rate":0.0,"timestamp":1608288685,"path_taken":["M","M","?","M","M","E","?","R","T","E","M","?","$","M","R","BOSS"],"items_purchased_type":["Relic"],"build_version":"2020-12-13","purchased_purges":0,"victory":false,"max_hp_per_floor":[80,80,80,80,80,80,80,80,80,80,80,80,80,80,80,80,80],"card_choices":[{"not_picked":["Spot Weakness","True Grit"],"picked":"Body Slam","floor":1},{"not_picked":["Dual Wield","Sever Soul"],"picked":"Body Slam","floor":2},{"not_picked":["Carnage","Thunderclap","Reckless Charge"],"picked":"SKIP","floor":4},{"not_picked":["Armaments","Havoc"],"picked":"Entrench","floor":5},{"not_picked":["Seeing Red","Sentinel"],"picked":"Entrench","floor":6},{"not_picked":["Feel No Pain","Rampage","Searing Blow"],"picked":"SKIP","floor":10},{"not_picked":["Burning Pact","Wild Strike","Pommel Strike"],"picked":"SKIP","floor":11},{"not_picked":["Clothesline","Searing Blow"],"picked":"Impervious","floor":13},{"not_picked":["Combust","Iron Wave"],"picked":"Ghostly Armor","floor":13},{"not_picked":["Anger","Rupture"],"picked":"Warcry","floor":13},{"not_picked":["Dark Embrace","Heavy Blade","Hemokinesis"],"picked":"SKIP","floor":14}],"player_experience":22926,"relics_obtained":[{"floor":6,"key":"Orichalcum"},{"floor":9,"key":"Happy Flower"},{"floor":10,"key":"Eternal Feather"}],"event_choices":[{"damage_healed":0,"gold_gain":0,"player_choice":"Take Damage","damage_taken":20,"relics_obtained":["Golden Idol"],"max_hp_gain":0,"max_hp_loss":0,"event_name":"Golden Idol","floor":3,"gold_loss":0},{"cards_removed":["Bash"],"damage_healed":0,"gold_gain":0,"player_choice":"Forget","damage_taken":0,"max_hp_gain":0,"max_hp_loss":0,"event_name":"Living Wall","floor":7,"gold_loss":0},{"damage_healed":0,"gold_gain":0,"cards_transformed":["Strike_R"],"player_choice":"Transformed","damage_taken":0,"max_hp_gain":0,"max_hp_loss":0,"event_name":"Transmorgrifier","floor":12,"gold_loss":0,"cards_obtained":["Shrug It Off"]}],"is_beta":false,"boss_relics":[],"items_purged_floors":[],"is_endless":false,"potions_floor_spawned":[1,2,10,14],"killed_by":"Slime Boss","ascension_level":2}}