{"host":"bpszg8uald72z2zd","time":1608302174,"event":{"mods":["AchievementEnabler","BaseMod","Colored Map","DeckTracker","Keyboard Shortcuts","Minty Spire (QoL Compilation)","Relic Stats","SuperFastMode"],"gold_per_floor":[13,13,13,25,25,25,25,58,70,82,94,124,136,181,209,221,335,347,347,347,272,272,272,272,103,103,103,103,103,103,103],"floor_reached":30,"playtime":450,"items_purged":["Strike_P","Defend_P"],"score":354,"play_id":"70bee417-b91a-4604-ae6d-ec880d3c2e47","local_time":"20201218233614","is_ascension_mode":true,"campfire_choices":[{"data":"Eruption","floor":7,"key":"SMITH"},{"floor":9,"key":"REST"},{"data":"Vigilance","floor":11,"key":"SMITH"},{"data":"Tantrum","floor":16,"key":"SMITH"},{"data":"Scrawl","floor":24,"key":"SMITH"},{"floor":26,"key":"REST"}],"circlet_count":0,"master_deck":["AscendersBane","Strike_P","Strike_P","Defend_P","Defend_P","Eruption+1","Vigilance+1","WheelKick","FollowUp","FlurryOfBlows","Tantrum+1","Scrawl+1","FlurryOfBlows","Wallop","FearNoEvil","Scrawl"],"relics":["PureWater","CultistMask","MawBank","Ginger","Pantograph","Ectoplasm","Ancient Tea Set","Nilry\u0027s Codex"],"acts_visited":["Exordium","TheCity"],"potions_floor_usage":[8,14,17,17,22],"damage_taken":[{"damage":17,"enemies":"Small Slimes","floor":1,"turns":3},{"damage":0,"enemies":"Cultist","floor":4,"turns":3},{"damage":35,"enemies":"Lagavulin","floor":8,"turns":4},{"damage":2,"enemies":"Jaw Worm","floor":12,"turns":3},{"damage":20,"enemies":"3 Sentries","floor":14,"turns":4},{"damage":2,"enemies":"Large Slime","floor":15,"turns":2},{"damage":35,"enemies":"Hexaghost","floor":17,"turns":6},{"damage":6,"enemies":"3 Byrds","floor":19,"turns":3},{"damage":0,"enemies":"Shell Parasite","floor":20,"turns":2},{"damage":23,"enemies":"Centurion and Healer","floor":22,"turns":2},{"damage":0,"enemies":"Cultist and Chosen","floor":29,"turns":2},{"damage":0,"enemies":"Shelled Parasite and Fungi","floor":30,"turns":2}],"seed_played":"-4353222201181441560","potions_obtained":[{"floor":1,"key":"Regen Potion"},{"floor":13,"key":"Fire Potion"},{"floor":13,"key":"GamblersBrew"},{"floor":13,"key":"SpeedPotion"},{"floor":17,"key":"ColorlessPotion"},{"floor":19,"key":"Ancient Potion"}],"is_trial":false,"path_per_floor":["M","?","$","M","$","?","R","E","R","T","R","M","?","E","M","R","B",null,"M","M","$","M","?","R","$","R","T","?","M","M"],"character_chosen":"WATCHER","items_purchased":["FearNoEvil"],"campfire_rested":2,"item_purchase_floors":[25],"current_hp_per_floor":[48,48,48,48,48,48,48,22,43,43,43,41,41,21,19,19,9,56,50,50,50,27,27,27,27,48,48,32,32,32,32],"gold":103,"neow_bonus":"REMOVE_TWO","is_daily":false,"chose_seed":false,"campfire_upgraded":4,"win_rate":0.0,"timestamp":1608302174,"path_taken":["M","?","$","?","?","?","R","E","R","T","R","M","?","E","?","R","BOSS","M","M","$","M","?","R","$","R","T","?","?","M"],"items_purchased_type":["Card"],"build_version":"2020-12-13","purchased_purges":2,"victory":false,"max_hp_per_floor":[72,72,72,72,72,72,72,72,72,72,72,72,72,72,72,72,72,72,72,72,72,72,72,72,72,72,72,72,72,72,72],"relic_stats":{"counters":[12,36],"Pantograph":25,"Ectoplasm":128,"Ginger":[0],"MawBank":120,"obtain_stats":[{"Nilry\u0027s Codex":28,"Pantograph":14,"CultistMask":2,"Ectoplasm":18,"Ginger":10,"PureWater":0,"MawBank":8,"Ancient Tea Set":27},{"Nilry\u0027s Codex":10,"Pantograph":5,"CultistMask":1,"Ectoplasm":7,"Ginger":3,"PureWater":0,"MawBank":3,"Ancient Tea Set":10},{"Nilry\u0027s Codex":32,"Pantograph":17,"CultistMask":3,"Ectoplasm":25,"Ginger":10,"PureWater":0,"MawBank":10,"Ancient Tea Set":32}]},"card_choices":[{"not_picked":["Study","Protect"],"picked":"WheelKick","floor":1},{"not_picked":["SignatureMove","Vengeance"],"picked":"FollowUp","floor":4},{"not_picked":["ClearTheMind","Protect"],"picked":"FlurryOfBlows","floor":8},{"not_picked":["Halt","Wallop"],"picked":"Tantrum","floor":12},{"not_picked":["FollowUp","ThirdEye","Blasphemy"],"picked":"SKIP","floor":14},{"not_picked":["CarveReality","CutThroughFate","EmptyBody"],"picked":"SKIP","floor":15},{"not_picked":["Blasphemy","Establishment"],"picked":"Scrawl","floor":17},{"not_picked":["JustLucky+1","PathToVictory","FlyingSleeves"],"picked":"SKIP","floor":19},{"not_picked":["ThirdEye","SashWhip"],"picked":"FlurryOfBlows","floor":20},{"not_picked":["ClearTheMind+1","FollowUp"],"picked":"Wallop","floor":22},{"not_picked":["ClearTheMind+1","EmptyBody"],"picked":"Scrawl","floor":29}],"player_experience":432451,"relics_obtained":[{"floor":8,"key":"MawBank"},{"floor":10,"key":"Ginger"},{"floor":14,"key":"Pantograph"},{"floor":27,"key":"Ancient Tea Set"},{"floor":28,"key":"Nilry\u0027s Codex"}],"event_choices":[{"damage_healed":0,"gold_gain":0,"player_choice":"Trade","damage_taken":0,"relics_obtained":["CultistMask"],"max_hp_gain":0,"max_hp_loss":0,"event_name":"FaceTrader","floor":2,"gold_loss":0},{"damage_healed":0,"gold_gain":0,"player_choice":"Got Potions","damage_taken":0,"max_hp_gain":0,"max_hp_loss":0,"event_name":"Lab","floor":13,"gold_loss":0},{"damage_healed":0,"gold_gain":0,"player_choice":"Ignored","damage_taken":0,"max_hp_gain":0,"max_hp_loss":0,"event_name":"Ghosts","floor":23,"gold_loss":0},{"damage_healed":0,"gold_gain":0,"player_choice":"Obtained Book","damage_taken":16,"max_hp_gain":0,"max_hp_loss":0,"event_name":"Cursed Tome","floor":28,"gold_loss":0}],"is_beta":false,"boss_relics":[{"not_picked":["Runic Dome","Busted Crown"],"picked":"Ectoplasm"}],"items_purged_floors":[21,25],"is_endless":false,"potions_floor_spawned":[1,17,19],"killed_by":"Shelled Parasite and Fungi","ascension_level":10}}