{"host":"d0verjtbj2sjunpo","time":1608272438,"event":{"mods":["AchievementEnabler","Aspiration","BaseMod","Better Altar","Better Third Choice","BetterRewards","Downfall","Marisa????????","Minty Spire (QoL Compilation)","Replay The Spire","StSLib","The Cursed","The Servant 0.9.4"],"gold_per_floor":[119,119,85,100,117,117,128,157,157,27,27,0,0,34,34,131,131,120,35,35,51,51,81,6,6,6,20,20,20,20,20,20,123,123,135,135,135,185,198,198,111,137,137,137,147,167,167,182,182,182,182],"floor_reached":50,"playtime":4523,"items_purged":[],"score":594,"play_id":"cd546c06-9251-49e6-a334-e76ff6fbe5c1","local_time":"20201218002038","is_ascension_mode":true,"campfire_choices":[{"data":"PiercingWail","floor":6,"key":"SMITH"},{"floor":11,"key":"REST"},{"floor":13,"key":"REST"},{"floor":15,"key":"REST"},{"floor":25,"key":"REST"},{"floor":32,"key":"REST"},{"floor":40,"key":"REST"},{"floor":44,"key":"RECALL"},{"floor":49,"key":"REST"}],"circlet_count":0,"master_deck":["Strike_G","Strike_G","Strike_G","Strike_G","Strike_G","Defend_G","Defend_G","Defend_G","Defend_G","Defend_G","Survivor","Neutralize","PiercingWail+1","Flying Knee","Flying Knee","Toxin Wave","PiercingWail","After Image","Bane","Deadly Poison","ReplayTheSpireMod:Private Reserves","Cloak And Dagger","Burst","ReplayTheSpireMod:Tripwire","Slimebound:CheckThePlaybook","Riddle With Holes+1","Crippling Poison+1","Finisher","Spreading Infection","ReplayTheSpireMod:Necrosis+1","Noxious Fumes+1","Madness+1","Madness+1","Good Instincts+1","Metamorphosis+1","Caltrops+1","Underhanded Strike","Specialist","Cloak And Dagger+1","Backstab","Parasite","Draining Mist+1"],"relics":["Ring of the Snake","Question Card","Replay:Bottled Steam","betterThird:SlimedRelic","Pear","aspiration:SecretTechniqueScroll","PreservedInsect","Toxic Egg 2","aspiration:SeaSaltIceCream","aspiration:Nostalgia","m_GuardianBlood","Lizard Tail","Enchiridion","Ring of Panic","Philosopher\u0027s Stone","Peace Pipe","Byrd Skull","Iron Hammer"],"acts_visited":["Exordium","TheCity","TheBeyond"],"potions_floor_usage":[16,18,23,33,33,33,39,42,50],"damage_taken":[{"damage":6,"enemies":"Jaw Worm","floor":1,"turns":6},{"damage":0,"enemies":"Cultist","floor":4,"turns":3},{"damage":0,"enemies":"Small Slimes","floor":5,"turns":4},{"damage":3,"enemies":"Blue Slaver","floor":7,"turns":5},{"damage":18,"enemies":"Replay:BlueRogue","floor":8,"turns":12},{"damage":24,"enemies":"Lagavulin","floor":14,"turns":7},{"damage":5,"enemies":"Hexaghost","floor":16,"turns":11},{"damage":19,"enemies":"2 Thieves","floor":18,"turns":4},{"damage":2,"enemies":"Spheric Guardian","floor":21,"turns":7},{"damage":25,"enemies":"Slavers","floor":23,"turns":7},{"damage":2,"enemies":"Centurion and Healer","floor":27,"turns":6},{"damage":72,"enemies":"Champ","floor":33,"turns":9},{"damage":8,"enemies":"3 Shapes","floor":35,"turns":5},{"damage":21,"enemies":"Mind Bloom Boss Battle","floor":38,"turns":6},{"damage":1,"enemies":"Orb Walker","floor":39,"turns":4},{"damage":22,"enemies":"Nemesis","floor":42,"turns":6},{"damage":22,"enemies":"Sphere and 2 Shapes","floor":45,"turns":5},{"damage":32,"enemies":"Jaw Worm Horde","floor":46,"turns":6},{"damage":8,"enemies":"Writhing Mass","floor":48,"turns":6},{"damage":100,"enemies":"Awakened One","floor":50,"turns":14}],"seed_played":"-7039605070750720069","potions_obtained":[{"floor":4,"key":"Death Potion"},{"floor":8,"key":"Energy Potion"},{"floor":14,"key":"PowerPotion"},{"floor":18,"key":"Block Potion"},{"floor":23,"key":"Strength Potion"},{"floor":27,"key":"Strength Potion"},{"floor":38,"key":"ColorlessPotion"},{"floor":39,"key":"Swift Potion"},{"floor":45,"key":"SpeedPotion"}],"is_trial":false,"path_per_floor":["M","?","$","M","M","R","M","E","T","$","R","?","R","E","R","B",null,"M","?","?","M","T","E","?","R","T","M","?","$","$","?","R","B",null,"M","?","?","?","M","R","$","E","T","R","M","M","?","M","R","B"],"character_chosen":"THE_SILENT","items_purchased":["Flying Knee","Deadly Poison","ReplayTheSpireMod:Private Reserves","Specialist"],"campfire_rested":7,"item_purchase_floors":[3,10,10,41],"current_hp_per_floor":[71,71,71,71,71,71,68,50,50,50,73,62,77,63,87,82,87,68,68,68,66,66,41,41,67,67,71,55,55,55,55,81,15,87,85,74,69,54,59,85,85,69,69,69,53,27,27,25,51,0,0],"gold":182,"neow_bonus":"TEN_PERCENT_HP_BONUS","is_daily":false,"chose_seed":false,"campfire_upgraded":1,"win_rate":0.0,"timestamp":1608272438,"path_taken":["M","?","?","M","M","R","M","E","T","$","R","?","R","E","R","BOSS","M","?","?","M","?","E","?","R","T","M","?","?","$","?","R","BOSS","M","?","?","?","M","R","$","E","T","R","?","M","?","M","R","BOSS"],"items_purchased_type":["Card","Card","Card","Card"],"build_version":"2020-12-13","purchased_purges":0,"victory":false,"max_hp_per_floor":[77,77,77,77,77,77,77,77,77,77,77,77,77,87,87,87,87,87,87,87,87,87,87,87,87,87,87,87,87,87,87,87,87,87,87,87,87,87,87,87,87,87,87,87,87,87,87,87,87,87,87],"card_choices":[{"not_picked":["Deflect","Blade Dance"],"picked":"PiercingWail","floor":1},{"not_picked":["Dagger Throw","ReplayTheSpireMod:The Works"],"picked":"Toxin Wave","floor":4},{"not_picked":["Blade Dance","Slice"],"picked":"PiercingWail","floor":5},{"not_picked":["Heel Hook","Crippling Poison"],"picked":"After Image","floor":7},{"not_picked":["Hidden Blade","Eviscerate"],"picked":"Bane","floor":8},{"not_picked":["Blade Dance","Quick Slash","Acrobatics"],"picked":"Cloak And Dagger","floor":14},{"not_picked":["Malaise","Replay:Bag of Tricks","Poison Darts"],"picked":"Burst","floor":16},{"not_picked":["Cloak And Dagger","Dodge and Roll","Outmaneuver"],"picked":"ReplayTheSpireMod:Tripwire","floor":18},{"not_picked":["Quick Slash+1","Blur+1","Calculated Gamble+1"],"picked":"Riddle With Holes+1","floor":21},{"not_picked":["Riddle With Holes","Dodge and Roll+1","Heel Hook"],"picked":"Crippling Poison+1","floor":23},{"not_picked":["ReplayTheSpireMod:Shiv Toss+1","Massacre","Prepared+1"],"picked":"Finisher","floor":27},{"not_picked":["Phantasmal Killer+1","Tools of the Trade","Doppelganger+1"],"picked":"ReplayTheSpireMod:Necrosis+1","floor":33},{"not_picked":["Flechettes+1","Blur+1","Underhanded Strike"],"picked":"Noxious Fumes+1","floor":35},{"not_picked":["Magnetism","Purity+1","Dramatic Entrance"],"picked":"Good Instincts+1","floor":37},{"not_picked":["expansioncontent:DashGenerateEvil","Crow Ritual","Mayhem"],"picked":"Metamorphosis+1","floor":37},{"not_picked":["Quick Slash","PiercingWail+1","Bane+1"],"picked":"Caltrops+1","floor":38},{"not_picked":["Hidden Blade+1","Acrobatics+1","Slice"],"picked":"Underhanded Strike","floor":39},{"not_picked":["Poisoned Stab","Quick Slash+1","Slice+1"],"picked":"Cloak And Dagger+1","floor":42},{"not_picked":["Slice+1","ReplayTheSpireMod:Speed Training+1","Flying Knee","Hidden Blade+1"],"picked":"SKIP","floor":45},{"not_picked":["Poisoned Stab","Deadly Poison+1","Slice"],"picked":"Backstab","floor":46},{"not_picked":["Well Laid Plans","Poisoned Stab+1","A Thousand Cuts"],"picked":"Draining Mist+1","floor":48}],"player_experience":166698,"relics_obtained":[{"floor":8,"key":"Question Card"},{"floor":9,"key":"Replay:Bottled Steam"},{"floor":14,"key":"Pear"},{"floor":22,"key":"Toxic Egg 2"},{"floor":23,"key":"aspiration:SeaSaltIceCream"},{"floor":26,"key":"Lizard Tail"},{"floor":28,"key":"Enchiridion"},{"floor":31,"key":"Ring of Panic"},{"floor":38,"key":"Peace Pipe"},{"floor":42,"key":"Byrd Skull"},{"floor":43,"key":"Iron Hammer"}],"event_choices":[{"damage_healed":0,"gold_gain":0,"player_choice":"Ignored","damage_taken":0,"max_hp_gain":0,"max_hp_loss":0,"event_name":"Purifier","floor":2,"gold_loss":0},{"damage_healed":0,"gold_gain":0,"player_choice":"Slimed","damage_taken":11,"max_hp_gain":0,"max_hp_loss":0,"event_name":"betterThird:BetterGoop","floor":12,"gold_loss":27},{"damage_healed":0,"gold_gain":0,"player_choice":"Obtained Relic","damage_taken":0,"relics_obtained":["PreservedInsect"],"max_hp_gain":0,"max_hp_loss":0,"event_name":"Addict","floor":19,"gold_loss":85},{"cards_removed":["Slimebound:Icky"],"damage_healed":0,"gold_gain":0,"player_choice":"Gave Gold","damage_taken":0,"max_hp_gain":0,"max_hp_loss":0,"event_name":"Beggar","floor":24,"gold_loss":75},{"damage_healed":0,"gold_gain":0,"player_choice":"Obtained Book","damage_taken":16,"max_hp_gain":0,"max_hp_loss":0,"event_name":"Cursed Tome","floor":28,"gold_loss":0},{"damage_healed":0,"gold_gain":0,"player_choice":"Embrace Madness","damage_taken":11,"max_hp_gain":0,"max_hp_loss":0,"event_name":"Winding Halls","floor":36,"gold_loss":0,"cards_obtained":["Madness","Madness"]},{"damage_healed":0,"gold_gain":0,"player_choice":"Memory 2","damage_taken":5,"max_hp_gain":0,"max_hp_loss":0,"event_name":"SensoryStone","floor":37,"gold_loss":0},{"damage_healed":0,"gold_gain":0,"player_choice":"Fight","damage_taken":0,"max_hp_gain":0,"max_hp_loss":0,"event_name":"MindBloom","floor":38,"gold_loss":0},{"damage_healed":0,"gold_gain":0,"player_choice":"Ignored","damage_taken":0,"max_hp_gain":0,"max_hp_loss":0,"event_name":"Mysterious Sphere","floor":47,"gold_loss":0}],"is_beta":false,"boss_relics":[{"not_picked":["Cursed Key","aspiration:MarisaSkillbook"],"picked":"aspiration:SecretTechniqueScroll"},{"not_picked":["Empty Cage","aspiration:RunicSpoon"],"picked":"Philosopher\u0027s Stone"}],"items_purged_floors":[],"is_endless":false,"potions_floor_spawned":[4,8,14,18,23,27,38,39,45],"killed_by":"Awakened One","ascension_level":1}}