{"host":"k5dhp0bkccqfauyu","time":1608260548,"event":{"mods":["BaseMod","Better Note","Better Skull","Better Vampires","Colored Map","Colored Powertips","DeckTracker","Minty Spire (QoL Compilation)","Permanent Neow","StSLib","SuperFastMode"],"gold_per_floor":[118,118,134,154,154,154,182,198,198,198,231,231,70,97,97,175,175,193,243,3,21,21,21,49,49,76,95,95,128,138,5,5,84,84,104,1103,1121,1121,1132,1132,1174,1174,1174],"floor_reached":42,"playtime":1943,"items_purged":["Strike_R"],"score":989,"play_id":"47e02d56-b689-48cf-a252-d5300e68397c","local_time":"20201218140228","is_ascension_mode":true,"campfire_choices":[{"data":"Blood for Blood","floor":6,"key":"SMITH"},{"floor":10,"key":"REST"},{"data":"Shockwave","floor":12,"key":"SMITH"},{"data":"Armaments","floor":15,"key":"SMITH"},{"data":"Immolate","floor":23,"key":"SMITH"},{"data":"Flame Barrier","floor":28,"key":"SMITH"},{"data":"Dual Wield","floor":32,"key":"SMITH"},{"data":"Second Wind","floor":40,"key":"SMITH"}],"circlet_count":0,"master_deck":["AscendersBane","Strike_R+1","Defend_R","Defend_R","Defend_R","Defend_R","Bash+1","Dark Embrace","Blood for Blood+1","Burning Pact","Shockwave+1","Shrug It Off","Sword Boomerang","Second Wind+1","Spot Weakness","Whirlwind","Armaments+1","Immolate+1","Shockwave","Flame Barrier+1","Reaper","Dual Wield+1","Impervious","Body Slam+1","Barricade+1","Ghostly Armor+1","Normality","Normality","Entrench+1","Dual Wield+1"],"relics":["Burning Blood","Orichalcum","Paper Frog","Gremlin Horn","Red Skull","Orrery","Singing Bowl","Snecko Eye","Vajra","Sundial","Oddly Smooth Stone","Boot","Astrolabe","CeramicFish"],"acts_visited":["Exordium","TheCity","TheBeyond"],"potions_floor_usage":[14,16,24,24,29,33,39,41],"damage_taken":[{"damage":7,"enemies":"Small Slimes","floor":1,"turns":4},{"damage":4,"enemies":"2 Louse","floor":3,"turns":3},{"damage":7,"enemies":"Jaw Worm","floor":4,"turns":3},{"damage":20,"enemies":"Gremlin Nob","floor":7,"turns":4},{"damage":4,"enemies":"Large Slime","floor":8,"turns":5},{"damage":14,"enemies":"3 Sentries","floor":11,"turns":6},{"damage":15,"enemies":"Gremlin Nob","floor":14,"turns":4},{"damage":20,"enemies":"Hexaghost","floor":16,"turns":6},{"damage":14,"enemies":"Chosen","floor":18,"turns":7},{"damage":0,"enemies":"3 Byrds","floor":21,"turns":2},{"damage":9,"enemies":"Book of Stabbing","floor":24,"turns":3},{"damage":4,"enemies":"Centurion and Healer","floor":27,"turns":9},{"damage":6,"enemies":"Gremlin Leader","floor":29,"turns":3},{"damage":3,"enemies":"Cultist and Chosen","floor":30,"turns":3},{"damage":24,"enemies":"Automaton","floor":33,"turns":6},{"damage":0,"enemies":"3 Darklings","floor":35,"turns":2},{"damage":0,"enemies":"3 Shapes","floor":37,"turns":1},{"damage":35,"enemies":"Spire Growth","floor":39,"turns":4},{"damage":61,"enemies":"Nemesis","floor":41,"turns":9},{"damage":27,"enemies":"4 Shapes","floor":42,"turns":9}],"seed_played":"-5469654416242438304","potions_obtained":[{"floor":1,"key":"SpeedPotion"},{"floor":8,"key":"Strength Potion"},{"floor":11,"key":"GamblersBrew"},{"floor":16,"key":"FearPotion"},{"floor":18,"key":"DistilledChaos"},{"floor":24,"key":"SkillPotion"},{"floor":29,"key":"SkillPotion"},{"floor":35,"key":"GamblersBrew"},{"floor":39,"key":"Weak Potion"}],"is_trial":false,"path_per_floor":["M","?","M","M","?","R","E","M","T","R","E","R","$","E","R","B",null,"M","?","$","M","?","R","E","?","T","M","R","E","M","$","R","B",null,"M","?","M","?","M","R","E","M"],"character_chosen":"IRONCLAD","items_purchased":["Orrery","Vajra","Dual Wield","PowerPotion"],"campfire_rested":1,"item_purchase_floors":[13,20,31,31],"current_hp_per_floor":[67,67,69,68,45,45,31,33,33,55,47,47,47,40,40,26,64,58,58,58,66,66,66,65,41,41,43,43,43,62,62,62,90,90,92,92,92,92,75,75,25,0,0],"gold":1174,"neow_bonus":"RANDOM_COMMON_RELIC","is_daily":false,"chose_seed":false,"campfire_upgraded":7,"win_rate":0.0,"timestamp":1608260548,"path_taken":["M","?","M","M","?","R","E","M","T","R","E","R","$","E","R","BOSS","M","?","$","M","?","R","E","?","T","M","R","E","?","$","R","BOSS","M","?","M","?","M","R","E","M"],"items_purchased_type":["Relic","Relic","Card","Potion"],"build_version":"2020-12-13","purchased_purges":1,"victory":false,"max_hp_per_floor":[75,75,75,75,75,75,75,75,75,75,75,75,75,77,77,77,77,79,79,79,81,81,81,83,88,88,88,88,88,90,90,90,90,90,92,92,92,92,94,94,94,94,94],"card_choices":[{"not_picked":["Flex","Heavy Blade"],"picked":"Dark Embrace","floor":1},{"not_picked":["Sentinel","Clash"],"picked":"Blood for Blood","floor":3},{"not_picked":["Perfected Strike","Disarm"],"picked":"Burning Pact","floor":4},{"not_picked":["Metallicize","Feel No Pain"],"picked":"Shockwave","floor":7},{"not_picked":["Rage","Iron Wave"],"picked":"Shrug It Off","floor":8},{"not_picked":["Feel No Pain","Bloodletting"],"picked":"Sword Boomerang","floor":11},{"not_picked":["Havoc","Twin Strike"],"picked":"Second Wind","floor":13},{"not_picked":["Battle Trance","Heavy Blade"],"picked":"Spot Weakness","floor":13},{"not_picked":["Infernal Blade","Havoc"],"picked":"Whirlwind","floor":13},{"not_picked":["Feel No Pain","Pummel"],"picked":"Armaments","floor":13},{"not_picked":["Heavy Blade","Fire Breathing","Intimidate"],"picked":"Singing Bowl","floor":14},{"not_picked":["Exhume","Demon Form"],"picked":"Immolate","floor":16},{"not_picked":["Pommel Strike","Sword Boomerang","True Grit"],"picked":"Singing Bowl","floor":18},{"not_picked":["Evolve","Dark Embrace","Searing Blow"],"picked":"Singing Bowl","floor":21},{"not_picked":["Dropkick","Fire Breathing","Body Slam"],"picked":"Singing Bowl","floor":24},{"not_picked":["Inflame","Cleave"],"picked":"Flame Barrier","floor":27},{"not_picked":["Anger","Thunderclap"],"picked":"Reaper","floor":29},{"not_picked":["Inflame","Sentinel","Havoc"],"picked":"Singing Bowl","floor":30},{"not_picked":["Offering","Berserk"],"picked":"Impervious","floor":33},{"not_picked":["Battle Trance","Headbutt","Dropkick+1"],"picked":"Singing Bowl","floor":35},{"not_picked":["Cleave","Clothesline"],"picked":"Entrench+1","floor":37},{"not_picked":["Blood for Blood","Twin Strike","Battle Trance"],"picked":"Singing Bowl","floor":39},{"not_picked":["Pummel","Sword Boomerang"],"picked":"Dual Wield+1","floor":41}],"player_experience":1770429,"relics_obtained":[{"floor":7,"key":"Paper Frog"},{"floor":9,"key":"Gremlin Horn"},{"floor":11,"key":"Red Skull"},{"floor":14,"key":"Singing Bowl"},{"floor":24,"key":"Sundial"},{"floor":26,"key":"Oddly Smooth Stone"},{"floor":29,"key":"Boot"},{"floor":41,"key":"CeramicFish"}],"event_choices":[{"damage_healed":0,"gold_gain":0,"player_choice":"Ignored","damage_taken":0,"max_hp_gain":0,"max_hp_loss":0,"event_name":"Liars Game","floor":2,"gold_loss":0},{"damage_healed":0,"gold_gain":0,"player_choice":"Entered Light","damage_taken":23,"max_hp_gain":0,"max_hp_loss":0,"event_name":"Shining Light","floor":5,"gold_loss":0,"cards_upgraded":["Bash","Strike_R"]},{"damage_healed":0,"gold_gain":50,"player_choice":"Stole From Cult","damage_taken":0,"max_hp_gain":0,"max_hp_loss":0,"event_name":"Nest","floor":19,"gold_loss":0},{"damage_healed":0,"gold_gain":0,"player_choice":"Read","damage_taken":0,"max_hp_gain":0,"max_hp_loss":0,"event_name":"The Library","floor":22,"gold_loss":0,"cards_obtained":["Shockwave"]},{"damage_healed":0,"gold_gain":0,"player_choice":"Shed Blood","damage_taken":29,"max_hp_gain":5,"max_hp_loss":0,"event_name":"Forgotten Altar","floor":25,"gold_loss":0},{"damage_healed":0,"gold_gain":999,"player_choice":"Gold","damage_taken":0,"max_hp_gain":0,"max_hp_loss":0,"event_name":"MindBloom","floor":36,"gold_loss":0,"cards_obtained":["Normality","Normality"]},{"damage_healed":0,"gold_gain":0,"player_choice":"Ignored","damage_taken":0,"max_hp_gain":0,"max_hp_loss":0,"event_name":"Tomb of Lord Red Mask","floor":38,"gold_loss":0}],"is_beta":false,"boss_relics":[{"not_picked":["Runic Cube","Cursed Key"],"picked":"Snecko Eye"},{"not_picked":["Runic Dome","Empty Cage"],"picked":"Astrolabe"}],"items_purged_floors":[20],"is_endless":false,"potions_floor_spawned":[1,8,11,16,18,24,29,35,39],"killed_by":"4 Shapes","ascension_level":20}}