{"host":"a61r67bv2jut9r88","time":1608265671,"event":{"mods":["BaseMod","Minty Spire (QoL Compilation)","Replay The Spire","Shop Mod","StSLib","SuperFastMode","The Runesmith"],"gold_per_floor":[113,38,138,155,165,196,196,231,231,247,247,260,260,272,284,296,296],"floor_reached":16,"playtime":721,"items_purged":["Defend_G"],"score":110,"play_id":"038397bd-4788-4354-af94-d31c5bfd58e4","local_time":"20201218122751","is_ascension_mode":false,"campfire_choices":[{"floor":7.0,"key":"REST"},{"floor":11,"key":"REST"},{"floor":15,"key":"DIG"}],"circlet_count":0,"master_deck":["Strike_G","Strike_G","Strike_G","Strike_G","Strike_G","Defend_G","Defend_G","Defend_G","Defend_G","Survivor","Neutralize","ReplayTheSpireMod:Private Reserves","Prepared","Deadly Poison","Draining Mist","Atom Bomb"],"relics":["Ring of the Snake","Gremlin Horn","Replay:Kaleidoscope","Singing Bowl","MawBank","Chameleon Ring"],"acts_visited":["Exordium"],"potions_floor_usage":[16,16],"damage_taken":[{"damage":4.0,"enemies":"Jaw Worm","floor":1.0,"turns":4.0},{"damage":0.0,"enemies":"Cultist","floor":4.0,"turns":4.0},{"damage":7.0,"enemies":"Small Slimes","floor":5.0,"turns":3.0},{"damage":38.0,"enemies":"Lagavulin","floor":6.0,"turns":10.0},{"damage":52.0,"enemies":"3 Sentries","floor":8.0,"turns":12.0},{"damage":0,"enemies":"2 Fungi Beasts","floor":10,"turns":5},{"damage":4,"enemies":"Blue Slaver","floor":12,"turns":5},{"damage":36,"enemies":"Fading Forest","floor":16,"turns":9}],"seed_played":"-843098078650223532","potions_obtained":[{"floor":1.0,"key":"Elixir"},{"floor":4.0,"key":"AttackPotion"},{"floor":5.0,"key":"Regen Potion"},{"floor":10,"key":"Cursed Concoction"}],"is_trial":false,"path_per_floor":["M","$","?","M","M","E","R","E","T","M","R","M","?","?","R","B"],"character_chosen":"THE_SILENT","items_purchased":[],"campfire_rested":2,"item_purchase_floors":[],"current_hp_per_floor":[66,66,66,66,59,36,57,5,5,7,28,24,21,21,21,0,0],"gold":296,"neow_bonus":"RANDOM_COLORLESS","is_daily":false,"chose_seed":false,"campfire_upgraded":0,"win_rate":0.0,"timestamp":1608265671,"path_taken":["M","$","?","M","?","E","R","E","T","M","R","M","?","?","R","BOSS"],"items_purchased_type":[],"build_version":"2020-12-13","purchased_purges":1,"victory":false,"max_hp_per_floor":[70,70,70,70,70,70,70,70,70,72,72,72,72,72,72,72,72],"card_choices":[{"not_picked":["Trip","ReplayTheSpireMod:Uncanny Aura"],"picked":"ReplayTheSpireMod:Private Reserves","floor":0.0},{"not_picked":["Cloak And Dagger","Poisoned Stab","Expertise"],"picked":"SKIP","floor":1.0},{"not_picked":["Concentrate","Expertise","Backflip"],"picked":"SKIP","floor":4.0},{"not_picked":["Sucker Punch","Quick Slash"],"picked":"Prepared","floor":5.0},{"not_picked":["Quick Slash","ReplayTheSpireMod:Scrap Shanks"],"picked":"Deadly Poison","floor":6.0},{"not_picked":["Dagger Throw","Underhanded Strike"],"picked":"Draining Mist","floor":8.0},{"not_picked":["Bane","Crippling Poison","ReplayTheSpireMod:Exploit Weakness"],"picked":"Singing Bowl","floor":10},{"not_picked":["Underhanded Strike","Crippling Poison"],"picked":"Atom Bomb","floor":12}],"player_experience":353237,"relics_obtained":[{"floor":6.0,"key":"Gremlin Horn"},{"floor":8.0,"key":"Replay:Kaleidoscope"},{"floor":9,"key":"Singing Bowl"},{"floor":15,"key":"Chameleon Ring"}],"event_choices":[{"damage_healed":0.0,"max_hp_gain":0.0,"max_hp_loss":0.0,"gold_gain":100.0,"event_name":"Golden Shrine","player_choice":"Pray","floor":3.0,"gold_loss":0.0,"damage_taken":0.0},{"damage_healed":0,"gold_gain":0,"player_choice":"Success","damage_taken":3,"relics_obtained":["MawBank"],"max_hp_gain":0,"max_hp_loss":0,"event_name":"Scrap Ooze","floor":13,"gold_loss":0},{"damage_healed":0,"gold_gain":0,"player_choice":"Ignored","damage_taken":0,"max_hp_gain":0,"max_hp_loss":0,"event_name":"Shining Light","floor":14,"gold_loss":0}],"is_beta":false,"boss_relics":[],"items_purged_floors":[2],"is_endless":false,"potions_floor_spawned":[1,4,5,10],"killed_by":"Fading Forest","ascension_level":0}}