{"host":"7gewg82ormp6yt4e","time":1608294542,"event":{"mods":["BaseMod","Block Reminder","Colored Map","Colored Powertips","DeckTracker","Highlight Path","Minty Spire (QoL Compilation)","Relic Stats","StSLib"],"gold_per_floor":[115,115,132,132,145,145,48,80,103,15,28,28,57,67,67,67,67],"floor_reached":16,"playtime":563,"items_purged":[],"score":220,"play_id":"b85845dc-fed2-460c-9c7a-c84d464fee26","local_time":"20201218212902","is_ascension_mode":true,"campfire_choices":[{"data":"Glass Knife","floor":6,"key":"SMITH"},{"data":"Noxious Fumes","floor":12,"key":"SMITH"},{"data":"Enlightenment","floor":15,"key":"SMITH"}],"circlet_count":0,"master_deck":["AscendersBane","Strike_G+1","Strike_G","Strike_G","Strike_G","Strike_G","Defend_G","Defend_G","Defend_G+1","Defend_G","Defend_G","Survivor","Neutralize","Glass Knife+1","Footwork","Deadly Poison","Enlightenment+1","Noxious Fumes+1","Eviscerate","Deadly Poison"],"relics":["Ring of the Snake","Juzu Bracelet","Anchor","Oddly Smooth Stone"],"acts_visited":["Exordium"],"potions_floor_usage":[8,11,16],"damage_taken":[{"damage":0,"enemies":"Jaw Worm","floor":1,"turns":4},{"damage":0,"enemies":"2 Louse","floor":3,"turns":2},{"damage":0,"enemies":"Cultist","floor":5,"turns":4},{"damage":8,"enemies":"Lagavulin","floor":8,"turns":6},{"damage":0,"enemies":"Red Slaver","floor":11,"turns":4},{"damage":13,"enemies":"3 Sentries","floor":13,"turns":7},{"damage":0,"enemies":"Looter","floor":14,"turns":4},{"damage":24,"enemies":"Hexaghost","floor":16,"turns":9}],"seed_played":"-6428307506025625855","potions_obtained":[{"floor":1,"key":"PowerPotion"},{"floor":3,"key":"Dexterity Potion"},{"floor":4,"key":"Block Potion"},{"floor":13,"key":"Dexterity Potion"}],"is_trial":false,"path_per_floor":["M","?","M","?","M","R","$","E","T","$","M","R","E","M","R","B"],"character_chosen":"THE_SILENT","items_purchased":["Enlightenment","Noxious Fumes"],"campfire_rested":0,"item_purchase_floors":[7,10],"current_hp_per_floor":[59,41,41,41,41,41,41,33,33,33,33,33,20,20,20,0,0],"gold":67,"neow_bonus":"THREE_RARE_CARDS","is_daily":false,"chose_seed":false,"campfire_upgraded":3,"win_rate":0.0,"timestamp":1608294542,"path_taken":["M","?","M","?","?","R","?","E","T","$","M","R","E","M","R","BOSS"],"items_purchased_type":["Card","Card"],"build_version":"2020-12-13","purchased_purges":0,"victory":false,"max_hp_per_floor":[60,60,60,60,60,60,60,60,60,60,60,60,60,60,60,60,60],"relic_stats":{"counters":[8,40],"Juzu Bracelet":0,"obtain_stats":[{"Anchor":9,"Oddly Smooth Stone":13,"Juzu Bracelet":8,"Ring of the Snake":0},{"Anchor":4,"Oddly Smooth Stone":6,"Juzu Bracelet":4,"Ring of the Snake":0},{"Anchor":16,"Oddly Smooth Stone":27,"Juzu Bracelet":16,"Ring of the Snake":0}],"Ring of the Snake":[16]},"card_choices":[{"not_picked":["Unload","Envenom"],"picked":"Glass Knife","floor":0},{"not_picked":["Outmaneuver","Expertise"],"picked":"Footwork","floor":1},{"not_picked":["Dagger Throw","Quick Slash"],"picked":"Deadly Poison","floor":3},{"not_picked":["Escape Plan","Finisher","Slice"],"picked":"SKIP","floor":5},{"not_picked":["Blade Dance","Skewer","Flechettes"],"picked":"SKIP","floor":8},{"not_picked":["Outmaneuver","Caltrops"],"picked":"Eviscerate","floor":11},{"not_picked":["Slice","Cloak And Dagger","Dagger Spray"],"picked":"SKIP","floor":13},{"not_picked":["Setup","Unload"],"picked":"Deadly Poison","floor":14}],"player_experience":2395262,"relics_obtained":[{"floor":8,"key":"Juzu Bracelet"},{"floor":9,"key":"Anchor"},{"floor":13,"key":"Oddly Smooth Stone"}],"event_choices":[{"damage_healed":0,"gold_gain":0,"player_choice":"Entered Light","damage_taken":18,"max_hp_gain":0,"max_hp_loss":0,"event_name":"Shining Light","floor":2,"gold_loss":0,"cards_upgraded":["Defend_G","Strike_G"]},{"damage_healed":0,"gold_gain":0,"player_choice":"Got Potions","damage_taken":0,"max_hp_gain":0,"max_hp_loss":0,"event_name":"Lab","floor":4,"gold_loss":0}],"is_beta":false,"boss_relics":[],"items_purged_floors":[],"is_endless":false,"potions_floor_spawned":[1,3,13],"killed_by":"Hexaghost","ascension_level":20}}