{"host":"agga6lej02o7kt08","time":1608318894,"event":{"mods":["Arknights The Spire","Aspiration","BaseMod","Better Third Choice","BetterRewards","Colored Map","Colored Powertips","Hubris","Minty Spire (QoL Compilation)","Replay The Spire","Spicy Shops","StSLib","¡¼?Úª?ø«¡½REMEMod"],"gold_per_floor":[119,130,150,170,170,198,198,233,233,233,250,280,280,310,310,389,389,405,416,141,153,165,195,211,211,211,236,236,264,278,304,304,378,378,388,388,146,159,184,210,210,243,243,272,272,286,286,286,286,286,286,286,411,516,662],"floor_reached":56,"playtime":2859,"items_purged":["ats:Powerful Strike","ats:Defend Up","ats:Powerful Strike","ats:Powerful Strike","ats:Volcano"],"score":3253,"play_id":"d88f3bfd-1575-4fc3-9def-851df2456e0a","local_time":"20201219041454","is_ascension_mode":true,"campfire_choices":[{"data":"ats:Emotion Absorption","floor":10.0,"key":"SMITH"},{"data":"ats:Emotion Absorption","floor":13.0,"key":"SMITH"},{"data":"ats:Shell Defense","floor":15,"key":"SMITH"},{"data":"ats:Fate","floor":28,"key":"SMITH"},{"data":"ats:Hook Shot","floor":32,"key":"SMITH"},{"floor":41,"key":"RECALL"},{"data":"ats:Very Hot Blade","floor":47,"key":"SMITH"},{"data":"ats:Very Hot Blade","floor":49,"key":"SMITH"},{"data":"ats:Mental Burst","floor":52,"key":"SMITH"}],"circlet_count":0,"master_deck":["AscendersBane","REME_Flogging+1","ats:Emotion Absorption+1","ats:Emotion Absorption+1","ats:Fate+1","ats:Very Hot Blade+1","ats:Shell Defense+1","ats:Mental Burst+1","ats:Charging Defense+1","ats:Very Hot Blade+1","ats:Hook Shot+1","ats:Echo Reverb","ats:Soul Absorption"],"relics":["ats:Sanity Plus","REME_ComplimentaryCards","Replay:Multitool","ats:Ability Aura","ats:Defend","Tiny Chest","Girya","Shovel","hubris:ToyBattleship","FossilizedHelix","Pantograph","Bronze Scales","ReplayTheSpireMod:Lightbulb","Boot","ReplayTheSpireMod:Shallot","Replay:Ringing Soul","ats:Industrial Water Cannon","BranchBurnRelic","ats:MaxSp4","aspiration:ChemicalBlood","Empty Cage","Singing Bowl","Lantern","Replay:Baseball","hubris:TinFlute","Gremlin Food","hubris:Icosahedron","hubris:NiceRug","Replay:Bandana","Replay:Arrowhead","ats:Assault","ats:Berate"],"acts_visited":["Exordium","TheCity","TheBeyond","TheEnding"],"potions_floor_usage":[14,55,55,55,55,55,55,55],"damage_taken":[{"damage":7.0,"enemies":"Jaw Worm","floor":1.0,"turns":2.0},{"damage":0.0,"enemies":"Cultist","floor":2.0,"turns":3.0},{"damage":0.0,"enemies":"2 Louse","floor":3.0,"turns":1.0},{"damage":13.0,"enemies":"Red Slaver","floor":4.0,"turns":3.0},{"damage":8.0,"enemies":"Gremlin Nob","floor":6.0,"turns":3.0},{"damage":5.0,"enemies":"Lagavulin","floor":8.0,"turns":6.0},{"damage":0.0,"enemies":"Blue Slaver","floor":11.0,"turns":3.0},{"damage":0.0,"enemies":"Replay:BlueRogue","floor":12.0,"turns":4.0},{"damage":0,"enemies":"3 Sentries","floor":14,"turns":4},{"damage":0,"enemies":"Slime Boss","floor":16,"turns":5},{"damage":0,"enemies":"Shell Parasite","floor":18,"turns":3},{"damage":0,"enemies":"2 Thieves","floor":19,"turns":3},{"damage":0,"enemies":"3 Cultists","floor":21,"turns":2},{"damage":9,"enemies":"Centurion and Healer","floor":22,"turns":4},{"damage":7,"enemies":"Book of Stabbing","floor":23,"turns":2},{"damage":6,"enemies":"Cultist and Chosen","floor":24,"turns":4},{"damage":0,"enemies":"REME_1_Revenger","floor":27,"turns":3},{"damage":0,"enemies":"Book of Stabbing","floor":29,"turns":2},{"damage":0,"enemies":"Snake Plant","floor":30,"turns":2},{"damage":0,"enemies":"Slavers","floor":31,"turns":4},{"damage":0,"enemies":"hubris:MusketHawk","floor":33,"turns":1},{"damage":0,"enemies":"3 Darklings","floor":35,"turns":1},{"damage":0,"enemies":"Orb Walker","floor":38,"turns":2},{"damage":0,"enemies":"Reptomancer","floor":40,"turns":1},{"damage":6,"enemies":"R_Hoarder","floor":42,"turns":6},{"damage":0,"enemies":"Nemesis","floor":44,"turns":2},{"damage":0,"enemies":"Jaw Worm Horde","floor":46,"turns":1},{"damage":0,"enemies":"Time Eater","floor":50,"turns":3},{"damage":0,"enemies":"hubris:Merchant","floor":53,"turns":2},{"damage":0,"enemies":"Shield and Spear","floor":54,"turns":2},{"damage":30,"enemies":"The Heart","floor":55,"turns":4}],"seed_played":"-462375815637081449","potions_obtained":[{"floor":3.0,"key":"Doom Potion"},{"floor":8.0,"key":"Weak Potion"},{"floor":11.0,"key":"Swift Potion"},{"floor":12.0,"key":"PowerPotion"},{"floor":14,"key":"SkillPotion"},{"floor":18,"key":"DuplicationPotion"},{"floor":54,"key":"EntropicBrew"}],"is_trial":false,"path_per_floor":["M","M","M","M","?","E","T","E","T","R","M","E","R","E","R","B",null,"M","M","$","M","M","E","M","T","T","E","R","E","M","E","R","B",null,"M","?","$","M","T","E","R","E","T","E","?","M","R","?","R","B",null,"R","$","E","B",null],"character_chosen":"DOCTOR_CLASS","items_purchased":["ats:Ability Aura","ats:Defend","Tiny Chest","Regen Potion","Singing Bowl"],"campfire_rested":0,"item_purchase_floors":[0,0,0,0,37],"current_hp_per_floor":[16,16,16,5,5,6,6,6,6,6,6,8,8,11,11,43,65,65,65,65,65,56,49,46,46,46,48,48,53,53,58,58,78,78,78,78,78,80,80,82,82,83,83,85,82,84,84,84,84,84,84,84,99,101,75],"gold":662,"neow_bonus":"","is_daily":false,"chose_seed":false,"campfire_upgraded":8,"win_rate":0.0,"timestamp":1608318894,"path_taken":["M","M","M","M","?","E","?","E","T","R","?","E","R","E","R","BOSS","M","M","$","M","M","E","M","?","T","E","R","E","?","E","R","BOSS","M","?","$","?","?","E","R","E","T","E","?","M","R","?","R","BOSS","R","$","E","BOSS"],"items_purchased_type":["Relic","Relic","Relic","Potion","Relic"],"build_version":"2020-12-13","purchased_purges":5,"victory":true,"max_hp_per_floor":[72,72,72,72,72,72,72,72,72,72,72,72,72,72,72,72,72,72,72,72,72,72,72,72,72,72,72,72,72,72,75,75,78,78,78,78,78,80,80,82,82,84,84,86,82,84,84,84,84,84,84,84,99,101,101],"card_choices":[{"not_picked":["ats:Shell Defense","ats:Just Like an Apocalypse"],"picked":"ats:Very Hot Blade","floor":1.0},{"not_picked":["ats:Chain Hook","ats:Overload","ats:Cat Scratch"],"picked":"SKIP","floor":2.0},{"not_picked":["ats:Blood Oath","ats:Attack Strengthen","ats:Magnetic Hammer"],"picked":"SKIP","floor":3.0},{"not_picked":["ats:Consecutive Shot: Auto","ats:Fate","ats:Overload"],"picked":"SKIP","floor":4.0},{"not_picked":["ats:Explosion Area Strengthen","ats:Encircling Forest","ats:Mental Burst"],"picked":"SKIP","floor":6.0},{"not_picked":["ats:Echo Reverb","ats:Poison Spread"],"picked":"ats:Shell Defense","floor":8.0},{"not_picked":["ats:Defend Order","ats:Consecutive Shot: Auto","ats:Support Order"],"picked":"SKIP","floor":11.0},{"not_picked":["ats:Curse Doll","ats:Flexible Camouflage","ats:Revitalization"],"picked":"SKIP","floor":12.0},{"not_picked":["ats:Rapid Magazine","ats:Consecutive Shot: Auto"],"picked":"ats:Mental Burst","floor":14},{"not_picked":["ats:Soul Rend","ats:Ambush"],"picked":"ats:Volcano","floor":16},{"not_picked":["ats:Just Like an Apocalypse+1","ats:Encircling Forest+1"],"picked":"ats:Charging Defense+1","floor":18},{"not_picked":["ats:Composite Medical Shells","ats:Curse Doll"],"picked":"ats:Very Hot Blade","floor":19},{"not_picked":["ats:Attack Strengthen","ats:Mental Burst","ats:Just Like an Apocalypse+1"],"picked":"SKIP","floor":21},{"not_picked":["ats:Assault Order","ats:Just Like an Apocalypse","ats:Very Hot Blade"],"picked":"SKIP","floor":22},{"not_picked":["ats:Explosion Area Strengthen","ats:Durian","ats:Poison Spread"],"picked":"SKIP","floor":23},{"not_picked":["ats:Revitalization","ats:Attack Strengthen+1","ats:Magnetic Hammer"],"picked":"SKIP","floor":24},{"not_picked":["ats:Charging Defense","ats:Counter Healing Mode","ats:Curse Doll"],"picked":"SKIP","floor":27},{"not_picked":["ats:Explosion Area Strengthen","ats:Composite Medical Shells","ats:True Silver Slash"],"picked":"SKIP","floor":29},{"not_picked":["ats:Just Like an Apocalypse","ats:Support Order","ats:Attack Strengthen"],"picked":"SKIP","floor":30},{"not_picked":["ats:Sunburst","ats:Neurotoxin"],"picked":"ats:Hook Shot","floor":31},{"not_picked":["ats:Ambush","ats:Durian"],"picked":"ats:Echo Reverb","floor":33},{"not_picked":["ats:Composite Medical Shells+1","ats:Poison Spread","ats:Attack Strengthen"],"picked":"SKIP","floor":35},{"not_picked":["ats:Magnetic Hammer","ats:Ignite","ats:Shadow Raid"],"picked":"Singing Bowl","floor":38},{"not_picked":["ats:Very Hot Blade","ats:Thermite Blade","ats:Cat Scratch"],"picked":"Singing Bowl","floor":40},{"not_picked":["ats:Curse Doll","ats:Volcano","ats:Shadow Raid"],"picked":"Singing Bowl","floor":42},{"not_picked":["ats:Cat Scratch+1","ats:Explosion Area Strengthen","ats:Shadow Raid"],"picked":"Singing Bowl","floor":44},{"not_picked":["ats:Revitalization+1","ats:Curse Doll+1","ats:Counter Healing Mode"],"picked":"Singing Bowl","floor":46},{"not_picked":["ats:Very Hot Blade"],"picked":"Singing Bowl","floor":53},{"not_picked":["ats:Mental Burst"],"picked":"Singing Bowl","floor":53},{"not_picked":["ats:Beaten Up"],"picked":"Singing Bowl","floor":53},{"not_picked":["ats:Counter Healing Mode"],"picked":"Singing Bowl","floor":53},{"not_picked":["ReplayTheSpireMod:Private Reserves"],"picked":"Singing Bowl","floor":53},{"not_picked":["hubris:EnhanceAbility"],"picked":"Singing Bowl","floor":53},{"not_picked":[],"picked":"ats:Soul Absorption","floor":53},{"not_picked":["ats:Consecutive Shot: Auto","ats:Explosion Area Strengthen","ats:Thermite Blade+1"],"picked":"Singing Bowl","floor":54}],"player_experience":792702,"relics_obtained":[{"floor":6.0,"key":"hubris:ToyBattleship"},{"floor":8.0,"key":"FossilizedHelix"},{"floor":9.0,"key":"Pantograph"},{"floor":12.0,"key":"Bronze Scales"},{"floor":14,"key":"ReplayTheSpireMod:Lightbulb"},{"floor":23,"key":"Boot"},{"floor":25,"key":"ReplayTheSpireMod:Shallot"},{"floor":26,"key":"Replay:Ringing Soul"},{"floor":27,"key":"ats:Industrial Water Cannon"},{"floor":29,"key":"ats:MaxSp4"},{"floor":31,"key":"aspiration:ChemicalBlood"},{"floor":39,"key":"Lantern"},{"floor":40,"key":"Replay:Baseball"},{"floor":43,"key":"hubris:TinFlute"},{"floor":44,"key":"Gremlin Food"},{"floor":53,"key":"Replay:Bandana"},{"floor":53,"key":"Replay:Arrowhead"},{"floor":53,"key":"ats:Assault"},{"floor":54,"key":"ats:Berate"}],"event_choices":[{"cards_removed":["ats:Defend Up"],"damage_healed":0,"gold_gain":0,"player_choice":"Purged","damage_taken":0,"max_hp_gain":0,"max_hp_loss":0,"event_name":"Purifier","floor":36,"gold_loss":0},{"damage_healed":0,"gold_gain":0,"player_choice":"Max HP","damage_taken":0,"max_hp_gain":0,"max_hp_loss":4,"event_name":"Winding Halls","floor":45,"gold_loss":0}],"is_beta":false,"boss_relics":[{"not_picked":["aspiration:IroncladSkillbook","SlaversCollar"],"picked":"ats:Sanity Plus"},{"not_picked":["Honey Jar","Calling Bell"],"picked":"Empty Cage"}],"items_purged_floors":[0,0,20,20,53],"is_endless":false,"potions_floor_spawned":[3,8,11,12,14,18,22,24,31,33,35,46,54],"ascension_level":14}}