{"host":"99ad87xtd5ypi7ii","time":1608255995,"event":{"mods":["BaseMod","Hermit","Highlight Path","Marisa????????","Minty Spire (QoL Compilation)","Robot Space Explorer","StSLib","The Bladedancer","The Construct","The Cursed","The Disciple","The Gatherer","The Hierophant","The Runesmith","The Servant 0.9.4","TheVacant"],"gold_per_floor":[98,98,98,117,122,122,72,72,97,88,120,120,45,94,94,192,192,198,198,198,253,293,293,277,277],"floor_reached":24,"playtime":1302,"items_purged":["hierophant:Strike_Hierophant"],"score":213,"play_id":"c669be2c-68f3-4a52-8c52-70d2eb9e9199","local_time":"20201218024635","is_ascension_mode":false,"campfire_choices":[{"data":"hierophant:PristineSoul","floor":6,"key":"SMITH"},{"data":"hierophant:RustyCrate","floor":8,"key":"SMITH"},{"data":"hierophant:ChurchCoffers","floor":12,"key":"SMITH"},{"floor":15,"key":"REST"},{"floor":23,"key":"REST"}],"circlet_count":0,"master_deck":["hierophant:Strike_Hierophant","hierophant:Strike_Hierophant","hierophant:Punish","hierophant:Defend_Hierophant","hierophant:Defend_Hierophant","hierophant:Defend_Hierophant","hierophant:Defend_Hierophant","hierophant:ChurchCoffers+1","Trip","hierophant:PristineSoul+1","hierophant:AuricForm","hierophant:Exaltation","hierophant:RustyCrate+1","hierophant:Doubloon","hierophant:Doubloon","hierophant:Smite","hierophant:Smite","hierophant:Zeal","hierophant:DivineIntervention","hierophant:Doubloon","hierophant:Remorse+1","hierophant:Doubloon","hierophant:CoinFling","hierophant:PassingBell+1"],"relics":["hierophant:PropheticMaskRelic","Lantern","Philosopher\u0027s Stone","Enchiridion"],"acts_visited":["Exordium","TheCity"],"potions_floor_usage":[16,18,18,18],"damage_taken":[{"damage":0,"enemies":"Cultist","floor":1,"turns":2},{"damage":0,"enemies":"2 Louse","floor":4,"turns":1},{"damage":2,"enemies":"Jaw Worm","floor":5,"turns":3},{"damage":10,"enemies":"Looter","floor":10,"turns":3},{"damage":12,"enemies":"Blue Slaver","floor":11,"turns":4},{"damage":8,"enemies":"Exordium Thugs","floor":14,"turns":4},{"damage":12,"enemies":"The Guardian","floor":16,"turns":8},{"damage":1,"enemies":"2 Thieves","floor":18,"turns":3},{"damage":0,"enemies":"Chosen","floor":21,"turns":3},{"damage":20,"enemies":"Snake Plant","floor":22,"turns":2},{"damage":61,"enemies":"Book of Stabbing","floor":24,"turns":6}],"seed_played":"-8399345163645492597","potions_obtained":[{"floor":5,"key":"construct:ShiftPotion"},{"floor":11,"key":"LiquidBronze"},{"floor":14,"key":"Weak Potion"},{"floor":16,"key":"LiquidMemories"},{"floor":18,"key":"FearPotion"}],"is_trial":false,"path_per_floor":["M","?","$","M","M","R","?","R","T","M","M","R","$","M","R","B",null,"M","?","?","M","M","R","E"],"character_chosen":"HIEROPHANT","items_purchased":[],"campfire_rested":2,"item_purchase_floors":[],"current_hp_per_floor":[75,75,75,75,73,73,73,73,73,63,51,51,51,43,65,53,75,74,74,58,58,38,60,0,0],"gold":277,"neow_bonus":"RANDOM_COLORLESS","is_daily":false,"chose_seed":false,"campfire_upgraded":3,"win_rate":0.0,"timestamp":1608255995,"path_taken":["M","?","?","M","M","R","?","R","T","M","M","R","$","M","R","BOSS","M","?","?","M","M","R","E"],"items_purchased_type":[],"build_version":"2020-12-13","purchased_purges":1,"victory":false,"max_hp_per_floor":[75,75,75,75,75,75,75,75,75,75,75,75,75,75,75,75,75,75,75,75,75,75,75,75,75],"card_choices":[{"not_picked":["Forethought","Jack Of All Trades"],"picked":"Trip","floor":0},{"not_picked":["hierophant:AuricBeam","hierophant:Shelter"],"picked":"hierophant:PristineSoul","floor":1},{"not_picked":["hierophant:Doubloon","hierophant:Martyrdom"],"picked":"hierophant:Exaltation","floor":4},{"not_picked":["hierophant:PassingBell","hierophant:Encroach"],"picked":"hierophant:RustyCrate","floor":5},{"not_picked":["hierophant:HolyVerse","hierophant:Kindle"],"picked":"hierophant:Smite","floor":10},{"not_picked":["hierophant:Purify","hierophant:Encroach"],"picked":"hierophant:Smite","floor":11},{"not_picked":["hierophant:HammerAndAnvil","hierophant:RepressedViolence"],"picked":"hierophant:Zeal","floor":14},{"not_picked":["hierophant:DeathKnell","hierophant:LocustPlague"],"picked":"hierophant:DivineIntervention","floor":16},{"not_picked":["hierophant:FieryStrike+1","hierophant:Shelter"],"picked":"hierophant:Remorse+1","floor":18},{"not_picked":["hierophant:Doomsaying","hierophant:Encroach"],"picked":"hierophant:CoinFling","floor":21},{"not_picked":["hierophant:Sermon","hierophant:Purify"],"picked":"hierophant:PassingBell+1","floor":22}],"player_experience":770836,"relics_obtained":[{"floor":9,"key":"Lantern"},{"floor":20,"key":"Enchiridion"}],"event_choices":[{"damage_healed":0,"gold_gain":0,"player_choice":"1 cards matched","damage_taken":0,"max_hp_gain":0,"max_hp_loss":0,"event_name":"Match and Keep!","floor":2,"gold_loss":0,"cards_obtained":["hierophant:AuricForm"]},{"cards_removed":["hierophant:Strike_Hierophant"],"damage_healed":0,"gold_gain":0,"player_choice":"Card Removal","damage_taken":0,"max_hp_gain":0,"max_hp_loss":0,"event_name":"The Cleric","floor":7,"gold_loss":50},{"damage_healed":0,"gold_gain":0,"player_choice":"Ignored","damage_taken":0,"max_hp_gain":0,"max_hp_loss":0,"event_name":"Ghosts","floor":19,"gold_loss":0},{"damage_healed":0,"gold_gain":0,"player_choice":"Obtained Book","damage_taken":16,"max_hp_gain":0,"max_hp_loss":0,"event_name":"Cursed Tome","floor":20,"gold_loss":0}],"is_beta":false,"boss_relics":[{"not_picked":["Fusion Hammer","SacredBark"],"picked":"Philosopher\u0027s Stone"}],"items_purged_floors":[13],"is_endless":false,"potions_floor_spawned":[5,11,14,16,18],"killed_by":"Book of Stabbing","ascension_level":0}}