{"host":"f1miojwxaupu79sp","time":1608263992,"event":{"mods":["BaseMod","Better Vampires","Minty Spire (QoL Compilation)","Shop Mod"],"gold_per_floor":[116,116,140,18,18,18,51,66,66,106,106,56,56,89,89,209,209,229,229,229,56,56,84,84,116,140,140,151,181,26,26,26,131,131,147,197,242,138,138,138,167,185,185,185,202,202,220,220,220,220],"floor_reached":51,"playtime":17133,"items_purged":["Strike_G","Strike_G+1","Strike_G+1"],"score":805,"play_id":"d3bae256-a446-4c0d-ba42-07ac9a655e74","local_time":"20201217225952","is_ascension_mode":true,"campfire_choices":[{"data":"Noxious Fumes","floor":6,"key":"SMITH"},{"data":"Night Terror","floor":11,"key":"SMITH"},{"data":"Phantasmal Killer","floor":13,"key":"SMITH"},{"data":"Bane","floor":15,"key":"SMITH"},{"data":"Adrenaline","floor":24,"key":"SMITH"},{"data":"Malaise","floor":27,"key":"SMITH"},{"data":"Footwork","floor":32,"key":"SMITH"},{"floor":40,"key":"REST"},{"data":"Adrenaline","floor":44,"key":"SMITH"},{"data":"Night Terror","floor":49,"key":"SMITH"}],"circlet_count":0,"master_deck":["Strike_G+1","Defend_G+1","Defend_G+1","Defend_G+1","Defend_G+1","Survivor","Neutralize+1","Outmaneuver","Noxious Fumes+1","Bane+1","Phantasmal Killer+1","Night Terror+1","Adrenaline+1","Footwork+1","Deflect","Malaise+1","Crippling Poison","Distraction","Deflect","Adrenaline+1","Deflect+1","Backflip","Leg Sweep+1","Deflect","Discovery","Backstab","Crippling Poison+1","Dash","Deadly Poison+1","Night Terror+1","Backflip+1","Deflect+1"],"relics":["Ring of the Snake","NeowsBlessing","Bloody Idol","Blue Candle","Bag of Marbles","HornCleat","Mercury Hourglass","Black Star","MutagenicStrength","Ancient Tea Set","PreservedInsect","Smiling Mask","Toy Ornithopter","Juzu Bracelet","Whetstone","Paper Crane","Omamori","Prayer Wheel","Lizard Tail","Eternal Feather","MealTicket","Meat on the Bone"],"acts_visited":["Exordium","TheCity","TheBeyond"],"potions_floor_usage":[10,23,29,37,37,37,50,50],"damage_taken":[{"damage":0,"enemies":"Jaw Worm","floor":1,"turns":1},{"damage":0,"enemies":"2 Louse","floor":3,"turns":1},{"damage":0,"enemies":"Lagavulin","floor":7,"turns":4},{"damage":0,"enemies":"Cultist","floor":8,"turns":4},{"damage":13,"enemies":"3 Sentries","floor":10,"turns":6},{"damage":5,"enemies":"Lagavulin","floor":14,"turns":6},{"damage":20,"enemies":"The Guardian","floor":16,"turns":8},{"damage":17,"enemies":"Shell Parasite","floor":18,"turns":5},{"damage":16,"enemies":"Gremlin Leader","floor":23,"turns":7},{"damage":0,"enemies":"Book of Stabbing","floor":25,"turns":5},{"damage":7,"enemies":"Chosen","floor":28,"turns":7},{"damage":13,"enemies":"Slavers","floor":29,"turns":5},{"damage":38,"enemies":"Champ","floor":33,"turns":10},{"damage":3,"enemies":"3 Shapes","floor":35,"turns":5},{"damage":19,"enemies":"Mind Bloom Boss Battle","floor":36,"turns":13},{"damage":47,"enemies":"2 Orb Walkers","floor":37,"turns":11},{"damage":16,"enemies":"Reptomancer","floor":41,"turns":9},{"damage":0,"enemies":"3 Darklings","floor":42,"turns":4},{"damage":0,"enemies":"Maw","floor":45,"turns":11},{"damage":5,"enemies":"Writhing Mass","floor":47,"turns":10},{"damage":51,"enemies":"Time Eater","floor":50,"turns":13}],"seed_played":"-7553493843148335249","potions_obtained":[{"floor":7,"key":"Fire Potion"},{"floor":10,"key":"ColorlessPotion"},{"floor":16,"key":"Regen Potion"},{"floor":25,"key":"Weak Potion"},{"floor":28,"key":"GamblersBrew"},{"floor":35,"key":"EssenceOfSteel"},{"floor":42,"key":"Regen Potion"},{"floor":45,"key":"Ancient Potion"}],"is_trial":false,"path_per_floor":["M","?","M","$","?","R","E","M","T","E","R","?","R","E","R","B",null,"M","?","?","$","?","E","R","E","T","R","M","E","$","?","R","B",null,"M","?","?","$","?","R","E","M","T","R","M","?","M","?","R","B",null],"character_chosen":"THE_SILENT","items_purchased":["Bane","Footwork","Omamori","Deflect"],"campfire_rested":1,"item_purchase_floors":[4,21,30,38],"current_hp_per_floor":[70,65,65,65,65,65,65,65,65,52,52,52,52,47,47,27,65,48,48,48,48,48,37,37,42,47,47,45,42,42,42,42,9,65,65,51,33,33,33,52,41,46,46,61,65,65,65,65,65,43],"gold":220,"neow_bonus":"THREE_ENEMY_KILL","is_daily":false,"chose_seed":false,"campfire_upgraded":9,"win_rate":0.0,"timestamp":1608263992,"path_taken":["M","?","M","$","?","R","E","?","T","E","R","?","R","E","R","BOSS","M","?","?","$","?","E","R","E","T","R","M","E","?","?","R","BOSS","M","?","?","$","?","R","E","M","T","R","M","?","M","?","R","BOSS"],"items_purchased_type":["Card","Card","Relic","Card"],"build_version":"2020-12-13","purchased_purges":3,"victory":true,"max_hp_per_floor":[70,65,65,65,65,65,65,65,65,65,65,65,65,65,65,65,65,65,65,65,65,65,65,65,65,65,65,65,65,65,65,65,65,65,65,65,65,65,65,65,65,65,65,65,65,65,65,65,65,65],"card_choices":[{"not_picked":["Underhanded Strike","Quick Slash"],"picked":"Outmaneuver","floor":1},{"not_picked":["Prepared","Backflip"],"picked":"Noxious Fumes","floor":3},{"not_picked":["Backflip","Finisher"],"picked":"Phantasmal Killer","floor":7},{"not_picked":["Sucker Punch","Prepared","Reflex"],"picked":"SKIP","floor":8},{"not_picked":["PiercingWail","Sucker Punch"],"picked":"Night Terror","floor":10},{"not_picked":["Deadly Poison","Masterful Stab","Expertise"],"picked":"SKIP","floor":14},{"not_picked":["Burst","Malaise"],"picked":"Adrenaline","floor":16},{"not_picked":["Dagger Spray","Masterful Stab","Acrobatics"],"picked":"SKIP","floor":18},{"not_picked":["Accuracy","Acrobatics+1"],"picked":"Deflect","floor":23},{"not_picked":["Endless Agony","Well Laid Plans"],"picked":"Malaise","floor":25},{"not_picked":["Deadly Poison","Masterful Stab"],"picked":"Crippling Poison","floor":28},{"not_picked":["Acrobatics","Heel Hook"],"picked":"Distraction","floor":29},{"not_picked":["Doppelganger","A Thousand Cuts"],"picked":"Adrenaline","floor":33},{"not_picked":["Dodge and Roll","Poisoned Stab+1"],"picked":"Deflect+1","floor":35},{"not_picked":["Dagger Throw","Heel Hook"],"picked":"Backflip","floor":36},{"not_picked":["Tactician","Eviscerate+1"],"picked":"Leg Sweep+1","floor":37},{"not_picked":["Swift Strike","PanicButton"],"picked":"Discovery","floor":39},{"not_picked":["Bane+1","Sucker Punch"],"picked":"Backstab","floor":41},{"not_picked":["Riddle With Holes+1","Tactician"],"picked":"Crippling Poison+1","floor":42},{"not_picked":["Blade Dance","PiercingWail"],"picked":"Dash","floor":42},{"not_picked":["PiercingWail+1","Flying Knee"],"picked":"Deadly Poison+1","floor":45},{"not_picked":["Slice","Deflect"],"picked":"Night Terror","floor":45},{"not_picked":["Outmaneuver+1","Blade Dance+1"],"picked":"Backflip+1","floor":47},{"not_picked":["Heel Hook","Riddle With Holes+1"],"picked":"Deflect+1","floor":47}],"player_experience":609963,"relics_obtained":[{"floor":7,"key":"Blue Candle"},{"floor":9,"key":"Bag of Marbles"},{"floor":10,"key":"HornCleat"},{"floor":14,"key":"Mercury Hourglass"},{"floor":23,"key":"Ancient Tea Set"},{"floor":23,"key":"PreservedInsect"},{"floor":25,"key":"Smiling Mask"},{"floor":25,"key":"Toy Ornithopter"},{"floor":26,"key":"Juzu Bracelet"},{"floor":29,"key":"Whetstone"},{"floor":29,"key":"Paper Crane"},{"floor":36,"key":"Prayer Wheel"},{"floor":37,"key":"Lizard Tail"},{"floor":41,"key":"Eternal Feather"},{"floor":41,"key":"MealTicket"},{"floor":43,"key":"Meat on the Bone"}],"event_choices":[{"damage_healed":0,"gold_gain":0,"player_choice":"Lose Max HP","damage_taken":0,"relics_obtained":["Golden Idol"],"max_hp_gain":0,"max_hp_loss":5,"event_name":"Golden Idol","floor":2,"gold_loss":0},{"damage_healed":0,"gold_gain":0,"player_choice":"Full Heal","damage_taken":0,"max_hp_gain":0,"max_hp_loss":0,"event_name":"Wheel of Change","floor":5,"gold_loss":0},{"cards_removed":["Strike_G"],"damage_healed":0,"gold_gain":0,"player_choice":"Card Removal","damage_taken":0,"max_hp_gain":0,"max_hp_loss":0,"event_name":"The Cleric","floor":12,"gold_loss":50},{"damage_healed":0,"gold_gain":0,"player_choice":"Gave Idol","damage_taken":0,"relics_obtained":["Bloody Idol"],"max_hp_gain":0,"max_hp_loss":0,"event_name":"Forgotten Altar","floor":19,"relics_lost":["Golden Idol"],"gold_loss":0},{"damage_healed":0,"gold_gain":0,"player_choice":"Simplicity","damage_taken":0,"max_hp_gain":0,"max_hp_loss":0,"event_name":"Back to Basics","floor":20,"gold_loss":0,"cards_upgraded":["Strike_G","Strike_G","Strike_G","Defend_G","Defend_G","Defend_G","Defend_G","Defend_G"]},{"damage_healed":0,"gold_gain":0,"player_choice":"Inject Mutagens","damage_taken":0,"relics_obtained":["MutagenicStrength"],"max_hp_gain":0,"max_hp_loss":0,"event_name":"Drug Dealer","floor":22,"gold_loss":0},{"damage_healed":0,"gold_gain":0,"player_choice":"Read","damage_taken":0,"max_hp_gain":0,"max_hp_loss":0,"event_name":"The Library","floor":31,"gold_loss":0,"cards_obtained":["Deflect"]},{"damage_healed":0,"gold_gain":0,"player_choice":"Fight","damage_taken":0,"max_hp_gain":0,"max_hp_loss":0,"event_name":"MindBloom","floor":36,"gold_loss":0},{"damage_healed":0,"gold_gain":0,"player_choice":"Fight","damage_taken":0,"max_hp_gain":0,"max_hp_loss":0,"event_name":"Mysterious Sphere","floor":37,"gold_loss":0},{"damage_healed":0,"gold_gain":0,"player_choice":"Memory 1","damage_taken":0,"max_hp_gain":0,"max_hp_loss":0,"event_name":"SensoryStone","floor":39,"gold_loss":0},{"damage_healed":0,"gold_gain":0,"player_choice":"Ignored","damage_taken":0,"max_hp_gain":0,"max_hp_loss":0,"event_name":"Tomb of Lord Red Mask","floor":46,"gold_loss":0},{"cards_removed":["Defend_G"],"damage_healed":0,"gold_gain":0,"player_choice":"Removed Skill","damage_taken":0,"max_hp_gain":0,"max_hp_loss":0,"event_name":"Falling","floor":48,"gold_loss":0}],"is_beta":false,"boss_relics":[{"not_picked":["WristBlade","Calling Bell"],"picked":"Black Star"},{"not_picked":["Runic Dome","Velvet Choker","Coffee Dripper"]}],"items_purged_floors":[4,21,38],"is_endless":false,"potions_floor_spawned":[7,10,16,25,28,35,36,42,45],"ascension_level":1}}