{"host":"3y2rtlgteqp2nuo3","time":1608290704,"event":{"mods":["2.2 Compatiblity","AchievementEnabler","BaseMod","Colored Map","DeckTracker","Highlight Path","Keyboard Shortcuts","Minty Spire (QoL Compilation)","Permanent Neow","Quick Restart","StSLib","SuperFastMode","everything is the same but u backflip on backflip"],"gold_per_floor":[113,132,142,92,92,92,109,109,135,155,173,190,204,61,61,135,135,155,167,182,197,214,214,241,241,241,41,41,41,72,72,72,146,146,162,62,72,72,72,72,87,65,65,90,110,124,124,141,141,141,141],"floor_reached":50,"playtime":1533,"items_purged":["Strike_B","Defend_B"],"score":756,"play_id":"f3b1c866-813a-441d-aeb7-44ae7556c67d","local_time":"20201218202504","is_ascension_mode":true,"campfire_choices":[{"data":"Ball Lightning","floor":6.0,"key":"SMITH"},{"data":"Coolheaded","floor":8.0,"key":"SMITH"},{"floor":15.0,"key":"REST"},{"floor":23.0,"key":"REST"},{"floor":25.0,"key":"REST"},{"data":"Defragment","floor":29.0,"key":"SMITH"},{"floor":32.0,"key":"REST"},{"floor":40.0,"key":"REST"},{"data":"Hologram","floor":47.0,"key":"SMITH"},{"data":"Echo Form","floor":49.0,"key":"SMITH"}],"circlet_count":0,"master_deck":["AscendersBane","Defend_B","Defend_B","Zap+1","Dualcast+1","Ball Lightning+1","Ball Lightning","Ball Lightning","Coolheaded+1","Capacitor","Beam Cell","Glacier","Echo Form+1","Defragment+1","Electrodynamics","Rebound","Turbo+1","Leap","Conserve Battery","Double Energy","Recycle","Hologram+1","Defragment+1","Seek","Steam Power","Skim","Steam","White Noise","Defragment+1","Force Field+1"],"relics":["Cracked Core","Regal Pillow","SlaversCollar","Blood Vial","Darkstone Periapt","ClockworkSouvenir","Ancient Tea Set","Cursed Key","Bird Faced Urn"],"acts_visited":["Exordium","TheCity","TheBeyond"],"potions_floor_usage":[50,50],"damage_taken":[{"damage":2.0,"enemies":"Jaw Worm","floor":1.0,"turns":3.0},{"damage":4.0,"enemies":"Small Slimes","floor":2.0,"turns":3.0},{"damage":6.0,"enemies":"Cultist","floor":3.0,"turns":3.0},{"damage":5.0,"enemies":"Gremlin Gang","floor":7.0,"turns":3.0},{"damage":11.0,"enemies":"Exordium Wildlife","floor":10.0,"turns":4.0},{"damage":9.0,"enemies":"Looter","floor":11.0,"turns":3.0},{"damage":1.0,"enemies":"Blue Slaver","floor":12.0,"turns":2.0},{"damage":2.0,"enemies":"Red Slaver","floor":13.0,"turns":3.0},{"damage":3.0,"enemies":"The Guardian","floor":16.0,"turns":9.0},{"damage":32.0,"enemies":"2 Thieves","floor":18.0,"turns":3.0},{"damage":10.0,"enemies":"Shell Parasite","floor":19.0,"turns":5.0},{"damage":23.0,"enemies":"Centurion and Healer","floor":20.0,"turns":5.0},{"damage":2.0,"enemies":"Cultist and Chosen","floor":21.0,"turns":5.0},{"damage":29.0,"enemies":"Snake Plant","floor":22.0,"turns":7.0},{"damage":20.0,"enemies":"Book of Stabbing","floor":30.0,"turns":5.0},{"damage":36.0,"enemies":"Champ","floor":33.0,"turns":10.0},{"damage":31.0,"enemies":"3 Shapes","floor":35.0,"turns":5.0},{"damage":18.0,"enemies":"Orb Walker","floor":37.0,"turns":3.0},{"damage":9.0,"enemies":"4 Shapes","floor":41.0,"turns":4.0},{"damage":0.0,"enemies":"Mind Bloom Boss Battle","floor":44.0,"turns":5.0},{"damage":18.0,"enemies":"Transient","floor":45.0,"turns":5.0},{"damage":0.0,"enemies":"Sphere and 2 Shapes","floor":46.0,"turns":4.0},{"damage":23.0,"enemies":"4 Shapes","floor":48.0,"turns":2.0},{"damage":77,"enemies":"Awakened One","floor":50,"turns":10}],"seed_played":"-9099856167406112984","potions_obtained":[{"floor":3.0,"key":"FearPotion"},{"floor":7.0,"key":"EntropicBrew"},{"floor":12.0,"key":"SkillPotion"},{"floor":20.0,"key":"FairyPotion"},{"floor":21.0,"key":"Dexterity Potion"},{"floor":33.0,"key":"AttackPotion"},{"floor":41.0,"key":"Fire Potion"},{"floor":46.0,"key":"Explosive Potion"},{"floor":48.0,"key":"DuplicationPotion"}],"is_trial":false,"path_per_floor":["M","M","M","?","?","R","M","R","T","M","M","M","M","$","R","B",null,"M","M","M","M","M","R","T","R","T","$","?","R","E","?","R","B",null,"M","$","M","$","?","R","M","$","T","?","M","M","R","M","R","B"],"character_chosen":"DEFECT","items_purchased":["Defragment","ClockworkSouvenir","Conserve Battery","Steam"],"campfire_rested":5,"item_purchase_floors":[14,27,27,42],"current_hp_per_floor":[66,62,56,56,56,56,51,51,51,40,31,30,28,28,65,62,72,40,30,7,5,2,39,39,75,75,75,75,75,55,55,75,39,66,37,37,21,21,21,58,51,51,51,53,47,63,63,48,48,0,0],"gold":141,"neow_bonus":"UPGRADE_CARD","is_daily":false,"chose_seed":false,"campfire_upgraded":5,"win_rate":0.0,"timestamp":1608290704,"path_taken":["M","M","M","?","?","R","M","R","T","M","M","M","M","$","R","BOSS","M","?","?","?","M","R","?","R","T","$","?","R","E","?","R","BOSS","M","$","M","$","?","R","M","?","T","?","M","?","R","M","R","BOSS"],"items_purchased_type":["Card","Relic","Card","Card"],"build_version":"2020-12-13","purchased_purges":2,"victory":false,"max_hp_per_floor":[75,75,75,75,75,75,75,75,75,75,75,75,75,75,75,75,75,75,75,75,75,75,75,75,75,75,75,75,75,75,75,75,75,75,75,75,75,75,75,75,75,75,75,75,75,75,75,75,75,75,75],"card_choices":[{"not_picked":["Conserve Battery","Storm"],"picked":"Ball Lightning","floor":1.0},{"not_picked":["Go for the Eyes","Hologram"],"picked":"Ball Lightning","floor":2.0},{"not_picked":["Turbo","Cold Snap"],"picked":"Ball Lightning","floor":3.0},{"not_picked":["Loop","Redo"],"picked":"Coolheaded","floor":7.0},{"not_picked":["Loop","Steam"],"picked":"Capacitor","floor":10.0},{"not_picked":["Streamline","Darkness"],"picked":"Beam Cell","floor":11.0},{"not_picked":["Reprogram","Blizzard"],"picked":"Glacier","floor":12.0},{"not_picked":["Go for the Eyes","Gash"],"picked":"Echo Form","floor":13.0},{"not_picked":["Meteor Strike","Thunder Strike"],"picked":"Electrodynamics","floor":16.0},{"not_picked":["Sunder","Double Energy"],"picked":"Rebound","floor":18.0},{"not_picked":["Cold Snap","Lockon","Redo"],"picked":"SKIP","floor":19.0},{"not_picked":["Redo","Steam"],"picked":"Turbo+1","floor":20.0},{"not_picked":["FTL","Stack"],"picked":"Leap","floor":21.0},{"not_picked":["Ball Lightning","Loop","Barrage"],"picked":"SKIP","floor":22.0},{"not_picked":["Steam","FTL"],"picked":"Hologram","floor":30.0},{"not_picked":["All For One","Meteor Strike"],"picked":"Seek","floor":33.0},{"not_picked":["Reprogram","Scrape","Turbo"],"picked":"SKIP","floor":35.0},{"not_picked":["Leap","Force Field"],"picked":"Steam Power","floor":37.0},{"not_picked":["Melter","Hologram"],"picked":"Skim","floor":41.0},{"not_picked":["Lockon","Coolheaded"],"picked":"White Noise","floor":44.0},{"not_picked":["Hologram","Darkness"],"picked":"Defragment+1","floor":45.0},{"not_picked":["Conserve Battery","Gash"],"picked":"Force Field+1","floor":46.0},{"not_picked":["Compile Driver","Doom and Gloom","Beam Cell"],"picked":"SKIP","floor":48.0}],"player_experience":636697,"relics_obtained":[{"floor":9.0,"key":"Regal Pillow"},{"floor":24.0,"key":"Blood Vial"},{"floor":26.0,"key":"Darkstone Periapt"},{"floor":30.0,"key":"Ancient Tea Set"},{"floor":44.0,"key":"Bird Faced Urn"}],"event_choices":[{"cards_removed":["Strike_B"],"damage_healed":0.0,"max_hp_gain":0.0,"max_hp_loss":0.0,"gold_gain":0.0,"event_name":"The Cleric","player_choice":"Card Removal","floor":4.0,"gold_loss":50.0,"damage_taken":0.0},{"damage_healed":0.0,"max_hp_gain":0.0,"max_hp_loss":0.0,"gold_gain":0.0,"event_name":"Accursed Blacksmith","player_choice":"Forge","floor":5.0,"gold_loss":0.0,"damage_taken":0.0,"cards_upgraded":["Dualcast"]},{"damage_healed":0.0,"max_hp_gain":0.0,"max_hp_loss":0.0,"gold_gain":0.0,"cards_transformed":["Strike_B","Strike_B"],"event_name":"Drug Dealer","player_choice":"Became Test Subject","floor":28.0,"gold_loss":0.0,"damage_taken":0.0,"cards_obtained":["Double Energy","Recycle"]},{"damage_healed":0.0,"max_hp_gain":0.0,"max_hp_loss":0.0,"gold_gain":0.0,"event_name":"Duplicator","player_choice":"Copied","floor":31.0,"gold_loss":0.0,"damage_taken":0.0,"cards_obtained":["Defragment"]},{"cards_removed":["Defend_B"],"damage_healed":0.0,"max_hp_gain":0.0,"max_hp_loss":0.0,"gold_gain":0.0,"event_name":"Purifier","player_choice":"Purged","floor":39.0,"gold_loss":0.0,"damage_taken":0.0},{"damage_healed":0.0,"max_hp_gain":0.0,"max_hp_loss":0.0,"gold_gain":0.0,"event_name":"MindBloom","player_choice":"Fight","floor":44.0,"gold_loss":0.0,"damage_taken":0.0}],"is_beta":false,"boss_relics":[{"not_picked":["Fusion Hammer","Pandora\u0027s Box"],"picked":"SlaversCollar"},{"not_picked":["Velvet Choker","Black Star"],"picked":"Cursed Key"}],"items_purged_floors":[14,36],"is_endless":false,"potions_floor_spawned":[3,7,12,16,20,21,33,41,46,48],"killed_by":"Awakened One","ascension_level":13}}