{"host":"0cv5mirso6od0j56","time":1608317317,"event":{"mods":["AchievementEnabler","BaseMod","DeckTracker","Lobotomy","Minty Spire (QoL Compilation)","SuperFastMode"],"gold_per_floor":[111,91,16,30,41,41,22,41,41,41,41,68,68,68,68,68,68],"floor_reached":16,"playtime":462,"items_purged":["Defend_G"],"score":90,"play_id":"7e7b6d29-3d14-4c23-9bd4-bd0912442fc8","local_time":"20201219034837","is_ascension_mode":false,"campfire_choices":[{"data":"Blade Dance","floor":11,"key":"SMITH"},{"data":"Underhanded Strike","floor":13,"key":"SMITH"},{"floor":15,"key":"REST"}],"circlet_count":0,"master_deck":["Strike_G","Strike_G","Strike_G","Strike_G","Defend_G","Defend_G","Defend_G","Defend_G","Survivor","Neutralize","Poisoned Stab","Deflect","Underhanded Strike+1","Infinite Blades","Blade Dance+1","Backflip"],"relics":["Ring of the Snake","Bronze Scales","Bag of Preparation"],"acts_visited":["Exordium"],"potions_floor_usage":[],"damage_taken":[{"damage":0,"enemies":"Cultist","floor":1,"turns":3},{"damage":6,"enemies":"Jaw Worm","floor":4,"turns":4},{"damage":0,"enemies":"2 Louse","floor":5,"turns":2},{"damage":8,"enemies":"Exordium Thugs","floor":7,"turns":6},{"damage":8,"enemies":"2 Fungi Beasts","floor":8,"turns":3},{"damage":70,"enemies":"The Guardian","floor":16,"turns":7}],"seed_played":"-2237577852706619477","potions_obtained":[{"floor":2,"key":"LiquidMemories"},{"floor":4,"key":"SpeedPotion"}],"is_trial":false,"path_per_floor":["M","?","$","M","M","?","M","M","T","$","R","T","R","$","R","B"],"character_chosen":"THE_SILENT","items_purchased":[],"campfire_rested":1,"item_purchase_floors":[],"current_hp_per_floor":[70,70,70,64,64,64,56,48,48,48,48,48,48,48,69,0,0],"gold":68,"neow_bonus":"TRANSFORM_CARD","is_daily":false,"chose_seed":false,"campfire_upgraded":2,"win_rate":0.0,"timestamp":1608317317,"path_taken":["M","?","?","M","?","?","M","M","T","?","R","?","R","$","R","BOSS"],"items_purchased_type":[],"build_version":"2020-12-13","purchased_purges":1,"victory":false,"max_hp_per_floor":[70,70,70,70,70,70,70,70,70,70,70,70,70,70,70,70,70],"card_choices":[{"not_picked":["Terror","Bane"],"picked":"Deflect","floor":1},{"not_picked":["Flying Knee","Dodge and Roll"],"picked":"Underhanded Strike","floor":4},{"not_picked":["Dodge and Roll","Skewer"],"picked":"Infinite Blades","floor":5},{"not_picked":["Poisoned Stab","Venomology"],"picked":"Blade Dance","floor":7},{"not_picked":["Slice","Quick Slash"],"picked":"Backflip","floor":8}],"player_experience":40436,"relics_obtained":[{"floor":9,"key":"Bronze Scales"},{"floor":12,"key":"Bag of Preparation"}],"event_choices":[{"damage_healed":0,"gold_gain":0,"player_choice":"Bought 1 Potion","damage_taken":0,"max_hp_gain":0,"max_hp_loss":0,"event_name":"The Woman in Blue","floor":2,"gold_loss":0},{"damage_healed":0,"gold_gain":0,"player_choice":"Leave","damage_taken":0,"max_hp_gain":0,"max_hp_loss":0,"event_name":"The Cleric","floor":6,"gold_loss":0}],"is_beta":false,"boss_relics":[],"items_purged_floors":[3],"is_endless":false,"potions_floor_spawned":[4],"killed_by":"The Guardian","ascension_level":0}}