{"host":"x5a6cvihdukvwm3n","time":1608292615,"event":{"mods":["AlwaysNeverKeys","Aspiration","BaseMod","Beaked The Cultist","BetterRewards","Colored Map","Colored Powertips","Conspire","Curses Come First","Downfall","Friendly Minions","GifTheSpireLib","Gremlin Mod","Halation","Highlight Path","Hubris","Minty Spire (QoL Compilation)","Replay The Spire","Shop Mod","StSLib","Stuff the Spire","SuperFastMode","Synergy Search","Td1madao Mod","The Bladedancer","The Construct","The Disciple","The Jungle","The Servant 0.9.4","vexMod"],"gold_per_floor":[99,99,99,249,249,262,262,262,282,282,117,135,59,79,89,187,187,187,199,199,199,199,211,211,246,246,272,288,288,288],"floor_reached":29,"playtime":1927,"items_purged":[],"score":251,"play_id":"547a352d-497f-480d-97fe-18f2df044572","local_time":"20201218125655","is_ascension_mode":false,"campfire_choices":[{"data":"champ:Taunt","floor":1,"key":"SMITH"},{"data":"champ:Execute","floor":5,"key":"SMITH"},{"data":"champ:Haymaker","floor":8,"key":"SMITH"},{"data":"champ:RapidStrikes","floor":10,"key":"SMITH"},{"data":"champ:PerfectForm","floor":18,"key":"SMITH"},{"data":"champ:DefensiveStyle","floor":22,"key":"SMITH"},{"floor":26,"key":"REST"}],"circlet_count":0,"master_deck":["champ:Strike","champ:Strike","champ:Strike","champ:Strike","champ:Defend","champ:Defend","champ:Defend+1","champ:Defend","champ:Execute+1","champ:Taunt+1","Slimebound:Icky","champ:Haymaker+1","champ:RapidStrikes+1","champ:DefensiveShout","champ:Encircle","champ:PreciseThrust","champ:CalledShot+1","champ:BladeFlurry","champ:DefensiveStyle+1","champ:PerfectForm+1","champ:RecklessLeap","champ:StanceDance","champ:FanOfKnives","champ:FocusedBerserking","champ:TornadoPunch"],"relics":["champ:ChampionCrown","hubris:Potato","Lantern","Black Star","halation:StarCompass","MealTicket","hubris:Metronome","vexMod:BarristanHead","ReplayTheSpireMod:Lightbulb"],"acts_visited":["Exordium","TheCity"],"potions_floor_usage":[16,16,25,25,27,27],"damage_taken":[{"damage":13,"enemies":"Jaw Worm","floor":6,"turns":3},{"damage":0,"enemies":"Small Slimes","floor":9,"turns":3},{"damage":0,"enemies":"downfall:FleeingMerchant","floor":11,"turns":4},{"damage":4,"enemies":"2 Louse","floor":12,"turns":2},{"damage":0,"enemies":"downfall:FleeingMerchant","floor":13,"turns":4},{"damage":27,"enemies":"Gremlin Gang","floor":14,"turns":5},{"damage":6,"enemies":"Red Slaver","floor":15,"turns":3},{"damage":73,"enemies":"downfall:Ironclad","floor":16,"turns":12},{"damage":36,"enemies":"3 Byrds","floor":19,"turns":7},{"damage":19,"enemies":"Shell Parasite","floor":23,"turns":5},{"damage":58,"enemies":"Slavers","floor":25,"turns":6},{"damage":32,"enemies":"Gremlin Leader","floor":27,"turns":6},{"damage":24,"enemies":"Shelled Parasite and Fungi","floor":28,"turns":7},{"damage":37,"enemies":"Snake Plant","floor":29,"turns":4}],"seed_played":"-2620624719500669364","potions_obtained":[{"floor":12,"key":"Milkshake"},{"floor":14,"key":"EssenceOfSteel"},{"floor":15,"key":"SpeedPotion"},{"floor":16,"key":"Energy Potion"},{"floor":19,"key":"LiquidMemories"},{"floor":21,"key":"Block Potion"},{"floor":21,"key":"champ:OpenerPotion"},{"floor":25,"key":"AttackPotion"}],"is_trial":false,"path_per_floor":["R","?","?","?","R","M","T","R","M","R","$","M","$","M","M","B",null,"R","M","?","?","R","M","T","E","R","E","M","M"],"character_chosen":"THE_CHAMP","items_purchased":["Lantern","champ:CalledShot+1"],"campfire_rested":1,"item_purchase_floors":[11,13],"current_hp_per_floor":[99,99,104,104,104,96,96,96,101,101,104,100,104,84,83,19,104,104,79,79,79,79,67,67,36,67,48,36,0,0],"gold":288,"neow_bonus":"TEN_PERCENT_HP_BONUS","is_daily":false,"chose_seed":false,"campfire_upgraded":6,"win_rate":0.0,"timestamp":1608292615,"path_taken":["R","?","?","?","R","M","T","R","M","R","?","?","$","M","M","BOSS","R","M","?","?","R","?","T","E","R","E","?","M"],"items_purchased_type":["Relic","Card"],"build_version":"2020-12-13","purchased_purges":0,"victory":false,"max_hp_per_floor":[99,99,104,104,104,104,104,104,104,104,104,104,104,104,104,104,104,104,104,104,104,104,104,104,104,104,104,104,104,104],"card_choices":[{"not_picked":["champ:PerfectedStrike","champ:ViciousMockery"],"picked":"champ:Haymaker","floor":6},{"not_picked":["champ:CrookedStrike","champ:GladiatorsShout"],"picked":"champ:RapidStrikes","floor":9},{"not_picked":["champ:Duel","champ:Haymaker"],"picked":"champ:DefensiveShout","floor":11},{"not_picked":["champ:Shatter","champ:Circumvent"],"picked":"champ:Encircle","floor":12},{"not_picked":["champ:Encircle","champ:ShieldThrow"],"picked":"champ:PreciseThrust","floor":13},{"not_picked":["champ:FlashCut","champ:AdrenalArmor"],"picked":"champ:BladeFlurry","floor":14},{"not_picked":["champ:FlashCut","champ:RecklessLeap"],"picked":"champ:DefensiveStyle","floor":15},{"not_picked":["champ:VampiricStrike","champ:DancingMaster"],"picked":"champ:PerfectForm","floor":16},{"not_picked":["champ:BringItOn","champ:FlashCut"],"picked":"champ:RecklessLeap","floor":19},{"not_picked":["champ:EnragedBash","champ:AdrenalArmor"],"picked":"champ:StanceDance","floor":23},{"not_picked":["champ:DancingMaster","champ:FlashCut"],"picked":"champ:FanOfKnives","floor":25},{"not_picked":["champ:DancingMaster","champ:BerserkerStyle"],"picked":"champ:FocusedBerserking","floor":27},{"not_picked":["champ:AdrenalArmor","champ:CrookedStrike"],"picked":"champ:TornadoPunch","floor":28}],"player_experience":269452,"relics_obtained":[{"floor":7,"key":"hubris:Potato"},{"floor":25,"key":"MealTicket"},{"floor":25,"key":"hubris:Metronome"},{"floor":27,"key":"vexMod:BarristanHead"},{"floor":27,"key":"ReplayTheSpireMod:Lightbulb"}],"event_choices":[{"damage_healed":0,"gold_gain":0,"player_choice":"Donut","damage_taken":0,"max_hp_gain":5,"max_hp_loss":0,"event_name":"Big Fish","floor":3,"gold_loss":0},{"damage_healed":0,"gold_gain":0,"player_choice":"Got Potions","damage_taken":0,"max_hp_gain":0,"max_hp_loss":0,"event_name":"Lab","floor":21,"gold_loss":0}],"is_beta":false,"boss_relics":[{"not_picked":["hubris:GrandSneckoEye","conspire:SeveredTorchhead"],"picked":"Black Star"}],"items_purged_floors":[],"is_endless":false,"potions_floor_spawned":[12,14,15,16,19,25],"killed_by":"Snake Plant","ascension_level":0}}