{"host":"ou23awlgcm0pi7o1","time":1608319354,"event":{"mods":["BaseMod","Colored Map","Downfall","Minty Spire (QoL Compilation)","StSLib","Unceasing Turn Reminder"],"gold_per_floor":[0,0,0,33,33,65,65,83,83,108,120,137,148,166,177,177,177],"floor_reached":16,"playtime":691,"items_purged":[],"score":232,"play_id":"b9877b1e-52cc-4322-ad98-8c27d94aac87","local_time":"20201218192233","is_ascension_mode":true,"campfire_choices":[{"data":"hexamod:HeatCrush","floor":1.0,"key":"SMITH"},{"data":"hexamod:RainOfEmbers","floor":9.0,"key":"SMITH"}],"circlet_count":0,"master_deck":["AscendersBane","hexamod:Strike","hexamod:Strike","hexamod:Strike+1","hexamod:Defend","hexamod:Defend","hexamod:Defend","hexamod:Defend+1","hexamod:Float+1","hexamod:HeatCrush+1","hexamod:RainOfEmbers+1","hexamod:FirstSeal","hexamod:ThermalTransfer","Regret","hexamod:BurningTouch","hexamod:AdvancingGuard","hexamod:AdvancingGuard","hexamod:SpectralSpark","hexamod:ThermalTransfer","hexamod:WildfireWeapon","hexamod:Hexaguard","hexamod:ThermalTransfer"],"relics":["hexamod:SpiritBrand","hexamod:Sixitude","Strawberry","Vajra","Eternal Feather","Bottled Flame"],"acts_visited":["Exordium"],"potions_floor_usage":[10,10,16,16],"damage_taken":[{"damage":24.0,"enemies":"3 Sentries","floor":4.0,"turns":8.0},{"damage":20.0,"enemies":"Lagavulin","floor":6.0,"turns":5.0},{"damage":1.0,"enemies":"Cultist","floor":8.0,"turns":3.0},{"damage":18,"enemies":"3 Sentries","floor":10,"turns":6},{"damage":2,"enemies":"Small Slimes","floor":11,"turns":2},{"damage":9,"enemies":"2 Louse","floor":12,"turns":2},{"damage":3,"enemies":"Exordium Wildlife","floor":13,"turns":3},{"damage":7,"enemies":"2 Fungi Beasts","floor":14,"turns":3},{"damage":2,"enemies":"Blue Slaver","floor":15,"turns":4},{"damage":47,"enemies":"downfall:Defect","floor":16,"turns":6}],"seed_played":"7144948115064979173","potions_obtained":[{"floor":6.0,"key":"Regen Potion"},{"floor":8.0,"key":"DuplicationPotion"},{"floor":11,"key":"Fire Potion"},{"floor":12,"key":"LiquidBronze"}],"is_trial":false,"path_per_floor":["R","?","?","E","?","E","T","M","R","E","M","M","M","M","M","B"],"character_chosen":"THE_SPIRIT","items_purchased":[],"campfire_rested":0,"item_purchase_floors":[],"current_hp_per_floor":[57,50,39,29,29,16,16,22,31,35,40,38,42,42,47,0,0],"gold":177,"neow_bonus":"TRANSFORM_TWO_CARDS","is_daily":false,"chose_seed":false,"campfire_upgraded":2,"win_rate":0.0,"timestamp":1608319353,"path_taken":["R","?","?","E","?","E","T","M","R","E","M","?","M","M","M","BOSS"],"items_purchased_type":[],"build_version":"2020-12-13","purchased_purges":0,"victory":false,"max_hp_per_floor":[63,63,63,70,70,70,70,70,70,70,70,70,70,70,70,70,70],"card_choices":[{"not_picked":["hexamod:InspiringFlames","hexamod:GhostLash"],"picked":"hexamod:ThermalTransfer","floor":4.0},{"not_picked":["hexamod:GhostLash","hexamod:StepThrough"],"picked":"hexamod:BurningTouch","floor":6.0},{"not_picked":["hexamod:NightmareStrike","hexamod:SpectersWail"],"picked":"hexamod:AdvancingGuard","floor":8.0},{"not_picked":["hexamod:GhostShield","hexamod:NightmareGuise"],"picked":"hexamod:AdvancingGuard","floor":10},{"not_picked":["hexamod:ThermalTransfer","hexamod:AdvancingGuard"],"picked":"hexamod:SpectralSpark","floor":11},{"not_picked":["hexamod:EmpoweredFlame","hexamod:SwordOfDarkness"],"picked":"hexamod:ThermalTransfer","floor":12},{"not_picked":["hexamod:EmpoweredFlame","hexamod:ExtraCrispy"],"picked":"hexamod:WildfireWeapon","floor":13},{"not_picked":["hexamod:Firestarter","hexamod:GhostLash"],"picked":"hexamod:Hexaguard","floor":14},{"not_picked":["hexamod:SpectersWail","hexamod:GhostShield"],"picked":"hexamod:ThermalTransfer","floor":15}],"player_experience":311433,"relics_obtained":[{"floor":4.0,"key":"Strawberry"},{"floor":6.0,"key":"Vajra"},{"floor":7.0,"key":"Eternal Feather"},{"floor":10,"key":"Bottled Flame"}],"event_choices":[{"damage_healed":0.0,"max_hp_gain":0.0,"max_hp_loss":0.0,"gold_gain":0.0,"event_name":"Scrap Ooze","player_choice":"Success","floor":3.0,"gold_loss":0.0,"damage_taken":11.0,"relics_obtained":["hexamod:Sixitude"]}],"is_beta":false,"boss_relics":[],"items_purged_floors":[],"is_endless":false,"potions_floor_spawned":[6,8,11,12,14,15],"killed_by":"downfall:Defect","ascension_level":18}}