{"host":"iyvjjqtjrywxqc57","time":1608300502,"event":{"mods":["AchievementEnabler","BaseMod","Bestiary","Better Match","Better Sensory Stone","Better Skull","Better Third Choice","Colored Map","Colored Powertips","Minty Spire (QoL Compilation)","Quick Restart","Rare Cards Sparkle","StSLib"],"gold_per_floor":[113,113,13,0,11,11,35,35,35,54,54,34,34,44,44,139,139,154,154,69,81,106,118,147,185,197,209,221,250,294,317,329,439,451,475,500,512,524,524],"floor_reached":38,"playtime":4606,"items_purged":[],"score":429,"play_id":"1116e910-4597-4edd-ac4a-aba4917fc3fa","local_time":"20201218080822","is_ascension_mode":false,"campfire_choices":[{"data":"Dagger Spray","floor":6,"key":"SMITH"},{"data":"Dash","floor":8,"key":"SMITH"},{"data":"Backflip","floor":11,"key":"SMITH"},{"data":"Quick Slash","floor":13,"key":"SMITH"},{"data":"Sucker Punch","floor":15,"key":"SMITH"},{"floor":23,"key":"REST"},{"data":"RitualDagger","floor":27,"key":"SMITH"},{"floor":32,"key":"REST"}],"circlet_count":0,"master_deck":["Strike_G","Strike_G","Strike_G","Strike_G","Strike_G","Defend_G","Defend_G","Defend_G","Defend_G","Defend_G","Survivor","Neutralize","Quick Slash+1","The Bomb","Dagger Spray+1","Backflip+1","Enlightenment","Dash+1","Distraction","Masterful Stab","Sucker Punch+1","Adrenaline","Underhanded Strike+1","RitualDagger+1","Dagger Throw+1","Leg Sweep+1","Heel Hook","Eviscerate+1","Phantasmal Killer","Outmaneuver","Unload","Predator+1","Poisoned Stab"],"relics":["Ring of the Snake","Lantern","Pear","Velvet Choker","MawBank","Gambling Chip","Meat on the Bone","Bag of Marbles","HoveringKite"],"acts_visited":["Exordium","TheCity","TheBeyond"],"potions_floor_usage":[25,38,38,38],"damage_taken":[{"damage":0.0,"enemies":"2 Louse","floor":1.0,"turns":3.0},{"damage":0,"enemies":"Jaw Worm","floor":5,"turns":5},{"damage":0,"enemies":"Small Slimes","floor":10,"turns":2},{"damage":0,"enemies":"Exordium Thugs","floor":12,"turns":4},{"damage":2,"enemies":"2 Fungi Beasts","floor":14,"turns":3},{"damage":29,"enemies":"Slime Boss","floor":16,"turns":8},{"damage":14,"enemies":"Spheric Guardian","floor":18,"turns":4},{"damage":15,"enemies":"3 Byrds","floor":22,"turns":3},{"damage":6,"enemies":"Cultist and Chosen","floor":24,"turns":4},{"damage":26,"enemies":"Book of Stabbing","floor":25,"turns":5},{"damage":9,"enemies":"Snake Plant","floor":29,"turns":3},{"damage":30,"enemies":"Slavers","floor":30,"turns":6},{"damage":0,"enemies":"Sentry and Sphere","floor":31,"turns":3},{"damage":56,"enemies":"Automaton","floor":33,"turns":10},{"damage":37,"enemies":"3 Darklings","floor":35,"turns":6},{"damage":19,"enemies":"3 Shapes","floor":36,"turns":2},{"damage":59,"enemies":"2 Orb Walkers","floor":38,"turns":6}],"seed_played":"7768650853213026660","potions_obtained":[{"floor":5,"key":"Block Potion"},{"floor":12,"key":"Dexterity Potion"},{"floor":14,"key":"GamblersBrew"},{"floor":22,"key":"GamblersBrew"},{"floor":24,"key":"PowerPotion"},{"floor":25,"key":"Fruit Juice"},{"floor":30,"key":"FearPotion"},{"floor":31,"key":"Ancient Potion"},{"floor":35,"key":"Dexterity Potion"},{"floor":36,"key":"ColorlessPotion"}],"is_trial":false,"path_per_floor":["M","?","$","?","M","R","T","R","T","M","R","M","R","M","R","B",null,"M","?","?","$","M","R","M","E","T","R","$","M","E","M","R","B",null,"M","M","?","?"],"character_chosen":"THE_SILENT","items_purchased":["Dagger Spray","Backflip"],"campfire_rested":2,"item_purchase_floors":[3,3],"current_hp_per_floor":[77,77,77,83,83,83,83,83,93,93,93,93,93,91,91,62,93,79,73,73,73,58,85,79,58,58,58,58,61,43,55,84,40,98,61,54,54,0,0],"gold":524,"neow_bonus":"TEN_PERCENT_HP_BONUS","is_daily":false,"chose_seed":false,"campfire_upgraded":6,"win_rate":0.0,"timestamp":1608300502,"path_taken":["M","?","$","?","M","R","?","R","T","M","R","M","R","?","R","BOSS","M","?","?","$","M","R","M","E","T","R","?","M","E","M","R","BOSS","M","M","?","?"],"items_purchased_type":["Card","Card"],"build_version":"2020-12-13","purchased_purges":0,"victory":false,"max_hp_per_floor":[77,77,77,83,83,83,83,83,93,93,93,93,93,93,93,93,93,93,93,93,93,93,93,93,98,98,98,98,98,98,98,98,98,98,98,98,98,98,98],"card_choices":[{"not_picked":["Choke","Noxious Fumes"],"picked":"Quick Slash","floor":1.0},{"not_picked":["Deep Breath","Jack Of All Trades"],"picked":"The Bomb","floor":2.0},{"not_picked":["Sucker Punch","Deflect"],"picked":"Dash","floor":5},{"not_picked":["Footwork","Dagger Throw"],"picked":"Distraction","floor":10},{"not_picked":["Finisher","Eviscerate"],"picked":"Masterful Stab","floor":12},{"not_picked":["Crippling Poison","Leg Sweep"],"picked":"Sucker Punch","floor":14},{"not_picked":["Tools of the Trade","Die Die Die"],"picked":"Adrenaline","floor":16},{"not_picked":["Slice","Tactician"],"picked":"Underhanded Strike+1","floor":18},{"not_picked":["Caltrops","Blade Dance+1"],"picked":"Dagger Throw+1","floor":22},{"not_picked":["Dagger Throw","Sucker Punch"],"picked":"Leg Sweep+1","floor":24},{"not_picked":["Acrobatics+1","Footwork"],"picked":"Heel Hook","floor":25},{"not_picked":["Venomology","Dagger Spray"],"picked":"Eviscerate+1","floor":29},{"not_picked":["Dagger Throw+1","Dodge and Roll"],"picked":"Phantasmal Killer","floor":30},{"not_picked":["Flechettes","Sucker Punch"],"picked":"Outmaneuver","floor":31},{"not_picked":["Night Terror","Tools of the Trade"],"picked":"Unload","floor":33},{"not_picked":["Underhanded Strike+1","Prepared"],"picked":"Predator+1","floor":35},{"not_picked":["Acrobatics+1","Distraction+1"],"picked":"Poisoned Stab","floor":36}],"player_experience":7668,"relics_obtained":[{"floor":7,"key":"Lantern"},{"floor":9,"key":"Pear"},{"floor":25,"key":"Gambling Chip"},{"floor":26,"key":"Meat on the Bone"},{"floor":30,"key":"Bag of Marbles"}],"event_choices":[{"damage_healed":0.0,"max_hp_gain":0.0,"max_hp_loss":0.0,"gold_gain":1.0,"event_name":"betterStone:BetterStone","player_choice":"1","floor":2.0,"gold_loss":0.0,"damage_taken":0.0},{"damage_healed":0,"gold_gain":0,"player_choice":"RENOUNCE","damage_taken":13,"max_hp_gain":0,"max_hp_loss":0,"event_name":"betterThird:BetterSerpent","floor":4,"gold_loss":13,"cards_obtained":["Enlightenment"]},{"damage_healed":0,"gold_gain":0,"player_choice":"Dagger","damage_taken":6,"max_hp_gain":0,"max_hp_loss":0,"event_name":"betterThird:BetterNest","floor":19,"gold_loss":0,"cards_obtained":["RitualDagger"]},{"damage_healed":0,"gold_gain":0,"player_choice":"Obtained Relic","damage_taken":0,"relics_obtained":["MawBank"],"max_hp_gain":0,"max_hp_loss":0,"event_name":"Addict","floor":20,"gold_loss":85},{"damage_healed":0,"gold_gain":0,"player_choice":"Ignored","damage_taken":0,"max_hp_gain":0,"max_hp_loss":0,"event_name":"Tomb of Lord Red Mask","floor":37,"gold_loss":0},{"damage_healed":0,"gold_gain":0,"player_choice":"Fight","damage_taken":0,"max_hp_gain":0,"max_hp_loss":0,"event_name":"Mysterious Sphere","floor":38,"gold_loss":0}],"is_beta":false,"boss_relics":[{"not_picked":["Ectoplasm","Busted Crown"],"picked":"Velvet Choker"},{"not_picked":["Fusion Hammer","Philosopher\u0027s Stone"],"picked":"HoveringKite"}],"items_purged_floors":[],"is_endless":false,"potions_floor_spawned":[5,12,14,22,24,25,30,31,35,36],"killed_by":"2 Orb Walkers","ascension_level":0}}