{"host":"8cdeciwtzdvf5vyj","time":1608324676,"event":{"mods":["BaseMod","Colored Map","Minty Spire (QoL Compilation)"],"gold_per_floor":[109,125,137,157,107,107,140,140,140,140,140],"floor_reached":10,"playtime":447,"items_purged":[],"score":95,"play_id":"15171670-7260-40a4-8768-f8850b4ecfb4","local_time":"20201218125116","is_ascension_mode":true,"campfire_choices":[{"data":"Armaments","floor":6.0,"key":"SMITH"},{"floor":8.0,"key":"REST"}],"circlet_count":0,"master_deck":["Strike_R","Strike_R","Strike_R","Strike_R","Strike_R","Defend_R","Defend_R","Defend_R","Bash","Clothesline","Armaments+1","Warcry","Iron Wave","Whirlwind"],"relics":["Burning Blood","Boot","Shuriken","FossilizedHelix"],"acts_visited":["Exordium"],"potions_floor_usage":[],"damage_taken":[{"damage":2.0,"enemies":"2 Louse","floor":1.0,"turns":4.0},{"damage":4.0,"enemies":"Jaw Worm","floor":2.0,"turns":3.0},{"damage":5.0,"enemies":"Cultist","floor":3.0,"turns":4.0},{"damage":23.0,"enemies":"Exordium Thugs","floor":4.0,"turns":5.0},{"damage":50.0,"enemies":"Lagavulin","floor":7.0,"turns":7.0},{"damage":45,"enemies":"3 Sentries","floor":10,"turns":6}],"seed_played":"3484481350982211631","potions_obtained":[{"floor":3.0,"key":"Explosive Potion"}],"is_trial":false,"path_per_floor":["M","M","M","M","?","R","E","R","T","E"],"character_chosen":"IRONCLAD","items_purchased":[],"campfire_rested":1,"item_purchase_floors":[],"current_hp_per_floor":[76,78,79,62,62,62,18,42,42,0,0],"gold":140,"neow_bonus":"RANDOM_COMMON_RELIC","is_daily":false,"chose_seed":false,"campfire_upgraded":1,"win_rate":0.0,"timestamp":1608324676,"path_taken":["M","M","M","M","?","R","E","R","T","E"],"items_purchased_type":[],"build_version":"2020-12-13","purchased_purges":0,"victory":false,"max_hp_per_floor":[80,80,80,80,80,80,80,80,80,80,80],"card_choices":[{"not_picked":["Twin Strike","Carnage"],"picked":"Clothesline","floor":1.0},{"not_picked":["Entrench","Clothesline"],"picked":"Armaments","floor":2.0},{"not_picked":["Clothesline","Combust"],"picked":"Warcry","floor":3.0},{"not_picked":["Pummel","Warcry"],"picked":"Iron Wave","floor":4.0},{"not_picked":["Dropkick","Burning Pact"],"picked":"Whirlwind","floor":7.0}],"player_experience":216003,"relics_obtained":[{"floor":7.0,"key":"Shuriken"},{"floor":9.0,"key":"FossilizedHelix"}],"event_choices":[{"cards_removed":["Defend_R"],"damage_healed":0.0,"max_hp_gain":0.0,"max_hp_loss":0.0,"gold_gain":0.0,"event_name":"The Cleric","player_choice":"Card Removal","floor":5.0,"gold_loss":50.0,"damage_taken":0.0}],"is_beta":false,"boss_relics":[],"items_purged_floors":[],"is_endless":false,"potions_floor_spawned":[3],"killed_by":"3 Sentries","ascension_level":8}}