{"host":"uuef13iiy6j2c50k","time":1608324598,"event":{"mods":["BaseMod","Minty Spire (QoL Compilation)","Quick Restart","Relic Stats","Slay-I","StSLib","SuperFastMode"],"gold_per_floor":[111,111,32,32,46,73,89,89,89,99,99,116,116,133,133,233,233,243,243,343,119,131,158,158,177,177,32,59,59,158,168,168,265,265,284,284,284,284,302,302,322,356,379,396,446,480,480,499,499,499,499,499,31,58,58,58],"floor_reached":55,"playtime":2017,"items_purged":["Strike_B","Meteor Strike+1"],"score":851,"play_id":"7a40b57e-4981-4748-97d8-4c2ef9dc3743","local_time":"20201218104958","is_ascension_mode":true,"campfire_choices":[{"data":"Barrage","floor":8,"key":"SMITH"},{"data":"Defragment","floor":11,"key":"SMITH"},{"data":"Static Discharge","floor":13,"key":"SMITH"},{"data":"Self Repair","floor":15,"key":"SMITH"},{"data":"Thunder Strike","floor":24,"key":"SMITH"},{"data":"Hologram","floor":29,"key":"SMITH"},{"floor":32,"key":"REST"},{"data":"Electrodynamics","floor":40,"key":"SMITH"},{"floor":49,"key":"RECALL"},{"data":"Defragment","floor":52,"key":"SMITH"}],"circlet_count":0,"master_deck":["Defend_B","Defend_B","Defend_B+1","Defend_B","Zap","Dualcast+1","Glacier","Self Repair+1","Barrage+1","Self Repair+1","Defragment+1","Static Discharge+1","Amplify","Thunder Strike+1","Ball Lightning+1","Ball Lightning+1","Conserve Battery+1","Consume+1","Hologram+1","Glacier","Electrodynamics+1","Aggregate+1","Melter+1","Defragment+1","Self Repair","Zap","Barrage+1","BootSequence+1","Barrage+1","Coolheaded+1"],"relics":["Cracked Core","NeowsBlessing","HornCleat","InkBottle","Inserter","Orrery","Juzu Bracelet","Meat on the Bone","Runic Capacitor","Potion Belt","Astrolabe","Oddly Smooth Stone","Unceasing Top","Blood Vial","Sundial","Lantern"],"acts_visited":["Exordium","TheCity","TheBeyond","TheEnding"],"potions_floor_usage":[10,16,23,28,44,44,44,46,48,55,55],"damage_taken":[{"damage":0,"enemies":"2 Louse","floor":1,"turns":1},{"damage":0,"enemies":"Cultist","floor":5,"turns":1},{"damage":0,"enemies":"Gremlin Nob","floor":6,"turns":1},{"damage":4,"enemies":"Small Slimes","floor":7,"turns":4},{"damage":7,"enemies":"3 Louse","floor":10,"turns":3},{"damage":23,"enemies":"Exordium Thugs","floor":12,"turns":5},{"damage":15,"enemies":"Gremlin Gang","floor":14,"turns":3},{"damage":15,"enemies":"The Guardian","floor":16,"turns":11},{"damage":1,"enemies":"3 Byrds","floor":18,"turns":6},{"damage":3,"enemies":"Chosen","floor":22,"turns":5},{"damage":25,"enemies":"Slavers","floor":23,"turns":5},{"damage":37,"enemies":"Centurion and Healer","floor":25,"turns":5},{"damage":30,"enemies":"Gremlin Leader","floor":28,"turns":4},{"damage":7,"enemies":"Cultist and Chosen","floor":31,"turns":4},{"damage":23,"enemies":"Collector","floor":33,"turns":10},{"damage":12,"enemies":"3 Shapes","floor":35,"turns":5},{"damage":22,"enemies":"3 Darklings","floor":39,"turns":6},{"damage":61,"enemies":"Jaw Worm Horde","floor":41,"turns":5},{"damage":59,"enemies":"Giant Head","floor":42,"turns":7},{"damage":12,"enemies":"Transient","floor":44,"turns":5},{"damage":0,"enemies":"Mind Bloom Boss Battle","floor":45,"turns":5},{"damage":20,"enemies":"Nemesis","floor":46,"turns":5},{"damage":9,"enemies":"4 Shapes","floor":48,"turns":5},{"damage":40,"enemies":"Time Eater","floor":50,"turns":9},{"damage":56,"enemies":"Shield and Spear","floor":54,"turns":5},{"damage":75,"enemies":"The Heart","floor":55,"turns":3}],"seed_played":"-3244196289260605902","potions_obtained":[{"floor":1,"key":"SpeedPotion"},{"floor":7,"key":"Fire Potion"},{"floor":14,"key":"ColorlessPotion"},{"floor":16,"key":"CultistPotion"},{"floor":18,"key":"Weak Potion"},{"floor":28,"key":"SneckoOil"},{"floor":39,"key":"EssenceOfSteel"},{"floor":41,"key":"SneckoOil"},{"floor":45,"key":"ColorlessPotion"},{"floor":46,"key":"GamblersBrew"}],"is_trial":false,"path_per_floor":["M","?","$","?","M","E","M","R","T","M","R","M","R","M","R","B",null,"M","?","?","$","M","E","R","M","T","$","E","R","?","M","R","B",null,"M","?","?","?","M","R","M","E","T","M","?","E","?","M","R","B",null,"R","$","E","B"],"character_chosen":"DEFECT","items_purchased":["Self Repair","Orrery","Runic Capacitor","SkillPotion","Ancient Potion","Sundial"],"campfire_rested":1,"item_purchase_floors":[3,21,27,53,53,53],"current_hp_per_floor":[75,60,60,60,60,60,66,66,66,75,75,69,69,64,64,69,75,75,61,61,61,78,73,73,56,56,56,58,58,58,61,80,77,80,78,78,78,78,80,80,68,48,48,80,80,77,77,80,80,79,80,80,80,53,0,0],"gold":58,"neow_bonus":"THREE_ENEMY_KILL","is_daily":false,"chose_seed":false,"campfire_upgraded":8,"win_rate":0.0,"timestamp":1608324598,"path_taken":["M","?","$","?","M","E","?","R","T","M","R","M","R","M","R","BOSS","M","?","?","$","M","E","R","M","T","$","E","R","?","M","R","BOSS","M","?","?","?","M","R","M","E","T","M","?","E","?","M","R","BOSS","R","$","E","BOSS"],"items_purchased_type":["Card","Relic","Relic","Potion","Potion","Relic"],"build_version":"2020-12-13","purchased_purges":2,"victory":false,"max_hp_per_floor":[75,75,75,75,75,75,75,75,75,75,75,75,75,75,75,75,75,75,80,80,80,80,80,80,80,80,80,80,80,80,80,80,80,80,80,80,80,80,80,80,80,80,80,80,80,80,80,80,80,80,80,80,80,80,80,80],"relic_stats":{"Blood Vial":4,"Inserter":[49],"counters":[26,128],"Sundial":[0],"Astrolabe":["Aggregate","Meteor Strike","Melter"],"Juzu Bracelet":2,"obtain_stats":[{"Potion Belt":28,"Lantern":54,"Inserter":17,"NeowsBlessing":0,"Astrolabe":34,"Oddly Smooth Stone":42,"Juzu Bracelet":23,"Runic Capacitor":27,"Blood Vial":46,"HornCleat":6,"Sundial":53,"Orrery":21,"Cracked Core":0,"InkBottle":9,"Unceasing Top":45,"Meat on the Bone":26},{"Potion Belt":13,"Lantern":25,"Inserter":8,"NeowsBlessing":0,"Astrolabe":15,"Oddly Smooth Stone":19,"Juzu Bracelet":11,"Runic Capacitor":12,"Blood Vial":22,"HornCleat":3,"Sundial":24,"Orrery":9,"Cracked Core":0,"InkBottle":4,"Unceasing Top":21,"Meat on the Bone":12},{"Potion Belt":54,"Lantern":125,"Inserter":29,"NeowsBlessing":0,"Astrolabe":68,"Oddly Smooth Stone":91,"Juzu Bracelet":45,"Runic Capacitor":50,"Blood Vial":106,"HornCleat":3,"Sundial":120,"Orrery":35,"Cracked Core":0,"InkBottle":7,"Unceasing Top":101,"Meat on the Bone":50}],"InkBottle":[35],"Unceasing Top":[8],"Meat on the Bone":72},"card_choices":[{"not_picked":["FTL","Sweeping Beam"],"picked":"Glacier","floor":1},{"not_picked":["Beam Cell","Genetic Algorithm","Redo"],"picked":"SKIP","floor":5},{"not_picked":["Skim","Fission"],"picked":"Barrage","floor":6},{"not_picked":["Hologram","Glacier"],"picked":"Self Repair","floor":7},{"not_picked":["Stack","Compile Driver"],"picked":"Defragment","floor":10},{"not_picked":["Cold Snap","Barrage"],"picked":"Static Discharge","floor":12},{"not_picked":["Stack","Streamline","Chill"],"picked":"SKIP","floor":14},{"not_picked":["Multi-Cast","Hyperbeam"],"picked":"Amplify","floor":16},{"not_picked":["Scrape","Redo","Hello World+1"],"picked":"SKIP","floor":18},{"not_picked":["Beam Cell","BootSequence"],"picked":"Thunder Strike","floor":21},{"not_picked":["Steam","Redo"],"picked":"Ball Lightning+1","floor":21},{"not_picked":["Streamline","Gash"],"picked":"Ball Lightning+1","floor":21},{"not_picked":["Beam Cell","Rebound"],"picked":"Conserve Battery+1","floor":22},{"not_picked":["Ball Lightning","FTL"],"picked":"Consume+1","floor":23},{"not_picked":["Gash","Sweeping Beam+1"],"picked":"Hologram","floor":25},{"not_picked":["Darkness","Gash+1"],"picked":"Leap","floor":28},{"not_picked":["Steam+1","Leap"],"picked":"Glacier","floor":31},{"not_picked":["Machine Learning","All For One"],"picked":"Electrodynamics","floor":33},{"not_picked":["Beam Cell+1","Barrage+1"],"picked":"Defragment","floor":35},{"not_picked":["Rebound+1","Beam Cell","Rip and Tear+1"],"picked":"SKIP","floor":39},{"not_picked":["Self Repair+1","Conserve Battery"],"picked":"Barrage+1","floor":41},{"not_picked":["Sweeping Beam+1","Hologram"],"picked":"BootSequence+1","floor":42},{"not_picked":["Hologram","Hello World+1"],"picked":"Barrage+1","floor":44},{"not_picked":["Consume","Rebound"],"picked":"Coolheaded+1","floor":45},{"not_picked":["Ball Lightning","Rip and Tear+1","Barrage"],"picked":"SKIP","floor":46},{"not_picked":["Hologram+1","Streamline","Ball Lightning+1"],"picked":"SKIP","floor":48},{"not_picked":["Fusion","Core Surge","Melter"],"picked":"SKIP","floor":54}],"player_experience":27489,"relics_obtained":[{"floor":6,"key":"HornCleat"},{"floor":9,"key":"InkBottle"},{"floor":23,"key":"Juzu Bracelet"},{"floor":26,"key":"Meat on the Bone"},{"floor":28,"key":"Potion Belt"},{"floor":42,"key":"Oddly Smooth Stone"},{"floor":45,"key":"Unceasing Top"},{"floor":46,"key":"Blood Vial"},{"floor":54,"key":"Lantern"}],"event_choices":[{"damage_healed":0,"gold_gain":0,"player_choice":"Entered Light","damage_taken":15,"max_hp_gain":0,"max_hp_loss":0,"event_name":"Shining Light","floor":2,"gold_loss":0,"cards_upgraded":["Defend_B","Dualcast"]},{"damage_healed":0,"gold_gain":0,"player_choice":"Forge","damage_taken":0,"max_hp_gain":0,"max_hp_loss":0,"event_name":"Accursed Blacksmith","floor":4,"gold_loss":0,"cards_upgraded":["Self Repair"]},{"damage_healed":0,"gold_gain":0,"player_choice":"Shed Blood","damage_taken":19,"max_hp_gain":5,"max_hp_loss":0,"event_name":"Forgotten Altar","floor":19,"gold_loss":0},{"damage_healed":0,"gold_gain":100,"player_choice":"Pray","damage_taken":0,"max_hp_gain":0,"max_hp_loss":0,"event_name":"Golden Shrine","floor":20,"gold_loss":0},{"damage_healed":0,"gold_gain":99,"player_choice":"Stole From Cult","damage_taken":0,"max_hp_gain":0,"max_hp_loss":0,"event_name":"Nest","floor":30,"gold_loss":0},{"damage_healed":0,"gold_gain":0,"player_choice":"2 cards matched","damage_taken":0,"max_hp_gain":0,"max_hp_loss":0,"event_name":"Match and Keep!","floor":36,"gold_loss":0,"cards_obtained":["Self Repair","Zap"]},{"damage_healed":0,"gold_gain":0,"player_choice":"Memory 1","damage_taken":0,"max_hp_gain":0,"max_hp_loss":0,"event_name":"SensoryStone","floor":37,"gold_loss":0},{"cards_removed":["Leap"],"damage_healed":0,"gold_gain":0,"player_choice":"Removed Skill","damage_taken":0,"max_hp_gain":0,"max_hp_loss":0,"event_name":"Falling","floor":38,"gold_loss":0},{"damage_healed":0,"gold_gain":0,"player_choice":"Fight","damage_taken":0,"max_hp_gain":0,"max_hp_loss":0,"event_name":"MindBloom","floor":45,"gold_loss":0},{"damage_healed":0,"gold_gain":0,"player_choice":"Ignored","damage_taken":0,"max_hp_gain":0,"max_hp_loss":0,"event_name":"Tomb of Lord Red Mask","floor":47,"gold_loss":0}],"is_beta":false,"boss_relics":[{"not_picked":["Busted Crown","Runic Pyramid"],"picked":"Inserter"},{"not_picked":["Calling Bell","Runic Dome"],"picked":"Astrolabe"}],"items_purged_floors":[21,53],"is_endless":false,"potions_floor_spawned":[1,7,14,16,18,28,39,41,45,46],"killed_by":"The Heart","ascension_level":3}}