{"host":"n3pcl7mteoua0i12","time":1608279356,"event":{"mods":["BaseMod","Minty Spire (QoL Compilation)","StSLib","The Servant 0.9.4"],"gold_per_floor":[112,112,132,132,3,3,33,33,60,70,90,110,185,218,218,218,218],"floor_reached":16,"playtime":791,"items_purged":["Strike_S"],"score":160,"play_id":"345bb92b-e18f-4ce7-a537-4321a3dca66c","local_time":"20201218001556","is_ascension_mode":false,"campfire_choices":[{"data":"Ricochet","floor":6,"key":"SMITH"},{"data":"Moondial","floor":15,"key":"SMITH"}],"circlet_count":0,"master_deck":["Strike_S","Strike_S","Defend_S+1","Defend_S","Defend_S","Defend_S+1","KidneyShot","Exchange","Moondial+1","Ricochet+1","ReturningBlade","Rewind","Hightail","InstantArmor","Moondial"],"relics":["Uniform","NeowsBlessing","Broom","Potion Belt","CaptainsWheel"],"acts_visited":["Exordium"],"potions_floor_usage":[3,16],"damage_taken":[{"damage":0,"enemies":"Small Slimes","floor":1,"turns":1},{"damage":0,"enemies":"2 Louse","floor":3,"turns":1},{"damage":0,"enemies":"Lagavulin","floor":7,"turns":1},{"damage":0,"enemies":"Jaw Worm","floor":10,"turns":4},{"damage":6,"enemies":"Exordium Thugs","floor":11,"turns":4},{"damage":2,"enemies":"Blue Slaver","floor":12,"turns":6},{"damage":0,"enemies":"3 Sentries","floor":14,"turns":5},{"damage":38,"enemies":"Slime Boss","floor":16,"turns":14}],"seed_played":"-7925831729834565145","potions_obtained":[{"floor":3,"key":"Fruit Juice"},{"floor":10,"key":"SpeedPotion"},{"floor":11,"key":"ColorlessPotion"}],"is_trial":false,"path_per_floor":["M","?","M","?","$","R","E","$","T","M","M","M","?","E","R","B"],"character_chosen":"THE_SERVANT","items_purchased":["Ricochet"],"campfire_rested":0,"item_purchase_floors":[5],"current_hp_per_floor":[65,65,70,56,56,56,56,56,56,56,50,48,37,37,37,0,0],"gold":218,"neow_bonus":"THREE_ENEMY_KILL","is_daily":false,"chose_seed":false,"campfire_upgraded":2,"win_rate":0.0,"timestamp":1608279356,"path_taken":["M","?","M","?","$","R","E","?","T","M","M","?","?","E","R","BOSS"],"items_purchased_type":["Card"],"build_version":"2020-12-13","purchased_purges":1,"victory":false,"max_hp_per_floor":[65,65,70,70,70,70,70,70,70,70,70,70,70,70,70,70,70],"card_choices":[{"not_picked":["Potential","BottledTime"],"picked":"Moondial","floor":1},{"not_picked":["StarChef","Replace","Manipulate"],"picked":"SKIP","floor":3},{"not_picked":["Replace","RealityMarble"],"picked":"ReturningBlade","floor":7},{"not_picked":["Ricochet","FastForward"],"picked":"Rewind","floor":10},{"not_picked":["Starlight","Gouge"],"picked":"Hightail","floor":11},{"not_picked":["DualDimension","RealityMarble"],"picked":"InstantArmor","floor":12},{"not_picked":["Starlight","Sabotage"],"picked":"Moondial","floor":14}],"player_experience":412718,"relics_obtained":[{"floor":7,"key":"Broom"},{"floor":9,"key":"Potion Belt"},{"floor":14,"key":"CaptainsWheel"}],"event_choices":[{"cards_removed":["Strike_S"],"damage_healed":0,"gold_gain":0,"player_choice":"Forget","damage_taken":0,"max_hp_gain":0,"max_hp_loss":0,"event_name":"Living Wall","floor":2,"gold_loss":0},{"damage_healed":0,"gold_gain":0,"player_choice":"Entered Light","damage_taken":14,"max_hp_gain":0,"max_hp_loss":0,"event_name":"Shining Light","floor":4,"gold_loss":0,"cards_upgraded":["Defend_S","Defend_S"]},{"damage_healed":0,"gold_gain":75,"player_choice":"Gather Gold","damage_taken":11,"max_hp_gain":0,"max_hp_loss":0,"event_name":"World of Goop","floor":13,"gold_loss":0}],"is_beta":false,"boss_relics":[],"items_purged_floors":[5],"is_endless":false,"potions_floor_spawned":[3,10,11],"killed_by":"Slime Boss","ascension_level":0}}