{"host":"eav5i5w47nlnv2l1","time":1608252790,"event":{"mods":["BaseMod","Minty Spire (QoL Compilation)"],"gold_per_floor":[111,111,12,28,43,69,88,99,177,193,206,206,225,243,243,339,339,308,325,46,65,79,79,114,129,181,280,280,280,205,215,215,310,310,329,340,351,128,128,139,189,95,95,108,108,126,136,152,152,152],"floor_reached":51,"playtime":3494,"items_purged":["Strike_P","Strike_P"],"score":656,"play_id":"2655b13e-bbae-47b6-9e44-5c4e017ecf4e","local_time":"20201217195310","is_ascension_mode":false,"campfire_choices":[{"floor":15.0,"key":"REST"},{"floor":23.0,"key":"REST"},{"floor":29.0,"key":"REST"},{"floor":32.0,"key":"REST"},{"floor":45.0,"key":"REST"},{"floor":49,"key":"REST"}],"circlet_count":0,"master_deck":["Defend_P","Defend_P","Defend_P","Defend_P","Eruption+1","Vigilance","ClearTheMind","EmptyBody","Evaluate","SashWhip+1","Crescendo","EmptyBody","FlurryOfBlows+1","Prostrate","Vault","Meditate","Alpha","Halt+1","SandsOfTime","Prostrate+1","Consecrate+1","Necronomicurse","Vault","InnerPeace","TalkToTheHand+1","ConjureBlade","LikeWater","MentalFortress"],"relics":["PureWater","Ice Cream","Girya","Bottled Lightning","Fusion Hammer","Membership Card","Mummified Hand","Bag of Marbles","Anchor","Necronomicon","VioletLotus","Molten Egg 2","Whetstone"],"acts_visited":["Exordium","TheCity","TheBeyond"],"potions_floor_usage":[47,50],"damage_taken":[{"damage":0.0,"enemies":"2 Louse","floor":1.0,"turns":2.0},{"damage":2.0,"enemies":"Small Slimes","floor":4.0,"turns":4.0},{"damage":0.0,"enemies":"Cultist","floor":5.0,"turns":4.0},{"damage":33.0,"enemies":"Gremlin Nob","floor":6.0,"turns":5.0},{"damage":0.0,"enemies":"Exordium Wildlife","floor":7.0,"turns":2.0},{"damage":0.0,"enemies":"Large Slime","floor":8.0,"turns":3.0},{"damage":0.0,"enemies":"3 Louse","floor":10.0,"turns":4.0},{"damage":0.0,"enemies":"Blue Slaver","floor":11.0,"turns":3.0},{"damage":5.0,"enemies":"Large Slime","floor":13.0,"turns":4.0},{"damage":16.0,"enemies":"Lots of Slimes","floor":14.0,"turns":6.0},{"damage":9.0,"enemies":"Hexaghost","floor":16.0,"turns":9.0},{"damage":24.0,"enemies":"2 Thieves","floor":18.0,"turns":5.0},{"damage":0.0,"enemies":"Spheric Guardian","floor":19.0,"turns":4.0},{"damage":6.0,"enemies":"3 Cultists","floor":21.0,"turns":4.0},{"damage":13.0,"enemies":"Snecko","floor":22.0,"turns":6.0},{"damage":17.0,"enemies":"Book of Stabbing","floor":24.0,"turns":7.0},{"damage":10.0,"enemies":"Centurion and Healer","floor":25.0,"turns":6.0},{"damage":0.0,"enemies":"Shelled Parasite and Fungi","floor":31.0,"turns":3.0},{"damage":6.0,"enemies":"Automaton","floor":33.0,"turns":7.0},{"damage":9.0,"enemies":"3 Shapes","floor":35.0,"turns":6.0},{"damage":0.0,"enemies":"Orb Walker","floor":36.0,"turns":2.0},{"damage":20.0,"enemies":"Spire Growth","floor":37.0,"turns":6.0},{"damage":2.0,"enemies":"Jaw Worm Horde","floor":40.0,"turns":5.0},{"damage":5.0,"enemies":"Mind Bloom Boss Battle","floor":41.0,"turns":9.0},{"damage":8.0,"enemies":"Writhing Mass","floor":44.0,"turns":7.0},{"damage":2.0,"enemies":"Maw","floor":46.0,"turns":8.0},{"damage":19,"enemies":"Transient","floor":47,"turns":7},{"damage":21,"enemies":"4 Shapes","floor":48,"turns":9},{"damage":17,"enemies":"Time Eater","floor":50,"turns":9}],"seed_played":"5050440158555994119","potions_obtained":[{"floor":6.0,"key":"Energy Potion"},{"floor":8.0,"key":"FearPotion"},{"floor":11.0,"key":"StancePotion"},{"floor":13.0,"key":"PowerPotion"},{"floor":19.0,"key":"Regen Potion"},{"floor":24.0,"key":"GamblersBrew"},{"floor":33.0,"key":"CultistPotion"},{"floor":36.0,"key":"Strength Potion"},{"floor":40.0,"key":"Regen Potion"},{"floor":44.0,"key":"Fire Potion"}],"is_trial":false,"path_per_floor":["M","?","$","M","M","E","M","M","T","M","M","?","M","M","R","B",null,"M","M","$","M","M","R","E","M","T","?","?","R","?","M","R","B",null,"M","M","M","$","?","M","?","$","T","M","R","M","M","M","R","B",null],"character_chosen":"WATCHER","items_purchased":["EmptyBody","Membership Card","Mummified Hand","Molten Egg 2","Ambrosia","ConjureBlade","LikeWater"],"campfire_rested":6,"item_purchase_floors":[3,20,20,38,38,42,42],"current_hp_per_floor":[72,65,65,63,63,30,30,30,30,30,30,30,25,9,30,21,72,48,48,48,54,41,62,45,35,35,35,19,40,40,40,61,55,72,63,63,43,43,43,41,51,51,51,43,64,62,43,22,43,26],"gold":152,"neow_bonus":"UPGRADE_CARD","is_daily":false,"chose_seed":false,"campfire_upgraded":0,"win_rate":0.0,"timestamp":1608252790,"path_taken":["M","?","$","M","M","E","M","M","T","M","M","?","M","M","R","BOSS","M","M","$","?","M","R","E","M","T","?","?","R","?","M","R","BOSS","M","M","M","$","?","M","?","$","T","M","R","M","M","M","R","BOSS"],"items_purchased_type":["Card","Relic","Relic","Relic","Potion","Card","Card"],"build_version":"2020-12-13","purchased_purges":2,"victory":true,"max_hp_per_floor":[72,72,72,72,72,72,72,72,72,72,72,72,72,72,72,72,72,72,72,72,72,72,72,72,72,72,72,72,72,72,72,72,72,72,72,72,72,72,72,72,72,72,72,72,72,72,72,72,72,72],"card_choices":[{"not_picked":["ThirdEye","WaveOfTheHand"],"picked":"ClearTheMind","floor":1.0},{"not_picked":["FlurryOfBlows","Crescendo"],"picked":"Evaluate","floor":4.0},{"not_picked":["Protect","EmptyMind"],"picked":"SashWhip","floor":5.0},{"not_picked":["Evaluate","Protect"],"picked":"Crescendo","floor":6.0},{"not_picked":["Blasphemy","FlyingSleeves","JustLucky"],"picked":"SKIP","floor":7.0},{"not_picked":["PathToVictory","BowlingBash"],"picked":"EmptyBody","floor":8.0},{"not_picked":["PathToVictory","ClearTheMind"],"picked":"FlurryOfBlows","floor":10.0},{"not_picked":["CutThroughFate","ClearTheMind"],"picked":"Prostrate","floor":11.0},{"not_picked":["Evaluate","Conclude"],"picked":"Meditate","floor":13.0},{"not_picked":["Vengeance","EmptyFist","JustLucky"],"picked":"SKIP","floor":14.0},{"not_picked":["ConjureBlade","Judgement"],"picked":"Alpha","floor":16.0},{"not_picked":["Sanctity+1","FollowUp"],"picked":"Halt+1","floor":18.0},{"not_picked":["EmptyMind+1","PathToVictory"],"picked":"SandsOfTime","floor":19.0},{"not_picked":["Wireheading","ClearTheMind"],"picked":"Prostrate+1","floor":21.0},{"not_picked":["TalkToTheHand","Prostrate+1","Crescendo"],"picked":"SKIP","floor":22.0},{"not_picked":["SashWhip","Nirvana","Crescendo"],"picked":"SKIP","floor":24.0},{"not_picked":["Adaptation","SignatureMove"],"picked":"Consecrate+1","floor":25.0},{"not_picked":["PathToVictory","JustLucky","Adaptation"],"picked":"SKIP","floor":31.0},{"not_picked":["DevaForm","Judgement"],"picked":"Vault","floor":33.0},{"not_picked":["JustLucky","ThirdEye+1"],"picked":"InnerPeace","floor":35.0},{"not_picked":["EmptyBody+1","FlyingSleeves+1","WheelKick"],"picked":"SKIP","floor":36.0},{"not_picked":["Adaptation","CutThroughFate"],"picked":"TalkToTheHand+1","floor":37.0},{"not_picked":["WaveOfTheHand","PathToVictory+1","Prostrate+1"],"picked":"SKIP","floor":40.0},{"not_picked":["EmptyBody+1","Indignation","Halt+1"],"picked":"SKIP","floor":44.0},{"not_picked":["JustLucky+1","ForeignInfluence+1","Fasting2"],"picked":"SKIP","floor":46},{"not_picked":["PathToVictory+1","BowlingBash+1","Nirvana+1"],"picked":"SKIP","floor":47},{"not_picked":["BowlingBash+1","CrushJoints+1"],"picked":"MentalFortress","floor":48}],"player_experience":1398496,"relics_obtained":[{"floor":6.0,"key":"Girya"},{"floor":9.0,"key":"Bottled Lightning"},{"floor":24.0,"key":"Bag of Marbles"},{"floor":26.0,"key":"Anchor"},{"floor":28.0,"key":"Necronomicon"},{"floor":43.0,"key":"Whetstone"}],"event_choices":[{"damage_healed":0.0,"max_hp_gain":0.0,"max_hp_loss":0.0,"gold_gain":0.0,"event_name":"Scrap Ooze","player_choice":"Success","floor":2.0,"gold_loss":0.0,"damage_taken":7.0,"relics_obtained":["Ice Cream"]},{"damage_healed":0.0,"max_hp_gain":0.0,"max_hp_loss":0.0,"gold_gain":0.0,"cards_transformed":["Strike_P"],"event_name":"Transmorgrifier","player_choice":"Transformed","floor":12.0,"gold_loss":0.0,"damage_taken":0.0,"cards_obtained":["Vault"]},{"damage_healed":0.0,"max_hp_gain":0.0,"max_hp_loss":0.0,"gold_gain":99.0,"event_name":"Nest","player_choice":"Stole From Cult","floor":27.0,"gold_loss":0.0,"damage_taken":0.0},{"damage_healed":0.0,"max_hp_gain":0.0,"max_hp_loss":0.0,"gold_gain":0.0,"event_name":"Cursed Tome","player_choice":"Obtained Book","floor":28.0,"gold_loss":0.0,"damage_taken":16.0},{"cards_removed":["Strike_P"],"damage_healed":0.0,"max_hp_gain":0.0,"max_hp_loss":0.0,"gold_gain":0.0,"event_name":"Beggar","player_choice":"Gave Gold","floor":30.0,"gold_loss":75.0,"damage_taken":0.0},{"damage_healed":0.0,"max_hp_gain":0.0,"max_hp_loss":0.0,"gold_gain":0.0,"event_name":"SensoryStone","player_choice":"Memory 1","floor":39.0,"gold_loss":0.0,"damage_taken":0.0},{"damage_healed":0.0,"max_hp_gain":0.0,"max_hp_loss":0.0,"gold_gain":0.0,"event_name":"MindBloom","player_choice":"Fight","floor":41.0,"gold_loss":0.0,"damage_taken":0.0}],"is_beta":false,"boss_relics":[{"not_picked":["Pandora\u0027s Box","Black Star"],"picked":"Fusion Hammer"},{"not_picked":["SlaversCollar","Busted Crown"],"picked":"VioletLotus"}],"items_purged_floors":[3,38],"is_endless":false,"potions_floor_spawned":[6,8,11,13,14,19,24,33,36,40,44],"ascension_level":0}}