{"host":"esx1hwjnbftf3eqj","time":1608335029,"event":{"mods":["BaseMod","Colored Map","Minty Spire (QoL Compilation)","StSLib","The Jungle"],"gold_per_floor":[109,119,44,44,58,90,105,105,177,206,225,236,236,294,294,294,294],"floor_reached":16,"playtime":949,"items_purged":["Strike_G"],"score":134,"play_id":"c7d204e4-53d5-45cf-944e-2907339e88d6","local_time":"20201218154349","is_ascension_mode":true,"campfire_choices":[{"data":"Neutralize","floor":8,"key":"SMITH"},{"data":"Night Terror","floor":13,"key":"SMITH"},{"data":"Footwork","floor":15,"key":"SMITH"}],"circlet_count":0,"master_deck":["Strike_G","Strike_G","Strike_G","Strike_G","Defend_G","Defend_G","Defend_G","Defend_G","Defend_G","Survivor","Neutralize+1","Dash","Poisoned Stab","Footwork+1","PiercingWail","Doppelganger","Night Terror+1","Cloak And Dagger","Blade Dance"],"relics":["Ring of the Snake","TungstenRod","HornCleat","Anchor"],"acts_visited":["Exordium"],"potions_floor_usage":[6,6,10,16],"damage_taken":[{"damage":3,"enemies":"Jaw Worm","floor":1,"turns":4},{"damage":0,"enemies":"2 Louse","floor":2,"turns":3},{"damage":0,"enemies":"Small Slimes","floor":5,"turns":4},{"damage":3,"enemies":"3 Sentries","floor":6,"turns":9},{"damage":7,"enemies":"Exordium Thugs","floor":7,"turns":6},{"damage":22,"enemies":"Lagavulin","floor":10,"turns":9},{"damage":0,"enemies":"Blue Slaver","floor":11,"turns":4},{"damage":5,"enemies":"Exordium Wildlife","floor":12,"turns":5},{"damage":39,"enemies":"Slime Boss","floor":16,"turns":10}],"seed_played":"3831479610957913551","potions_obtained":[{"floor":1,"key":"DistilledChaos"},{"floor":5,"key":"DistilledChaos"},{"floor":6,"key":"Energy Potion"},{"floor":7,"key":"Energy Potion"}],"is_trial":false,"path_per_floor":["M","M","$","?","M","E","M","R","T","E","M","M","R","?","R","B"],"character_chosen":"THE_SILENT","items_purchased":[],"campfire_rested":0,"item_purchase_floors":[],"current_hp_per_floor":[74,74,74,74,74,71,64,64,64,42,42,37,37,37,37,0,0],"gold":294,"neow_bonus":"TEN_PERCENT_HP_BONUS","is_daily":false,"chose_seed":false,"campfire_upgraded":3,"win_rate":0.0,"timestamp":1608335029,"path_taken":["M","M","$","?","M","E","M","R","T","E","M","M","R","?","R","BOSS"],"items_purchased_type":[],"build_version":"2020-12-13","purchased_purges":1,"victory":false,"max_hp_per_floor":[77,77,77,77,77,77,77,77,77,77,77,77,77,77,77,77,77],"card_choices":[{"not_picked":["Slice","Concentrate"],"picked":"Dash","floor":1},{"not_picked":["Underhanded Strike","Deadly Poison"],"picked":"Poisoned Stab","floor":2},{"not_picked":["Concentrate","Distraction"],"picked":"Footwork","floor":5},{"not_picked":["Setup","Dagger Spray"],"picked":"PiercingWail","floor":6},{"not_picked":["Quick Slash","Dagger Throw"],"picked":"Doppelganger","floor":7},{"not_picked":["Skewer","Riddle With Holes"],"picked":"Night Terror","floor":10},{"not_picked":["Dagger Throw","PiercingWail"],"picked":"Cloak And Dagger","floor":11},{"not_picked":["Outmaneuver","Deflect"],"picked":"Blade Dance","floor":12}],"player_experience":464858,"relics_obtained":[{"floor":6,"key":"TungstenRod"},{"floor":9,"key":"HornCleat"},{"floor":10,"key":"Anchor"}],"event_choices":[{"damage_healed":0,"gold_gain":0,"player_choice":"Leave","damage_taken":0,"max_hp_gain":0,"max_hp_loss":0,"event_name":"The Cleric","floor":4,"gold_loss":0},{"damage_healed":0,"gold_gain":58,"player_choice":"Gained Gold","damage_taken":0,"max_hp_gain":0,"max_hp_loss":0,"event_name":"Golden Wing","floor":14,"gold_loss":0}],"is_beta":false,"boss_relics":[],"items_purged_floors":[3],"is_endless":false,"potions_floor_spawned":[1,5,6,7],"killed_by":"Slime Boss","ascension_level":4}}