{"host":"ocy7z4248lncoz2b","time":1608258274,"event":{"mods":["BaseMod","Beaked The Cultist","Better Match","Better Sensory Stone","Better Third Choice","BetterRewards","Clockwork Mod","Colored Powertips","Conspire","Downfall","Friendly Minions","Highlight Path","Hubris","Infinite Spire","Marisa????????","Mimic Mod","Minty Spire (QoL Compilation)","READ ME - Guardian Mod","Replay The Spire","Shop Mod","Spicy Shops","Spikes Relics","StSLib","SuperFastMode","The Blue Laboratory","The Construct","The Jungle"],"gold_per_floor":[99,127,127,140,158,158,158,158,158],"floor_reached":8,"playtime":284,"items_purged":[],"score":54,"play_id":"d924a2bc-3c63-4bcc-a5de-4e57fe5008ab","local_time":"20201218112434","is_ascension_mode":false,"campfire_choices":[{"data":"champ:HeavySlash","floor":1,"key":"SMITH"},{"data":"champ:Taunt","floor":3,"key":"SMITH"}],"circlet_count":0,"master_deck":["champ:Strike","champ:Strike","champ:Strike","champ:Strike","champ:Defend","champ:Defend","champ:Defend","champ:Defend","champ:Execute","champ:Taunt+1","champ:HeavySlash+1","champ:Balance","champ:DefensiveStyle","Infinite Blades"],"relics":["champ:ChampionCrown","Ginger","Blue Doll","ShockBauble"],"acts_visited":["Exordium"],"potions_floor_usage":[],"damage_taken":[{"damage":46,"enemies":"3 Sentries","floor":2,"turns":10},{"damage":1,"enemies":"Jaw Worm","floor":4,"turns":4},{"damage":0,"enemies":"Cultist","floor":5,"turns":4},{"damage":34,"enemies":"Lagavulin","floor":8,"turns":7}],"seed_played":"-7395830050224752151","potions_obtained":[],"is_trial":false,"path_per_floor":["R","E","R","M","M","?","T","E"],"character_chosen":"THE_CHAMP","items_purchased":[],"campfire_rested":0,"item_purchase_floors":[],"current_hp_per_floor":[90,59,59,58,58,31,31,0,0],"gold":158,"neow_bonus":"ONE_RANDOM_RARE_CARD","is_daily":false,"chose_seed":false,"campfire_upgraded":2,"win_rate":0.0,"timestamp":1608258274,"path_taken":["R","E","R","M","M","?","T","E"],"items_purchased_type":[],"build_version":"2020-12-13","purchased_purges":0,"victory":false,"max_hp_per_floor":[90,90,90,90,90,90,90,90,90],"card_choices":[{"not_picked":["champ:GladiatorsShout","champ:ViciousMockery"],"picked":"champ:Balance","floor":2},{"not_picked":["champ:CrookedStrike","champ:StanceDance"],"picked":"champ:DefensiveStyle","floor":4},{"not_picked":["champ:AdrenalArmor","champ:GladiatorsShout","champ:Duel"],"picked":"SKIP","floor":5}],"player_experience":242013,"relics_obtained":[{"floor":2,"key":"Ginger"},{"floor":7,"key":"ShockBauble"}],"event_choices":[],"is_beta":false,"boss_relics":[],"items_purged_floors":[],"is_endless":false,"potions_floor_spawned":[],"killed_by":"Lagavulin","ascension_level":0}}