{"host":"2461dio7vetlq1z3","time":1608265907,"event":{"mods":["2.2 Compatiblity","AchievementEnabler","BaseMod","Better Third Choice","Hermit","Minty Spire (QoL Compilation)","Relic Stats","Spicy Shops","StSLib","The Animator","Waifu the Spire"],"gold_per_floor":[167,178,190,210,22,47,58,92,92,125,137,137,147,147,147,243,243,259,275,295,309,309,334,352,385,411,411,430,430,460,476,476,571,571,583,633,644,744,794,823,823,858,858,892,698,698,727,737,737,737,737,737,104,138,138],"floor_reached":56,"playtime":2602,"items_purged":["Strike_P","Strike_P"],"score":2213,"play_id":"616b5c73-1188-43bc-b86a-4472b150167a","local_time":"20201218053147","is_ascension_mode":true,"campfire_choices":[{"data":"Devotion","floor":12,"key":"SMITH"},{"data":"Tantrum","floor":15,"key":"SMITH"},{"data":"Fasting2","floor":27,"key":"SMITH"},{"data":"FlurryOfBlows","floor":29,"key":"SMITH"},{"data":"Devotion","floor":32,"key":"SMITH"},{"floor":41,"key":"REST"},{"floor":46,"key":"RECALL"},{"data":"Vault","floor":49,"key":"SMITH"},{"data":"Pray","floor":52,"key":"SMITH"}],"circlet_count":0,"master_deck":["AscendersBane","Strike_P","Strike_P","Defend_P","Defend_P+1","Defend_P","Defend_P","Eruption+1","Vigilance","Halt","Conclude","Prostrate","Devotion+1","Protect","EmptyBody","FlyingSleeves","BowlingBash","Tantrum+1","Adaptation","FlyingSleeves","Devotion+1","CutThroughFate","FlurryOfBlows+1","Fasting2+1","DeusExMachina","EmptyMind+1","JustLucky","Pray+1","Wallop+1","Scrawl+1","Sanctity+1","Wallop+1","Vault+1","WheelKick"],"relics":["Tiny House","Sling","HornCleat","Meat on the Bone","PreservedInsect","Smiling Mask","Black Star","Sundial","InkBottle","Damaru","Juzu Bracelet","Orichalcum","Bag of Preparation","Oddly Smooth Stone","Potion Belt","Philosopher\u0027s Stone","Ice Cream","WingedGreaves","Lantern","Art of War","War Paint","GoldenEye","Pocketwatch","Eternal Feather","DollysMirror","Pantograph","Toy Ornithopter","Membership Card","Calipers","Centennial Puzzle","Pen Nib","HandDrill","Vajra","Boot"],"acts_visited":["Exordium","TheCity","TheBeyond","TheEnding"],"potions_floor_usage":[6,16,25,35,39,50,54,55,55,55,55,55,55],"damage_taken":[{"damage":1,"enemies":"Cultist","floor":1,"turns":6},{"damage":0,"enemies":"Jaw Worm","floor":2,"turns":1},{"damage":0,"enemies":"Small Slimes","floor":3,"turns":2},{"damage":13,"enemies":"2 Fungi Beasts","floor":4,"turns":3},{"damage":1,"enemies":"3 Sentries","floor":6,"turns":8},{"damage":0,"enemies":"Looter","floor":7,"turns":2},{"damage":2,"enemies":"Gremlin Nob","floor":8,"turns":3},{"damage":0,"enemies":"Lagavulin","floor":10,"turns":2},{"damage":14,"enemies":"3 Louse","floor":11,"turns":2},{"damage":14,"enemies":"Exordium Thugs","floor":13,"turns":5},{"damage":25,"enemies":"The Guardian","floor":16,"turns":8},{"damage":13,"enemies":"Shell Parasite","floor":18,"turns":4},{"damage":0,"enemies":"3 Byrds","floor":19,"turns":3},{"damage":10,"enemies":"Snecko","floor":20,"turns":4},{"damage":13,"enemies":"Shelled Parasite and Fungi","floor":21,"turns":4},{"damage":34,"enemies":"Book of Stabbing","floor":23,"turns":5},{"damage":11,"enemies":"Cultist and Chosen","floor":24,"turns":5},{"damage":1,"enemies":"Gremlin Leader","floor":25,"turns":5},{"damage":7,"enemies":"Snake Plant","floor":28,"turns":4},{"damage":13,"enemies":"Book of Stabbing","floor":30,"turns":4},{"damage":0,"enemies":"3 Cultists","floor":31,"turns":3},{"damage":2,"enemies":"Automaton","floor":33,"turns":6},{"damage":42,"enemies":"3 Darklings","floor":35,"turns":4},{"damage":0,"enemies":"Mind Bloom Boss Battle","floor":36,"turns":6},{"damage":4,"enemies":"3 Shapes","floor":37,"turns":4},{"damage":14,"enemies":"2 Orb Walkers","floor":39,"turns":3},{"damage":1,"enemies":"Reptomancer","floor":40,"turns":3},{"damage":10,"enemies":"Nemesis","floor":42,"turns":3},{"damage":0,"enemies":"Giant Head","floor":44,"turns":4},{"damage":0,"enemies":"Nemesis","floor":47,"turns":3},{"damage":0,"enemies":"Maw","floor":48,"turns":5},{"damage":6,"enemies":"Donu and Deca","floor":50,"turns":6},{"damage":0,"enemies":"Shield and Spear","floor":54,"turns":3},{"damage":1,"enemies":"The Heart","floor":55,"turns":7}],"seed_played":"-731226253215232449","potions_obtained":[{"floor":0,"key":"Ambrosia"},{"floor":4,"key":"EssenceOfSteel"},{"floor":8,"key":"ColorlessPotion"},{"floor":11,"key":"FearPotion"},{"floor":19,"key":"Ancient Potion"},{"floor":28,"key":"BlessingOfTheForge"},{"floor":31,"key":"PowerPotion"},{"floor":35,"key":"Weak Potion"},{"floor":37,"key":"Swift Potion"},{"floor":40,"key":"Ancient Potion"},{"floor":47,"key":"Strength Potion"},{"floor":54,"key":"EntropicBrew"}],"is_trial":false,"path_per_floor":["M","M","M","M","$","E","M","E","T","E","M","R","M","?","R","B",null,"M","M","M","M","T","E","M","E","T","R","M","R","E","M","R","B",null,"M","?","M","?","?","E","R","E","T","E","$","R","E","M","R","B",null,"R","$","E","B",null],"character_chosen":"WATCHER","items_purchased":["EmptyBody","Sling","DollysMirror","Membership Card","Calipers","Centennial Puzzle","PowerPotion","Pen Nib","HandDrill"],"campfire_rested":1,"item_purchase_floors":[5,5,45,53,53,53,53,53,53],"current_hp_per_floor":[69,69,69,56,56,55,55,53,53,53,39,39,37,37,37,24,64,51,51,41,40,40,18,19,30,30,30,35,35,34,46,46,44,69,39,39,47,47,45,44,67,57,57,57,57,75,75,75,77,76,77,77,77,77,76],"gold":138,"neow_bonus":"BOSS_RELIC","is_daily":false,"chose_seed":false,"campfire_upgraded":7,"win_rate":0.0,"timestamp":1608265907,"path_taken":["M","M","M","M","$","E","M","E","T","E","M","R","M","?","R","BOSS","M","M","?","?","?","E","M","E","T","R","M","R","E","M","R","BOSS","M","?","M","?","?","E","R","E","T","E","$","R","E","M","R","BOSS","R","$","E","BOSS"],"items_purchased_type":["Card","Relic","Relic","Relic","Relic","Relic","Potion","Relic","Relic"],"build_version":"2020-12-13","purchased_purges":2,"victory":true,"max_hp_per_floor":[77,77,77,77,77,77,77,77,77,77,77,77,77,77,77,77,77,77,77,77,77,77,77,77,77,77,77,77,77,77,77,77,77,77,77,77,77,77,77,77,77,77,77,77,77,77,77,77,77,77,77,77,77,77,77],"relic_stats":{"counters":[34,140],"Eternal Feather":20,"PreservedInsect":535,"Pen Nib":[2],"Juzu Bracelet":2,"Bag of Preparation":[32],"Orichalcum":[24],"War Paint":["Defend_P","Scrawl"],"Smiling Mask":25,"GoldenEye":[21],"Boot":[0],"Centennial Puzzle":[4],"Sundial":[4],"Pantograph":0,"Black Star":8,"Art of War":[5],"HandDrill":[4],"obtain_stats":[{"Ice Cream":36,"Lantern":40,"Tiny House":0,"Calipers":53,"Vajra":54,"Juzu Bracelet":25,"Bag of Preparation":26,"Sling":5,"Smiling Mask":10,"Boot":54,"Centennial Puzzle":53,"HornCleat":6,"Sundial":22,"DollysMirror":45,"Pantograph":47,"Philosopher\u0027s Stone":34,"WingedGreaves":39,"HandDrill":53,"InkBottle":23,"Potion Belt":30,"Damaru":23,"Oddly Smooth Stone":30,"Eternal Feather":44,"PreservedInsect":9,"Pen Nib":53,"Orichalcum":25,"War Paint":42,"GoldenEye":42,"Black Star":17,"Art of War":40,"Membership Card":53,"PureWater":0,"Toy Ornithopter":47,"Meat on the Bone":8,"Pocketwatch":44},{"Ice Cream":24,"Lantern":27,"Tiny House":0,"Calipers":32,"Vajra":33,"Juzu Bracelet":18,"Bag of Preparation":18,"Sling":4,"Smiling Mask":8,"Boot":33,"Centennial Puzzle":32,"HornCleat":5,"Sundial":15,"DollysMirror":29,"Pantograph":30,"Philosopher\u0027s Stone":22,"WingedGreaves":26,"HandDrill":32,"InkBottle":16,"Potion Belt":20,"Damaru":16,"Oddly Smooth Stone":20,"Eternal Feather":29,"PreservedInsect":7,"Pen Nib":32,"Orichalcum":18,"War Paint":28,"GoldenEye":28,"Black Star":11,"Art of War":27,"Membership Card":32,"PureWater":0,"Toy Ornithopter":30,"Meat on the Bone":7,"Pocketwatch":29},{"Ice Cream":99,"Lantern":109,"Tiny House":0,"Calipers":130,"Vajra":133,"Juzu Bracelet":72,"Bag of Preparation":72,"Sling":12,"Smiling Mask":27,"Boot":133,"Centennial Puzzle":130,"HornCleat":20,"Sundial":57,"DollysMirror":116,"Pantograph":119,"Philosopher\u0027s Stone":89,"WingedGreaves":106,"HandDrill":130,"InkBottle":62,"Potion Belt":80,"Damaru":62,"Oddly Smooth Stone":80,"Eternal Feather":116,"PreservedInsect":25,"Pen Nib":130,"Orichalcum":72,"War Paint":112,"GoldenEye":112,"Black Star":42,"Art of War":109,"Membership Card":130,"PureWater":0,"Toy Ornithopter":119,"Meat on the Bone":25,"Pocketwatch":116}],"InkBottle":[34],"Toy Ornithopter":5,"Meat on the Bone":144,"Pocketwatch":[11]},"card_choices":[{"not_picked":["ThirdEye","ClearTheMind"],"picked":"Halt","floor":0},{"not_picked":["WaveOfTheHand","BowlingBash"],"picked":"Conclude","floor":1},{"not_picked":["Evaluate","Worship"],"picked":"Prostrate","floor":2},{"not_picked":["FlurryOfBlows","Consecrate"],"picked":"Devotion","floor":3},{"not_picked":["Evaluate","Meditate"],"picked":"Protect","floor":4},{"not_picked":["Meditate","Adaptation"],"picked":"FlyingSleeves","floor":6},{"not_picked":["ForeignInfluence","Halt"],"picked":"BowlingBash","floor":7},{"not_picked":["BattleHymn","MentalFortress"],"picked":"Tantrum","floor":8},{"not_picked":["ThirdEye","FlyingSleeves","BowlingBash"],"picked":"SKIP","floor":10},{"not_picked":["ClearTheMind","Evaluate"],"picked":"Adaptation","floor":11},{"not_picked":["PathToVictory","ClearTheMind"],"picked":"FlyingSleeves","floor":13},{"not_picked":["DeusExMachina","Scrawl"],"picked":"Devotion","floor":16},{"not_picked":["Prostrate","EmptyFist","SignatureMove"],"picked":"SKIP","floor":18},{"not_picked":["SashWhip","BowlingBash"],"picked":"CutThroughFate","floor":19},{"not_picked":["CutThroughFate","FlyingSleeves"],"picked":"FlurryOfBlows","floor":20},{"not_picked":["EmptyBody","DevaForm","Halt"],"picked":"SKIP","floor":21},{"not_picked":["ThirdEye","ClearTheMind","PathToVictory"],"picked":"SKIP","floor":23},{"not_picked":["Evaluate","FlyingSleeves"],"picked":"Fasting2","floor":24},{"not_picked":["ForeignInfluence+1","ThirdEye","SashWhip"],"picked":"SKIP","floor":25},{"not_picked":["SashWhip","Halt","Nirvana"],"picked":"SKIP","floor":28},{"not_picked":["Weave","FollowUp","FlyingSleeves"],"picked":"SKIP","floor":30},{"not_picked":["EmptyFist","Prostrate","ClearTheMind"],"picked":"SKIP","floor":31},{"not_picked":["MasterReality","Blasphemy"],"picked":"DeusExMachina","floor":33},{"not_picked":["ClearTheMind","JustLucky"],"picked":"EmptyMind+1","floor":35},{"not_picked":["Crescendo","FlurryOfBlows"],"picked":"JustLucky","floor":36},{"not_picked":["EmptyBody","FollowUp"],"picked":"Pray","floor":37},{"not_picked":["Evaluate","Crescendo"],"picked":"Wallop+1","floor":39},{"not_picked":["PathToVictory","JustLucky"],"picked":"Scrawl","floor":40},{"not_picked":["CutThroughFate","BowlingBash"],"picked":"Sanctity+1","floor":42},{"not_picked":["BowlingBash","Adaptation","ClearTheMind"],"picked":"SKIP","floor":44},{"not_picked":["SashWhip","Consecrate","LikeWater"],"picked":"SKIP","floor":47},{"not_picked":["Swivel","FlyingSleeves"],"picked":"Vault","floor":48},{"not_picked":["JustLucky","BowlingBash"],"picked":"WheelKick","floor":54}],"player_experience":789011,"relics_obtained":[{"floor":6,"key":"HornCleat"},{"floor":8,"key":"Meat on the Bone"},{"floor":9,"key":"PreservedInsect"},{"floor":10,"key":"Smiling Mask"},{"floor":22,"key":"Sundial"},{"floor":23,"key":"InkBottle"},{"floor":23,"key":"Damaru"},{"floor":25,"key":"Juzu Bracelet"},{"floor":25,"key":"Orichalcum"},{"floor":26,"key":"Bag of Preparation"},{"floor":30,"key":"Oddly Smooth Stone"},{"floor":30,"key":"Potion Belt"},{"floor":36,"key":"Ice Cream"},{"floor":39,"key":"WingedGreaves"},{"floor":40,"key":"Lantern"},{"floor":40,"key":"Art of War"},{"floor":42,"key":"War Paint"},{"floor":42,"key":"GoldenEye"},{"floor":44,"key":"Pocketwatch"},{"floor":44,"key":"Eternal Feather"},{"floor":47,"key":"Pantograph"},{"floor":47,"key":"Toy Ornithopter"},{"floor":54,"key":"Vajra"},{"floor":54,"key":"Boot"}],"event_choices":[{"damage_healed":0,"gold_gain":0,"player_choice":"Bought 0 Potions","damage_taken":0,"max_hp_gain":0,"max_hp_loss":0,"event_name":"The Woman in Blue","floor":14,"gold_loss":0},{"damage_healed":0,"gold_gain":0,"player_choice":"Fight","damage_taken":0,"max_hp_gain":0,"max_hp_loss":0,"event_name":"MindBloom","floor":36,"gold_loss":0},{"damage_healed":0,"gold_gain":100,"player_choice":"Pray","damage_taken":0,"max_hp_gain":0,"max_hp_loss":0,"event_name":"Golden Shrine","floor":38,"gold_loss":0},{"damage_healed":0,"gold_gain":0,"player_choice":"Fight","damage_taken":0,"max_hp_gain":0,"max_hp_loss":0,"event_name":"Mysterious Sphere","floor":39,"gold_loss":0}],"is_beta":false,"boss_relics":[{"not_picked":["Sozu","SacredBark"],"picked":"Black Star"},{"not_picked":["Runic Pyramid","Busted Crown"],"picked":"Philosopher\u0027s Stone"}],"items_purged_floors":[45,53],"is_endless":false,"potions_floor_spawned":[4,8,11,13,19,23,28,31,35,37,40,44,47,54],"ascension_level":12}}