{"host":"phzz6vgtixj4nwio","time":1608296681,"event":{"mods":["BaseMod","GifTheSpireLib","Minty Spire (QoL Compilation)","StSLib","The Animator"],"gold_per_floor":[109,109,121,71,83,83,83,110,110,121,121,151,163,185,197,308,320,352,380,392,428,440,452,464,496,559,596,630,654,7,7,7,7,7],"floor_reached":33,"playtime":2882,"items_purged":[],"score":243,"play_id":"bca7e61b-0475-47cb-a342-742c09905a54","local_time":"20201218130441","is_ascension_mode":false,"campfire_choices":[{"floor":6,"key":"RECALL"},{"floor":15,"key":"REST"},{"floor":24,"key":"REST"},{"floor":32,"key":"REST"}],"circlet_count":0,"master_deck":["animator:Strike_GoblinSlayer","animator:Defend_GoblinSlayer","animator:Strike","animator:Strike+1","animator:Defend","animator:Defend","animator:Defend","animator:LizardPriest","animator:DwarfShaman","animator:Urushihara","animator:Kaijin","animator:Priestess","animator:DwarfShaman","animator:GuildGirl","animator:Witch","animator:Rider","animator:Ara","animator:Spearman","animator:CowGirl","animator:HighElfArcher","animator:Sora"],"relics":["animator:LivingPicture","animator:TheMissingPiece","Thread and Needle","MawBank","PreservedInsect","Philosopher\u0027s Stone","Enchiridion","Calipers","Ornamental Fan"],"acts_visited":["Exordium","TheCity"],"potions_floor_usage":[21,28,29,33],"damage_taken":[{"damage":0,"enemies":"Small Slimes","floor":1,"turns":4},{"damage":0,"enemies":"Cultist","floor":3,"turns":3},{"damage":5,"enemies":"Jaw Worm","floor":5,"turns":4},{"damage":10,"enemies":"2 Fungi Beasts","floor":8,"turns":6},{"damage":0,"enemies":"Blue Slaver","floor":10,"turns":5},{"damage":0,"enemies":"Red Slaver","floor":12,"turns":4},{"damage":0,"enemies":"2 Fungi Beasts","floor":14,"turns":4},{"damage":13,"enemies":"Slime Boss","floor":16,"turns":8},{"damage":17,"enemies":"3 Byrds","floor":18,"turns":4},{"damage":11,"enemies":"Shell Parasite","floor":19,"turns":4},{"damage":11,"enemies":"Sentry and Sphere","floor":21,"turns":5},{"damage":12,"enemies":"Centurion and Healer","floor":25,"turns":7},{"damage":0,"enemies":"3 Cultists","floor":27,"turns":4},{"damage":0,"enemies":"Snecko","floor":28,"turns":5},{"damage":0,"enemies":"Cultist and Chosen","floor":29,"turns":4},{"damage":67,"enemies":"Collector","floor":33,"turns":7}],"seed_played":"-3572154367729288787","potions_obtained":[{"floor":5,"key":"Explosive Potion"},{"floor":10,"key":"SteroidPotion"},{"floor":14,"key":"GamblersBrew"},{"floor":16,"key":"AttackPotion"},{"floor":18,"key":"LiquidBronze"},{"floor":25,"key":"ColorlessPotion"},{"floor":27,"key":"Dexterity Potion"}],"is_trial":false,"path_per_floor":["M","?","M","?","M","R","?","M","T","M","T","M","?","M","R","B",null,"M","M","?","M","?","?","R","M","T","M","M","M","$","?","R","B"],"character_chosen":"THE_ANIMATOR","items_purchased":["Calipers","Ornamental Fan","animator:CowGirl","animator:HighElfArcher"],"campfire_rested":3,"item_purchase_floors":[30,30,30,30],"current_hp_per_floor":[66,66,66,66,61,61,61,51,51,51,51,51,44,44,63,50,66,50,39,61,50,34,34,54,42,42,43,43,43,43,43,63,0,0],"gold":7,"neow_bonus":"ONE_RANDOM_RARE_CARD","is_daily":false,"chose_seed":false,"campfire_upgraded":0,"win_rate":0.0,"timestamp":1608296681,"path_taken":["M","?","?","?","M","R","?","M","T","M","?","?","?","M","R","BOSS","M","M","?","M","?","?","R","M","T","M","M","?","$","?","R","BOSS"],"items_purchased_type":["Relic","Relic","Card","Card"],"build_version":"2020-12-13","purchased_purges":0,"victory":false,"max_hp_per_floor":[66,66,66,66,66,66,66,66,66,66,66,66,66,66,66,66,66,67,67,67,67,67,67,67,67,67,68,68,68,68,68,68,68,68],"card_choices":[{"not_picked":["animator:Azekura","animator:Assassin","animator:ShinjiMatou"],"picked":"SKIP","floor":1},{"not_picked":["animator:Lu","animator:Azekura","animator:Ain"],"picked":"SKIP","floor":3},{"not_picked":["animator:Togame","animator:Berserker"],"picked":"animator:Kaijin","floor":5},{"not_picked":["animator:Spearman","animator:GuildGirl"],"picked":"animator:Priestess","floor":8},{"not_picked":["animator:Aisha","animator:Chung","animator:Nanami"],"picked":"SKIP","floor":10},{"not_picked":["animator:Shion","animator:UneriGinkaku","animator:Add"],"picked":"SKIP","floor":12},{"not_picked":["animator:Ara","animator:Ain"],"picked":"animator:DwarfShaman","floor":14},{"not_picked":["animator:HighElfArcher","animator:Priestess"],"picked":"animator:GuildGirl","floor":18},{"not_picked":["animator:Rider","animator:Assassin"],"picked":"animator:GuildGirl","floor":19},{"not_picked":["animator:Raven","animator:Entoma"],"picked":"animator:Witch","floor":21},{"not_picked":["animator:Rider","animator:Konayuki","animator:DolaCouronne"],"picked":"SKIP","floor":25},{"not_picked":["animator:LizardPriest","animator:Witch"],"picked":"animator:Spearman","floor":27},{"not_picked":["animator:Nanami","animator:ZankiKiguchi","animator:LizardPriest"],"picked":"SKIP","floor":28},{"not_picked":["animator:PandorasActor","animator:Konayuki","animator:Alexander"],"picked":"SKIP","floor":29}],"player_experience":566898,"relics_obtained":[{"floor":9,"key":"Thread and Needle"},{"floor":11,"key":"MawBank"},{"floor":22,"key":"Enchiridion"}],"event_choices":[{"damage_healed":0,"gold_gain":0,"player_choice":"1 cards matched","damage_taken":0,"max_hp_gain":0,"max_hp_loss":0,"event_name":"Match and Keep!","floor":2,"gold_loss":0,"cards_obtained":["animator:Urushihara"]},{"cards_removed":["animator:Albedo"],"damage_healed":0,"gold_gain":0,"player_choice":"Card Removal","damage_taken":0,"max_hp_gain":0,"max_hp_loss":0,"event_name":"The Cleric","floor":4,"gold_loss":50},{"damage_healed":0,"gold_gain":0,"player_choice":"Ignored","damage_taken":0,"max_hp_gain":0,"max_hp_loss":0,"event_name":"Shining Light","floor":7,"gold_loss":0},{"damage_healed":0,"gold_gain":0,"player_choice":"Success","damage_taken":7,"relics_obtained":["PreservedInsect"],"max_hp_gain":0,"max_hp_loss":0,"event_name":"Scrap Ooze","floor":13,"gold_loss":0},{"damage_healed":22,"gold_gain":0,"player_choice":"Heal","damage_taken":0,"max_hp_gain":0,"max_hp_loss":0,"event_name":"The Library","floor":20,"gold_loss":0},{"damage_healed":0,"gold_gain":0,"player_choice":"Obtained Book","damage_taken":16,"max_hp_gain":0,"max_hp_loss":0,"event_name":"Cursed Tome","floor":22,"gold_loss":0},{"damage_healed":0,"gold_gain":0,"cards_transformed":["animator:GuildGirl","animator:Strike"],"player_choice":"Became Test Subject","damage_taken":0,"max_hp_gain":0,"max_hp_loss":0,"event_name":"Drug Dealer","floor":23,"gold_loss":0,"cards_obtained":["animator:Rider","animator:Ara"]},{"damage_healed":0,"gold_gain":0,"player_choice":"1 cards matched","damage_taken":0,"max_hp_gain":0,"max_hp_loss":0,"event_name":"Match and Keep!","floor":31,"gold_loss":0,"cards_obtained":["animator:Sora"]}],"is_beta":false,"boss_relics":[{"not_picked":["Sozu","Astrolabe"],"picked":"Philosopher\u0027s Stone"}],"items_purged_floors":[],"is_endless":false,"potions_floor_spawned":[5,10,14,16,18,25,27],"killed_by":"Collector","ascension_level":0}}