{"host":"3ghjvsatr2fxka2l","time":1608282299,"event":{"mods":["2.2 Compatiblity","AchievementEnabler","Act Like it!","Aspiration","BaseMod","Better Third Choice","Better Vampires","BetterRewards","Colored Powertips","Conspire","Curses Come First","Defuse TimeMaze Blight","Displayed Cursed Tome","Energized Spire","Gold Saver","Grow up Mod","Hallownest","Hubris","Infinite Spire","Lobotomy","Minty Spire (QoL Compilation)","Quick Restart","Replay The Spire","SacredBarkPlus","StSLib","The Blue Laboratory","The Bug Knight","Transform Curses","Uncapped","Waifu the Spire","Wandering Minibosses","vexMod","??????REMEMod"],"gold_per_floor":[119,119,119,131,131,164,164,174,227,227,242,257,269,298,298,395,395,410,426,426,426,496,496,496,496,522,522,522,522,575,575,587,601,601,601,601],"floor_reached":35,"playtime":3995,"items_purged":["Wellcheers"],"score":489,"play_id":"3cb02730-de64-4ad9-989c-2248b331a920","local_time":"20201218010459","is_ascension_mode":false,"campfire_choices":[{"data":"HollowMod:SoulSplash","floor":7,"key":"SMITH"},{"floor":15,"key":"REST"},{"floor":25,"key":"REST"},{"floor":27,"key":"REST"},{"data":"HollowMod:SoulStrike","floor":31,"key":"SMITH"},{"data":"Parasite","floor":34,"key":"PURGE"}],"circlet_count":0,"master_deck":["HollowMod:NailStrikeStart","HollowMod:NailStrikeStart","HollowMod:NailStrikeStart","HollowMod:FocusHealStart","Echo Form","WhitesApple","HollowMod:SoulSplash+1","BigBadWolf","Hallownest:skillSlugHide","Hallownest:skillSlugHide+1","Hallownest:skillSlugHide+1","Murderer","VoidDream","Parasite","HollowMod:CycloneSlash+1","Parasite","Laetitia","Parasite","LittleHelper","HollowMod:SoulStrike+1","Parasite","WallGazer","HollowMod:Weaversong","Parasite","Parasite","HollowMod:CloakDash+1","Parasite","Parasite","HollowMod:VengefulSpirit","LaLuna","HappyTeddy","Poisoned Strike","Parasite","GreedKing","ReplayTheSpireMod:Necrogeddon","Parasite","CrumblingArmor","Panache"],"relics":["HollowMod:VesselMask","REME_ComplimentaryCards","CogitoBucket","hubris:Towel","Bronze Scales","Blue Doll","Hallownest:DreamNailRelic","SkinProphecy","Tiny Chest","ChangeAnything","REME_LowDesire","Replay:Wax Seal","ReplayTheSpireMod:TigerMarble","Red Mask","War Paint","The Courier","AtMidnight","AspirationHeart"],"acts_visited":["Exordium","Hallownest:Greenpath"],"potions_floor_usage":[12,19,33,33],"damage_taken":[{"damage":2,"enemies":"Hallownest:2_MossCreeps","floor":1,"turns":6},{"damage":9,"enemies":"Hallownest:monsterHuskGuard","floor":4,"turns":4},{"damage":1,"enemies":"Hallownest:eliteMossKnight","floor":6,"turns":7},{"damage":0,"enemies":"Hallownest:monsterHuskWarrior","floor":8,"turns":3},{"damage":21,"enemies":"Hallownest:2_Tiktiks_1_Baldur_1_Crawlid","floor":11,"turns":4},{"damage":52,"enemies":"Hallownest:monsterAspidMother","floor":12,"turns":4},{"damage":33,"enemies":"Hallownest:Guard_and_Warrior","floor":13,"turns":5},{"damage":8,"enemies":"Hallownest:eliteVengeflyKing","floor":14,"turns":6},{"damage":101,"enemies":"Hallownest:BossHornet","floor":16,"turns":13},{"damage":56,"enemies":"Hallownest:Guard_and_Sentry","floor":18,"turns":7},{"damage":218,"enemies":"Hallownest:2_Mistakes","floor":19,"turns":13},{"damage":34,"enemies":"Hallownest:monsterMisterMushroom","floor":22,"turns":7},{"damage":145,"enemies":"Hallownest:Nosk","floor":26,"turns":13},{"damage":49,"enemies":"Hallownest:Glutton_and_Coward","floor":30,"turns":5},{"damage":25,"enemies":"Hallownest:monsterShrumalOgre","floor":32,"turns":5},{"damage":133,"enemies":"Hallownest:2_Husk_Sentries","floor":33,"turns":11},{"damage":147,"enemies":"Hallownest:BossSoulMaster","floor":35,"turns":3}],"seed_played":"2259949883157149633","potions_obtained":[{"floor":8,"key":"blueLaboratory:BottleOfRum"},{"floor":11,"key":"AttackPotion"},{"floor":14,"key":"SteroidPotion"},{"floor":16,"key":"BlessingOfTheForge"},{"floor":22,"key":"SpeedPotion"},{"floor":30,"key":"blueLaboratory:FruitPunch"}],"is_trial":false,"path_per_floor":["M","?","$","M","?","E","R","M","T","?","M","M","M","E","R","B",null,"M","M","AVR","?","M","PTL","PTL","R","E","R","T","?","M","R","M","M","R","B"],"character_chosen":"THE_BUGKNIGHT","items_purchased":[],"campfire_rested":3,"item_purchase_floors":[],"current_hp_per_floor":[93,103,113,114,124,133,143,153,163,173,162,132,108,106,182,93,255,219,47,57,67,53,63,73,182,114,230,240,250,207,217,198,79,89,0,0],"gold":601,"neow_bonus":"","is_daily":false,"chose_seed":false,"campfire_upgraded":2,"win_rate":0.0,"timestamp":1608282299,"path_taken":["M","?","$","M","?","E","R","M","T","?","M","?","M","E","R","BOSS","M","M","AVR","?","M","PTL","PTL","R","E","R","T","?","M","R","M","M","R","BOSS"],"items_purchased_type":[],"build_version":"2020-12-13","purchased_purges":1,"victory":false,"max_hp_per_floor":[95,105,115,125,135,145,155,165,175,185,192,202,214,223,233,245,255,267,281,291,301,313,323,333,343,355,365,375,385,397,407,419,445,452,454,454],"card_choices":[{"not_picked":["PunishingBird","HeroicMonk"],"picked":"WhitesApple","floor":1},{"not_picked":["HollowMod:DescendingDark","HollowMod:MawleksShell"],"picked":"HollowMod:SoulSplash","floor":1},{"not_picked":["Murderer","SpiderBud"],"picked":"BigBadWolf","floor":4},{"not_picked":["HollowMod:MonarchWings","HollowMod:InfectedCysts"],"picked":"HollowMod:DoubleDash","floor":4},{"not_picked":["LaLuna","LongBird"],"picked":"Murderer","floor":6},{"not_picked":["HollowMod:MawleksShell","HollowMod:WraithStrike","HollowMod:RecoilStrike"],"picked":"SKIP","floor":6},{"not_picked":["Bloodbath","SpiderBud"],"picked":"VoidDream","floor":8},{"not_picked":["HollowMod:QuirrelsAssistance","HollowMod:SoulSplash","HollowMod:CloakDash"],"picked":"SKIP","floor":8},{"not_picked":["UniverseFragment","LittlePrince"],"picked":"Wellcheers","floor":11},{"not_picked":["HollowMod:HuntersJournal","HollowMod:VengefulSpirit"],"picked":"HollowMod:CycloneSlash","floor":11},{"not_picked":["GreedKing","BeautyBeast"],"picked":"Laetitia","floor":12},{"not_picked":["HollowMod:TaintedHusks","HollowMod:ShadowDash"],"picked":"HollowMod:ChannelNail","floor":12},{"not_picked":["RedShoes","Bloodbath"],"picked":"Scarecrow","floor":13},{"not_picked":["HollowMod:NewJinnsSoul","HollowMod:HeavyBlow","HollowMod:TaintedHusks"],"picked":"SKIP","floor":13},{"not_picked":["CrumblingArmor","LittlePrince"],"picked":"LittleHelper","floor":14},{"not_picked":["HollowMod:InfectionAssault","HollowMod:HowlingWraiths"],"picked":"HollowMod:SoulStrike","floor":14},{"not_picked":["FairyFestival","ShyLook"],"picked":"WallGazer","floor":16},{"not_picked":["HollowMod:Hiveblood","HollowMod:HornetsHelp"],"picked":"HollowMod:Weaversong","floor":16},{"not_picked":["SpiderBud","GreedKing"],"picked":"CherryBlossoms","floor":18},{"not_picked":["HollowMod:GoodIntentions+1","HollowMod:ShapeofUnn","HollowMod:VengefulVoid"],"picked":"SKIP","floor":18},{"not_picked":["BeautyBeast","UniverseFragment"],"picked":"Yin","floor":19},{"not_picked":["HollowMod:InfectedAttack","HollowMod:HowlingWraiths"],"picked":"HollowMod:CloakDash+1","floor":19},{"not_picked":["HollowMod:BrokenVessel+1","HollowMod:GreatSlash","HollowMod:ShadowDash","Replay:Parry"],"picked":"SKIP","floor":22},{"not_picked":["HollowMod:CycloneSlash","HollowMod:GoodIntentions+1","REME_ProfessionalPlagiarism"],"picked":"HollowMod:VengefulSpirit","floor":26},{"not_picked":["Scorched","BigBird"],"picked":"LaLuna","floor":26},{"not_picked":["PunishingBird","BodiesMountain"],"picked":"HappyTeddy","floor":30},{"not_picked":["HollowMod:NewLittleFool","HollowMod:GoodIntentions","HollowMod:HowlingWraiths"],"picked":"Poisoned Strike","floor":30},{"not_picked":["Porccubus","Variant"],"picked":"GreedKing","floor":32},{"not_picked":["HollowMod:InfectedAttack","HollowMod:InfectedCysts+1","HollowMod:VengefulSpirit"],"picked":"ReplayTheSpireMod:Necrogeddon","floor":32},{"not_picked":["QueenBee","Funeral"],"picked":"CrumblingArmor","floor":33},{"not_picked":["HollowMod:LifebloodCocoon","HollowMod:CycloneSlash","HollowMod:ShadowDash"],"picked":"Panache","floor":33}],"player_experience":223231,"relics_obtained":[{"floor":6,"key":"Bronze Scales"},{"floor":9,"key":"Blue Doll"},{"floor":14,"key":"Tiny Chest"},{"floor":20,"key":"Replay:Wax Seal"},{"floor":20,"key":"ReplayTheSpireMod:TigerMarble"},{"floor":26,"key":"War Paint"},{"floor":28,"key":"The Courier"},{"floor":33,"key":"AtMidnight"}],"event_choices":[],"is_beta":false,"boss_relics":[{"not_picked":["vexMod:DeviousBotling","ChewingGum","hubris:RunicObelisk"]}],"items_purged_floors":[20],"is_endless":false,"potions_floor_spawned":[8,11,14,16,18,22,30,32],"killed_by":"Hallownest:BossSoulMaster","ascension_level":0}}