{"host":"l8k579n63ej0vska","time":1608303774,"event":{"mods":["BaseMod","Colored Map","Infinite Spire","Minty Spire (QoL Compilation)","Replay The Spire","StSLib","The Bug Knight"],"gold_per_floor":[109,109,120,130,130,130,141,153,153,153,168,168,181,200,200,274,274,291,304,321,321,331,331,366,38,38,38,38,38,63,63,63,141,141,154,166,166,182,199,199,243,261,333,370,370,397,440,97,97,97,97],"floor_reached":50,"playtime":5234,"items_purged":["Strike_G","Parasite"],"score":987,"play_id":"3f2f9e8c-33ca-4bc5-bb8d-eecd00a41b78","local_time":"20201218160254","is_ascension_mode":true,"campfire_choices":[{"data":"Burst","floor":6,"key":"SMITH"},{"data":"Deflect","floor":10,"key":"SMITH"},{"data":"Deadly Poison","floor":12,"key":"SMITH"},{"floor":15,"key":"REST"},{"floor":23,"key":"REST"},{"data":"Adrenaline","floor":29,"key":"SMITH"},{"data":"Footwork","floor":32,"key":"SMITH"},{"data":"RitualDagger","floor":40,"key":"SMITH"},{"floor":45,"key":"REST"},{"data":"infinitespire:TheBestDefense","floor":49,"key":"SMITH"}],"circlet_count":0,"master_deck":["AscendersBane","Defend_G","Defend_G+1","Defend_G","Defend_G","Defend_G+1","Survivor","Neutralize","Deadly Poison+1","Deflect+1","Burst+1","Poison Darts","Footwork+1","Adrenaline+1","Dodge and Roll","Replay:Poison Smokescreen","Deflect+1","RitualDagger+1","Deadly Poison","Adrenaline","Deflect","Well Laid Plans","infinitespire:Collect","infinitespire:TheBestDefense+1","infinitespire:Starlight","Footwork","Bane+1","Bane","Footwork"],"relics":["Ring of the Snake","Replay:Accelerometer","Philosopher\u0027s Stone","Regal Pillow","infinitespire:Bottled Soul","White Beast Statue","Mercury Hourglass","NlothsMask","Empty Cage","CeramicFish","Black Star","Bag of Preparation","Simple Rune","infinitespire:CursedDice","MawBank","Calipers"],"acts_visited":["Exordium","TheCity","TheBeyond"],"potions_floor_usage":[4,7,16,19,30,33,38,44,46,50],"damage_taken":[{"damage":0,"enemies":"Jaw Worm","floor":1,"turns":6},{"damage":1,"enemies":"Cultist","floor":3,"turns":4},{"damage":0,"enemies":"Small Slimes","floor":4,"turns":3},{"damage":23,"enemies":"Gremlin Gang","floor":7,"turns":16},{"damage":0,"enemies":"2 Fungi Beasts","floor":8,"turns":6},{"damage":15,"enemies":"Lots of Slimes","floor":11,"turns":6},{"damage":3,"enemies":"Blue Slaver","floor":13,"turns":4},{"damage":0,"enemies":"3 Louse","floor":14,"turns":4},{"damage":29,"enemies":"Fading Forest","floor":16,"turns":11},{"damage":0,"enemies":"Chosen","floor":18,"turns":5},{"damage":10,"enemies":"3 Byrds","floor":19,"turns":4},{"damage":9,"enemies":"Shelled Parasite and Fungi","floor":20,"turns":5},{"damage":15,"enemies":"Centurion and Healer","floor":22,"turns":7},{"damage":1,"enemies":"Nightmare","floor":24,"turns":5},{"damage":2,"enemies":"Book of Stabbing","floor":30,"turns":5},{"damage":39,"enemies":"Champ","floor":33,"turns":10},{"damage":0,"enemies":"Orb Walker","floor":35,"turns":4},{"damage":10,"enemies":"3 Darklings","floor":36,"turns":5},{"damage":3,"enemies":"4 Shapes","floor":38,"turns":5},{"damage":9,"enemies":"Writhing Mass","floor":39,"turns":5},{"damage":1,"enemies":"Nightmare","floor":41,"turns":7},{"damage":34,"enemies":"Reptomancer","floor":44,"turns":6},{"damage":1,"enemies":"Spire Growth","floor":46,"turns":3},{"damage":7,"enemies":"Giant Head","floor":47,"turns":8},{"damage":84,"enemies":"Replay:Hell Engine","floor":50,"turns":14}],"seed_played":"181604900814289441","potions_obtained":[{"floor":1,"key":"FearPotion"},{"floor":3,"key":"Fire Potion"},{"floor":4,"key":"Fruit Juice"},{"floor":14,"key":"Block Potion"},{"floor":18,"key":"DistilledChaos"},{"floor":20,"key":"Weak Potion"},{"floor":30,"key":"infinitespire:BlackPotion"},{"floor":33,"key":"CunningPotion"},{"floor":36,"key":"Fruit Juice"},{"floor":38,"key":"Regen Potion"},{"floor":39,"key":"Fire Potion"},{"floor":44,"key":"Elixir"},{"floor":46,"key":"Cursed Concoction"},{"floor":47,"key":"SkillPotion"}],"is_trial":false,"path_per_floor":["M","?","M","M","?","R","M","M","T","R","M","R","M","M","R","B",null,"M","M","M","?","M","R","NM","$","T","$","?","R","E","?","R","B",null,"M","M","?","M","M","R","NM","AVR","T","E","R","M","E","$","R","B"],"character_chosen":"THE_SILENT","items_purchased":["infinitespire:Bottled Soul","Calipers","Footwork"],"campfire_rested":3,"item_purchase_floors":[25,48,48],"current_hp_per_floor":[65,65,64,64,64,64,46,46,46,46,31,31,28,28,51,22,63,63,53,44,44,29,52,51,51,51,51,45,45,43,43,43,4,59,59,49,49,51,42,42,41,41,41,17,55,73,72,72,72,0,0],"gold":97,"neow_bonus":"TEN_PERCENT_HP_BONUS","is_daily":false,"chose_seed":false,"campfire_upgraded":7,"win_rate":0.0,"timestamp":1608303774,"path_taken":["M","?","?","M","?","R","M","M","T","R","M","R","M","?","R","BOSS","M","M","M","?","?","R","NM","$","T","$","?","R","E","?","R","BOSS","M","?","?","M","M","R","NM","AVR","T","E","R","M","E","?","R","BOSS"],"items_purchased_type":["Relic","Relic","Card"],"build_version":"2020-12-13","purchased_purges":2,"victory":false,"max_hp_per_floor":[72,72,72,72,72,72,77,77,77,77,77,77,77,77,77,77,77,77,77,77,77,77,77,77,77,77,77,77,77,77,77,77,77,77,77,77,77,82,82,82,82,79,79,79,79,79,79,79,79,79,79],"card_choices":[{"not_picked":["Acrobatics","Quick Slash"],"picked":"Deadly Poison","floor":1},{"not_picked":["Cloak And Dagger","Deadly Poison"],"picked":"Deflect","floor":3},{"not_picked":["Cloak And Dagger","Slice","Draining Mist"],"picked":"SKIP","floor":4},{"not_picked":["Dodge and Roll","Leg Sweep"],"picked":"Poison Darts","floor":7},{"not_picked":["Finisher","Concentrate","Expertise"],"picked":"SKIP","floor":8},{"not_picked":["Sneak Up","Setup","Backflip"],"picked":"SKIP","floor":11},{"not_picked":["Expertise","Cloak And Dagger"],"picked":"Footwork","floor":13},{"not_picked":["PiercingWail","Prepared","ReplayTheSpireMod:The Works"],"picked":"SKIP","floor":14},{"not_picked":["Bullet Time","After Image"],"picked":"Adrenaline","floor":16},{"not_picked":["Tactician","Quick Slash","Expertise"],"picked":"SKIP","floor":18},{"not_picked":["Endless Agony","Dodge and Roll","Underhanded Strike"],"picked":"SKIP","floor":19},{"not_picked":["Endless Agony","Underhanded Strike"],"picked":"Dodge and Roll","floor":19},{"not_picked":["Flying Knee","Backstab"],"picked":"Replay:Poison Smokescreen","floor":20},{"not_picked":["Terror","Accuracy"],"picked":"Deflect+1","floor":22},{"not_picked":["A Thousand Cuts","PiercingWail","Concentrate"],"picked":"SKIP","floor":24},{"not_picked":["Masterful Stab","ReplayTheSpireMod:Exploit Weakness"],"picked":"Deadly Poison","floor":30},{"not_picked":["Replay:Bag of Tricks","Atom Bomb"],"picked":"Adrenaline","floor":33},{"not_picked":["Terror+1","Outmaneuver"],"picked":"Deflect","floor":35},{"not_picked":["Backflip","Underhanded Strike"],"picked":"Well Laid Plans","floor":36},{"not_picked":["Quick Slash","Distraction","Hidden Blade"],"picked":"SKIP","floor":38},{"not_picked":["Reflex","Blade Dance","Sucker Punch"],"picked":"SKIP","floor":39},{"not_picked":["infinitespire:Execution","ReplayTheSpireMod:??????????????????????"],"picked":"infinitespire:Collect","floor":41},{"not_picked":["Sneak Up","Quick Slash","Dagger Throw"],"picked":"SKIP","floor":41},{"not_picked":["Dodge and Roll","ReplayTheSpireMod:Scrap Shanks"],"picked":"Footwork","floor":44},{"not_picked":["Dash","Crippling Poison"],"picked":"Bane+1","floor":46},{"not_picked":["Replay:Poison Smokescreen","PiercingWail"],"picked":"Bane","floor":47}],"player_experience":1628396,"relics_obtained":[{"floor":9,"key":"Replay:Accelerometer"},{"floor":24,"key":"Regal Pillow"},{"floor":26,"key":"White Beast Statue"},{"floor":30,"key":"Mercury Hourglass"},{"floor":41,"key":"CeramicFish"},{"floor":44,"key":"Bag of Preparation"},{"floor":44,"key":"Simple Rune"},{"floor":47,"key":"infinitespire:CursedDice"},{"floor":47,"key":"MawBank"}],"event_choices":[{"cards_removed":["Strike_G"],"damage_healed":0,"gold_gain":0,"player_choice":"Offered Basic","damage_taken":0,"max_hp_gain":0,"max_hp_loss":0,"event_name":"Bonfire Elementals","floor":2,"gold_loss":0},{"damage_healed":0,"gold_gain":0,"cards_transformed":["Strike_G"],"player_choice":"Transformed","damage_taken":0,"max_hp_gain":0,"max_hp_loss":0,"event_name":"Transmorgrifier","floor":5,"gold_loss":0,"cards_obtained":["Burst"]},{"damage_healed":0,"gold_gain":0,"player_choice":"0 cards matched","damage_taken":0,"max_hp_gain":0,"max_hp_loss":0,"event_name":"Match and Keep!","floor":21,"gold_loss":0,"cards_obtained":[]},{"damage_healed":0,"gold_gain":0,"player_choice":"Joined the Cult","damage_taken":6,"max_hp_gain":0,"max_hp_loss":0,"event_name":"Nest","floor":28,"gold_loss":0,"cards_obtained":["RitualDagger"]},{"damage_healed":0,"gold_gain":0,"player_choice":"Trade","damage_taken":0,"relics_obtained":["NlothsMask"],"max_hp_gain":0,"max_hp_loss":0,"event_name":"FaceTrader","floor":31,"gold_loss":0},{"damage_healed":0,"gold_gain":0,"player_choice":"Ignored","damage_taken":0,"max_hp_gain":0,"max_hp_loss":0,"event_name":"Tomb of Lord Red Mask","floor":37,"gold_loss":0}],"is_beta":false,"boss_relics":[{"not_picked":["Replay:Bronze Core","Sozu"],"picked":"Philosopher\u0027s Stone"},{"not_picked":["Velvet Choker","Busted Crown"],"picked":"Empty Cage"}],"items_purged_floors":[25,42],"is_endless":true,"potions_floor_spawned":[1,3,4,14,18,20,30,33,35,36,38,39,44,46,47],"killed_by":"Replay:Hell Engine","ascension_level":15}}