{"host":"m6aaltr68g9tvoay","time":1608325282,"event":{"mods":["AchievementEnabler","BaseMod","Colored Map","Minty Spire (QoL Compilation)","StSLib"],"gold_per_floor":[111,128,49,69,84,84,117,133,133,133,133,145,145,163,163,234,234,212,222,222,242,292,292,207,224,224,236,236],"floor_reached":27,"playtime":951,"items_purged":[],"score":423,"play_id":"a5e779af-5d0b-4bf0-ac0c-f122850919f2","local_time":"20201218130122","is_ascension_mode":true,"campfire_choices":[{"data":"Finisher","floor":6.0,"key":"SMITH"},{"floor":10,"key":"REST"},{"floor":13,"key":"REST"},{"floor":15,"key":"REST"},{"floor":23,"key":"REST"}],"circlet_count":0,"master_deck":["AscendersBane","Strike_G","Strike_G","Strike_G","Defend_G","Defend_G","Defend_G","Defend_G","Survivor","Neutralize","Unload","Noxious Fumes","Blade Dance","Finisher+1","Riddle With Holes","Skewer","Endless Agony","PiercingWail","Caltrops","Envenom","Bullet Time+1","Acrobatics+1","Flechettes+1","Catalyst"],"relics":["Ring of the Snake","Smiling Mask","Singing Bowl","Astrolabe","HornCleat","MawBank"],"acts_visited":["Exordium","TheCity"],"potions_floor_usage":[16,16],"damage_taken":[{"damage":4.0,"enemies":"Jaw Worm","floor":1.0,"turns":4.0},{"damage":1.0,"enemies":"Small Slimes","floor":2.0,"turns":3.0},{"damage":0.0,"enemies":"2 Louse","floor":4.0,"turns":2.0},{"damage":2.0,"enemies":"Large Slime","floor":5.0,"turns":3.0},{"damage":35.0,"enemies":"Lagavulin","floor":7.0,"turns":4.0},{"damage":14,"enemies":"Blue Slaver","floor":8,"turns":4},{"damage":5,"enemies":"Gremlin Gang","floor":12,"turns":2},{"damage":8,"enemies":"Large Slime","floor":14,"turns":6},{"damage":43,"enemies":"The Guardian","floor":16,"turns":11},{"damage":26,"enemies":"2 Thieves","floor":18,"turns":4},{"damage":7,"enemies":"Chosen","floor":19,"turns":4},{"damage":25,"enemies":"Snecko","floor":21,"turns":5},{"damage":30,"enemies":"Centurion and Healer","floor":25,"turns":8},{"damage":11,"enemies":"Sentry and Sphere","floor":27,"turns":3}],"seed_played":"6570999152032177786","potions_obtained":[{"floor":1.0,"key":"CultistPotion"},{"floor":4.0,"key":"AttackPotion"},{"floor":5.0,"key":"SkillPotion"},{"floor":8,"key":"Poison Potion"},{"floor":14,"key":"FearPotion"},{"floor":25,"key":"Weak Potion"}],"is_trial":false,"path_per_floor":["M","M","$","M","M","R","E","M","T","R","?","M","R","M","R","B",null,"M","M","?","M","?","R","?","M","T","M"],"character_chosen":"THE_SILENT","items_purchased":["Finisher"],"campfire_rested":4,"item_purchase_floors":[3],"current_hp_per_floor":[55,54,54,54,52,52,17,3,3,22,22,17,36,28,47,4,51,27,20,34,11,11,32,32,4,4,0,0],"gold":236,"neow_bonus":"ONE_RANDOM_RARE_CARD","is_daily":false,"chose_seed":false,"campfire_upgraded":1,"win_rate":0.0,"timestamp":1608325282,"path_taken":["M","M","$","M","M","R","E","M","T","R","?","M","R","M","R","BOSS","M","M","?","M","?","R","?","M","T","M"],"items_purchased_type":["Card"],"build_version":"2020-12-13","purchased_purges":0,"victory":false,"max_hp_per_floor":[66,66,66,66,66,66,66,66,66,66,66,66,66,66,66,66,66,68,68,68,70,70,70,70,72,72,72,72],"card_choices":[{"not_picked":["Masterful Stab","Deflect"],"picked":"Noxious Fumes","floor":1.0},{"not_picked":["Infinite Blades","Prepared"],"picked":"Blade Dance","floor":2.0},{"not_picked":["Outmaneuver","Dodge and Roll"],"picked":"Riddle With Holes","floor":4.0},{"not_picked":["Deadly Poison","Bane"],"picked":"Skewer","floor":5.0},{"not_picked":["Acrobatics","Skewer","Prepared"],"picked":"SKIP","floor":7.0},{"not_picked":["Backflip","Cloak And Dagger"],"picked":"Endless Agony","floor":8},{"not_picked":["Eviscerate","Prepared"],"picked":"PiercingWail","floor":12},{"not_picked":["Phantasmal Killer","PiercingWail"],"picked":"Caltrops","floor":14},{"not_picked":["Phantasmal Killer","Grand Finale"],"picked":"Envenom","floor":16},{"not_picked":["Bane","Blade Dance","Sucker Punch+1"],"picked":"Singing Bowl","floor":18},{"not_picked":["Dagger Throw","Dagger Spray"],"picked":"Catalyst","floor":19},{"not_picked":["Quick Slash","Deadly Poison","Escape Plan"],"picked":"Singing Bowl","floor":21},{"not_picked":["Quick Slash+1","Finisher","Dodge and Roll"],"picked":"Singing Bowl","floor":25}],"player_experience":1256114,"relics_obtained":[{"floor":7.0,"key":"Smiling Mask"},{"floor":9,"key":"Singing Bowl"},{"floor":26,"key":"MawBank"}],"event_choices":[{"damage_healed":0,"gold_gain":0,"player_choice":"Ignored","damage_taken":0,"max_hp_gain":0,"max_hp_loss":0,"event_name":"Shining Light","floor":11,"gold_loss":0},{"damage_healed":14,"gold_gain":0,"player_choice":"Heal","damage_taken":0,"max_hp_gain":0,"max_hp_loss":0,"event_name":"The Library","floor":20,"gold_loss":0},{"damage_healed":0,"gold_gain":50,"player_choice":"Stole From Cult","damage_taken":0,"max_hp_gain":0,"max_hp_loss":0,"event_name":"Nest","floor":22,"gold_loss":0},{"damage_healed":0,"gold_gain":0,"player_choice":"Obtained Relic","damage_taken":0,"relics_obtained":["HornCleat"],"max_hp_gain":0,"max_hp_loss":0,"event_name":"Addict","floor":24,"gold_loss":85}],"is_beta":false,"boss_relics":[{"not_picked":["Snecko Eye","SlaversCollar"],"picked":"Astrolabe"}],"items_purged_floors":[],"is_endless":false,"potions_floor_spawned":[1,4,5,8,14,25],"killed_by":"Sentry and Sphere","ascension_level":19}}