{"host":"k6qwgpygxbgz06bg","time":1608318251,"event":{"mods":["BaseMod","Beaked The Cultist","Better Third Choice","BetterRewards","Clockwork Mod","Colored Map","Downfall","Friendly Minions","Infinite Spire","Marisa????????","Minty Spire (QoL Compilation)","Replay The Spire","StSLib","The Administrix","The Bug Knight","The Cursed","The Gatherer","The Mystic","The Witch"],"gold_per_floor":[99,99,117,27,27,27,27,47,61,61,161,172,172,5,19,117,117,117,142,242,260,260,292,315,240,267,192,211,224,324,341,361,458,458,458,469,569,581,594,294,294,294,308,308,321,332,332,381,400,499,499,499,515,515,528,528,528,528,528,560,560,577,577,326,359,377,480,480,480,496,496,496],"floor_reached":71,"playtime":5052,"items_purged":["Pain","infinitespire:Pacifist","champ:Strike","Writhe"],"score":1254,"play_id":"038b940b-a73a-483b-bd0e-ae7452ccb1b7","local_time":"20201218200411","is_ascension_mode":false,"campfire_choices":[{"data":"champ:Taunt","floor":1,"key":"SMITH"},{"data":"champ:ShieldWall","floor":5,"key":"SMITH"},{"data":"champ:Control","floor":10,"key":"SMITH"},{"data":"ReplayTheSpireMod:Book of Names","floor":18,"key":"SMITH"},{"data":"infinitespire:Gouge","floor":25,"key":"SMITH"},{"data":"champ:Taunt","floor":27,"key":"SMITH"},{"data":"champ:DancingMaster","floor":35,"key":"SMITH"},{"data":"champ:IronFortress","floor":42,"key":"SMITH"},{"data":"1","floor":52,"key":"LIFT"},{"data":"2","floor":59,"key":"LIFT"},{"data":"champ:ShieldWall","floor":61,"key":"SMITH"},{"data":"Clockwork:Pluck","floor":69,"key":"SMITH"}],"circlet_count":0,"master_deck":["champ:Strike","champ:Defend","champ:Defend","champ:Execute","champ:Taunt+1","champ:EndlessRage","champ:ShieldWall+1","Replay:SS_hec_1+1","champ:Control+1","champ:FlashCut","champ:HeavySlash","champ:DefensiveStyle+1","champ:SteelEdge","champ:RapidStrikes","champ:MurderStrike","EternalThirst","Neutralize","champ:CrownThrow","expansioncontent:BronzeBeam","ReplayTheSpireMod:Book of Names+1","champ:RisingSlash","champ:PerfectForm","champ:HeartStrike","champ:Encircle","champ:Taunt+1","expansioncontent:BronzeBeam","infinitespire:Gouge+1","champ:TornadoPunch+1","champ:EndlessRage","champ:ShieldWall+1","champ:Circumvent+1","champ:SkillfulDodge+1","champ:DancingMaster+1","champ:IronFortress+1","champ:FalseCounter+1","champ:BerserkerStyle","champ:ViciousMockery+1","champ:StanceDance","champ:CrookedStrike","champ:ShieldThrow","champ:DefensiveStyle+1","Languid","Gatherer:TacticalStrike","Hallucinations","ReplayTheSpireMod:Chaos Vortex+1","champ:CrookedStrike","HollowMod:ZotesMagnificence","sneckomod:UnknownBlock","champ:BerserkerStyle+1","Replay:SS_forest_6+1","Master of Strategy","Midas Touch","Clockwork:Pluck+1","Buffer+1"],"relics":["champ:ChampionCrown","WarpedTongs","Calipers","Toy Ornithopter","Durian","Simple Rune","ReplayTheSpireMod:SealedPack","Lantern","downfall:GremlinSack","Replay:Bottled Eggs","infinitespire:PuzzleCube","downfall:HeartBlessingBlue","ReplayTheSpireMod:Shallot","downfall:HeartBlessingGreen","ChewingGum","Happy Flower","Mummified Hand","Cursed Key","Girya","Honey Jar","PrismaticShard","ReplayTheSpireMod:Ring of Exchange","Ring of Panic","Frozen Egg 2","downfall:ShatteredFragment","Oddly Smooth Stone","Coffee Dripper"],"acts_visited":["Exordium","TheCity","TheBeyond","Exordium","TheCity"],"potions_floor_usage":[11,19,19,20,23,26,33,33,40,48,49,50,50,67,67],"damage_taken":[{"damage":9,"enemies":"Jaw Worm","floor":3,"turns":3},{"damage":15,"enemies":"downfall:FleeingMerchant","floor":4,"turns":4},{"damage":5,"enemies":"Cultist","floor":8,"turns":4},{"damage":0,"enemies":"2 Louse","floor":9,"turns":4},{"damage":23,"enemies":"downfall:LadyInBlue","floor":11,"turns":4},{"damage":8,"enemies":"3 Louse","floor":12,"turns":4},{"damage":13,"enemies":"downfall:FleeingMerchant","floor":14,"turns":4},{"damage":0,"enemies":"Red Slaver","floor":15,"turns":3},{"damage":44,"enemies":"downfall:Defect","floor":16,"turns":9},{"damage":19,"enemies":"Replay:Snechameleon","floor":19,"turns":5},{"damage":21,"enemies":"Replay:Snechameleon","floor":20,"turns":4},{"damage":5,"enemies":"Spheric Guardian","floor":21,"turns":4},{"damage":41,"enemies":"Gremlin Leader","floor":23,"turns":7},{"damage":29,"enemies":"Nightmare","floor":26,"turns":8},{"damage":7,"enemies":"Chosen and Byrds","floor":28,"turns":5},{"damage":12,"enemies":"3 Cultists","floor":29,"turns":4},{"damage":0,"enemies":"Snake Plant","floor":31,"turns":4},{"damage":6,"enemies":"Centurion and Healer","floor":32,"turns":5},{"damage":26,"enemies":"downfall:Ironclad","floor":33,"turns":9},{"damage":19,"enemies":"3 Shapes","floor":36,"turns":5},{"damage":13,"enemies":"3 Darklings","floor":38,"turns":7},{"damage":11,"enemies":"4 Shapes","floor":39,"turns":4},{"damage":0,"enemies":"downfall:FleeingMerchant","floor":40,"turns":4},{"damage":22,"enemies":"Transient","floor":43,"turns":5},{"damage":0,"enemies":"Spire Growth","floor":45,"turns":3},{"damage":2,"enemies":"Maw","floor":46,"turns":7},{"damage":0,"enemies":"2 Orb Walkers","floor":48,"turns":3},{"damage":1,"enemies":"3 Darklings","floor":49,"turns":4},{"damage":0,"enemies":"downfall:Watcher","floor":50,"turns":8},{"damage":2,"enemies":"2 Louse","floor":53,"turns":1},{"damage":0,"enemies":"Cultist","floor":55,"turns":2},{"damage":125,"enemies":"Nightmare_Alpha","floor":60,"turns":7},{"damage":0,"enemies":"Jaw Worm","floor":62,"turns":2},{"damage":0,"enemies":"downfall:FleeingMerchant","floor":64,"turns":3},{"damage":1,"enemies":"Gremlin Nob","floor":65,"turns":3},{"damage":0,"enemies":"Blue Slaver","floor":66,"turns":2},{"damage":0,"enemies":"The Guardian","floor":67,"turns":7},{"damage":0,"enemies":"Spheric Guardian","floor":70,"turns":3},{"damage":125,"enemies":"Nightmare","floor":71,"turns":10}],"seed_played":"-2251502939480042965","potions_obtained":[{"floor":3,"key":"infinitespire:BlackPotion"},{"floor":11,"key":"Reflective Coating"},{"floor":11,"key":"Block Potion"},{"floor":11,"key":"Weak Potion"},{"floor":15,"key":"Energy Potion"},{"floor":19,"key":"FearPotion"},{"floor":20,"key":"sneckomod:MuddlingPotion"},{"floor":29,"key":"champ:CounterPotion"},{"floor":31,"key":"Swift Potion"},{"floor":33,"key":"SpeedPotion"},{"floor":39,"key":"Doom Potion"},{"floor":45,"key":"Swift Potion"},{"floor":46,"key":"FearPotion"},{"floor":48,"key":"Explosive Potion"},{"floor":60,"key":"Guardian:BlockOnCardUsePotion"},{"floor":65,"key":"Explosive Potion"}],"is_trial":false,"path_per_floor":["R","?","M","$","R","?","T","M","M","R","?","M","T","$","M","B",null,"R","E","?","M","AVR","E","T","R","NM","R","M","M","?","M","M","B",null,"R","M","?","M","M","$","T","R","M","?","M","M","AVR","?","M","B",null,"R","M","?","M","AVR","?","T","R","NM","R","M","?","$","E","M","B",null,"R","M","NM"],"character_chosen":"THE_CHAMP","items_purchased":["Simple Rune","Happy Flower","champ:BerserkerStyle","champ:BerserkerStyle+1","Oddly Smooth Stone","Replay:SS_forest_6+1","Master of Strategy"],"campfire_rested":0,"item_purchase_floors":[14,40,40,64,64,64,64],"current_hp_per_floor":[81,81,77,76,76,76,76,77,77,77,73,65,70,60,60,28,86,86,82,71,66,66,54,54,64,48,48,43,43,43,45,44,65,96,96,81,81,87,85,92,92,92,78,78,93,96,96,96,96,96,96,96,96,96,96,96,96,96,96,38,38,38,11,11,14,14,30,96,96,96,0,0],"gold":496,"neow_bonus":"REMOVE_TWO","is_daily":false,"chose_seed":false,"campfire_upgraded":10,"win_rate":0.0,"timestamp":1608318251,"path_taken":["R","?","?","$","R","?","T","?","M","R","?","?","?","$","M","BOSS","R","E","?","M","AVR","E","T","R","NM","R","?","M","?","M","M","BOSS","R","?","?","M","M","?","T","R","M","?","?","M","AVR","?","M","BOSS","R","M","?","M","AVR","?","T","R","NM","R","M","?","?","?","M","BOSS","R","M","NM"],"items_purchased_type":["Relic","Relic","Card","Card","Relic","Card","Card"],"build_version":"2020-12-13","purchased_purges":4,"victory":false,"max_hp_per_floor":[81,81,81,81,81,81,81,81,81,81,81,81,86,86,86,86,86,86,86,86,86,86,86,86,96,96,96,96,96,96,96,96,96,96,96,96,96,96,96,96,96,96,96,96,96,96,96,96,96,96,96,96,96,96,96,96,96,96,96,96,96,96,96,96,96,96,96,96,96,96,96,96],"card_choices":[{"not_picked":["champ:StanceDance","champ:BerserkersShout"],"picked":"champ:EndlessRage","floor":3},{"not_picked":["champ:BringItOn","champ:PerfectedStrike"],"picked":"champ:ShieldWall","floor":4},{"not_picked":["champ:Backstep","champ:BerserkersShout"],"picked":"champ:Control","floor":8},{"not_picked":["champ:FanOfKnives","champ:Encircle"],"picked":"champ:FlashCut","floor":9},{"not_picked":["champ:AdrenalArmor","champ:PerfectedStrike"],"picked":"champ:HeavySlash","floor":11},{"not_picked":["champ:Circumvent","champ:DefensiveShout"],"picked":"champ:DefensiveStyle","floor":12},{"not_picked":["champ:CrookedStrike","champ:FlashCut"],"picked":"champ:SteelEdge","floor":14},{"not_picked":["champ:FocusedDefense","champ:Encircle"],"picked":"champ:RapidStrikes","floor":15},{"not_picked":["champ:LastStand","champ:SteelEdge"],"picked":"champ:MurderStrike","floor":16},{"not_picked":["mysticmod:ArcaneDodge","Slimebound:CorrosiveSpit"],"picked":"Neutralize","floor":17},{"not_picked":["champ:SwordThrow","champ:HeavySlash"],"picked":"champ:CrownThrow","floor":17},{"not_picked":["Replay:Sssssssssshield","Replay:SS_fish_2"],"picked":"expansioncontent:BronzeBeam","floor":17},{"not_picked":["infinitespire:SealOfDarkness+","infinitespire:Starlight"],"picked":"ReplayTheSpireMod:Book of Names","floor":17},{"not_picked":["champ:DeathBlow","champ:Balance+1"],"picked":"champ:RisingSlash","floor":19},{"not_picked":["champ:Duel","champ:PerfectedStrike","champ:BladeFlurry"],"picked":"SKIP","floor":21},{"not_picked":["champ:Duel","champ:PerfectedStrike","champ:BladeFlurry"],"picked":"SKIP","floor":21},{"not_picked":["champ:FanOfKnives+1","champ:Backstep+1"],"picked":"champ:TornadoPunch+1","floor":23},{"not_picked":["champ:FaceSlap","champ:GladiatorsShout"],"picked":"champ:EndlessRage","floor":26},{"not_picked":["champ:StanceDance","champ:Aggression"],"picked":"champ:ShieldWall","floor":28},{"not_picked":["champ:Duel","champ:FanOfKnives","champ:Encircle"],"picked":"SKIP","floor":29},{"not_picked":["champ:ViciousMockery","champ:AdrenalArmor"],"picked":"champ:Circumvent+1","floor":31},{"not_picked":["champ:TornadoPunch","champ:Haymaker"],"picked":"champ:SkillfulDodge+1","floor":32},{"not_picked":["champ:VampiricStrike","champ:CrownThrow"],"picked":"champ:DancingMaster","floor":33},{"not_picked":["champ:TornadoPunch+1","champ:Riposte+1","champ:FlashCut"],"picked":"SKIP","floor":36},{"not_picked":["champ:Control+1","champ:FaceSlap+1"],"picked":"champ:IronFortress","floor":38},{"not_picked":["champ:PerfectedStrike+1","champ:AdrenalArmor+1"],"picked":"champ:FalseCounter+1","floor":39},{"not_picked":["champ:PreciseThrust","champ:RecklessLeap","champ:Encircle+1"],"picked":"SKIP","floor":40},{"not_picked":["champ:Circumvent","champ:Encircle","champ:FalseCounter+1"],"picked":"SKIP","floor":43},{"not_picked":["champ:Control","champ:FalseCounter"],"picked":"champ:ViciousMockery+1","floor":45},{"not_picked":["champ:FocusedGladiator","champ:Aggression+1"],"picked":"champ:StanceDance","floor":46},{"not_picked":["champ:Circumvent","champ:ViciousMockery+1"],"picked":"champ:CrookedStrike","floor":48},{"not_picked":["champ:BladeFlurry+1","champ:GladiatorsShout","champ:Duel+1"],"picked":"SKIP","floor":49},{"not_picked":["champ:LastStand","champ:PerfectForm"],"picked":"champ:ShieldThrow","floor":50},{"not_picked":["champ:FocusedGladiator","champ:FalseCounter","champ:RisingSlash"],"picked":"champ:DefensiveStyle","floor":53},{"not_picked":["BleedOut","HollowMod:FallenFury","IllusionStar"],"picked":"Gatherer:TacticalStrike","floor":55},{"not_picked":["ReplayTheSpireMod:Book of Names","infinitespire:Punishment"],"picked":"ReplayTheSpireMod:Chaos Vortex","floor":60},{"not_picked":["Sweeping Beam","GasGiant","Gatherer:WoolGloves"],"picked":"champ:CrookedStrike","floor":60},{"not_picked":["Replay:SS_fish_1","mysticmod:DiviningBlow","OpenUniverse"],"picked":"HollowMod:ZotesMagnificence","floor":62},{"not_picked":["champ:ViciousMockery","Guardian:PrimingBeam","HollowMod:DescendingDark"],"picked":"sneckomod:UnknownBlock","floor":64},{"not_picked":["Clockwork:Improve","TheCursedMod:ParallelWorld","hexamod:FastForward"],"picked":"Midas Touch","floor":65},{"not_picked":["HollowMod:ChannelNail","Replay:SS_fish_2","TheCursedMod:ManaBullet"],"picked":"Clockwork:Pluck","floor":66},{"not_picked":["EscapeVelocity+1","mysticmod:MirrorEntity+1","hexamod:TimeWarp"],"picked":"Buffer+1","floor":67},{"not_picked":["HollowMod:VengefulVoid","TheCursedMod:SoulCrush","Stack","Clockwork:SystemScan"],"picked":"SKIP","floor":70}],"player_experience":223496,"relics_obtained":[{"floor":7,"key":"Calipers"},{"floor":11,"key":"Toy Ornithopter"},{"floor":13,"key":"Durian"},{"floor":19,"key":"Lantern"},{"floor":20,"key":"downfall:GremlinSack"},{"floor":23,"key":"infinitespire:PuzzleCube"},{"floor":26,"key":"ReplayTheSpireMod:Shallot"},{"floor":41,"key":"Mummified Hand"},{"floor":48,"key":"Girya"},{"floor":57,"key":"ReplayTheSpireMod:Ring of Exchange"},{"floor":57,"key":"Ring of Panic"},{"floor":58,"key":"Frozen Egg 2"}],"event_choices":[{"damage_healed":0,"gold_gain":0,"player_choice":"Rummage","damage_taken":0,"relics_obtained":["WarpedTongs"],"max_hp_gain":0,"max_hp_loss":0,"event_name":"Accursed Blacksmith","floor":2,"gold_loss":0,"cards_obtained":["Pain"]},{"cards_removed":["champ:Strike"],"damage_healed":0,"gold_gain":0,"player_choice":"Took Card","damage_taken":0,"max_hp_gain":0,"max_hp_loss":0,"event_name":"NoteForYourself","floor":6,"gold_loss":0,"cards_obtained":["Replay:SS_hec_1"]},{"cards_removed":["champ:Defend"],"damage_healed":0,"gold_gain":0,"player_choice":"Offered Basic","damage_taken":0,"max_hp_gain":0,"max_hp_loss":0,"event_name":"Bonfire Elementals","floor":44,"gold_loss":0},{"damage_healed":0,"gold_gain":0,"player_choice":"Fight","damage_taken":0,"max_hp_gain":0,"max_hp_loss":0,"event_name":"Mysterious Sphere","floor":48,"gold_loss":0}],"is_beta":false,"boss_relics":[{"not_picked":["Snecko Eye","Pandora\u0027s Box"],"picked":"ReplayTheSpireMod:SealedPack"},{"not_picked":["Calling Bell","Empty Cage"],"picked":"ChewingGum"},{"not_picked":["Velvet Choker","Philosopher\u0027s Stone"],"picked":"Honey Jar"},{"not_picked":["Replay:Bronze Core","Astrolabe"],"picked":"Coffee Dripper"}],"items_purged_floors":[4,22,40,64],"is_endless":true,"potions_floor_spawned":[3,15,19,20,29,31,33,39,45,46,48,60,65],"killed_by":"Nightmare","ascension_level":0}}