{"host":"ci7ivtocgfxh0ueo","time":1608273472,"event":{"mods":["BaseMod","GifTheSpireLib","Minty Spire (QoL Compilation)","StSLib"],"gold_per_floor":[117,117,117,117,135,135,165,184,184,196,159,159,159,75,75,152,152,172,184,15,32,43,43,70,70,94,94,106,116,116,32,32,32,32],"floor_reached":33,"playtime":1137,"items_purged":[],"score":562,"play_id":"c8565e34-f5f3-4bec-bb1a-5abb42dae01a","local_time":"20201218143752","is_ascension_mode":true,"campfire_choices":[{"data":"Neutralize","floor":6,"key":"SMITH"},{"data":"Caltrops","floor":13,"key":"SMITH"},{"data":"Terror","floor":15,"key":"SMITH"},{"floor":23,"key":"REST"},{"data":"Dash","floor":25,"key":"SMITH"},{"floor":30,"key":"REST"},{"floor":32,"key":"REST"}],"circlet_count":0,"master_deck":["AscendersBane","Survivor","Neutralize+1","All Out Attack+1","Expertise","Dash","Caltrops+1","Finisher","Caltrops","Terror+1","A Thousand Cuts+1","Caltrops","Accuracy","Concentrate","Endless Agony","Quick Slash","Malaise","Flying Knee","Backflip","Malaise","Masterful Stab","Cloak And Dagger+1","All Out Attack","Acrobatics","Calculated Gamble","Dash+1","Leg Sweep"],"relics":["Ring of the Snake","NeowsBlessing","Mango","Thread and Needle","PreservedInsect","Pandora\u0027s Box","Vajra","Centennial Puzzle"],"acts_visited":["Exordium","TheCity"],"potions_floor_usage":[16,16,21,21,22,24,33],"damage_taken":[{"damage":0,"enemies":"Small Slimes","floor":1,"turns":1},{"damage":0,"enemies":"2 Louse","floor":5,"turns":1},{"damage":0,"enemies":"3 Sentries","floor":7,"turns":1},{"damage":0,"enemies":"Cultist","floor":8,"turns":3},{"damage":6,"enemies":"Red Slaver","floor":10,"turns":4},{"damage":3,"enemies":"The Guardian","floor":16,"turns":13},{"damage":2,"enemies":"2 Thieves","floor":18,"turns":3},{"damage":17,"enemies":"Shell Parasite","floor":19,"turns":3},{"damage":4,"enemies":"Snake Plant","floor":21,"turns":3},{"damage":24,"enemies":"Snecko","floor":22,"turns":6},{"damage":22,"enemies":"Book of Stabbing","floor":24,"turns":4},{"damage":6,"enemies":"Centurion and Healer","floor":28,"turns":5},{"damage":3,"enemies":"Snake Plant","floor":29,"turns":5},{"damage":92,"enemies":"Automaton","floor":33,"turns":10}],"seed_played":"-3752034361819134174","potions_obtained":[{"floor":1,"key":"Dexterity Potion"},{"floor":5,"key":"SkillPotion"},{"floor":19,"key":"Block Potion"},{"floor":21,"key":"Poison Potion"},{"floor":22,"key":"Fire Potion"}],"is_trial":false,"path_per_floor":["M","?","?","?","M","R","E","M","T","M","$","T","R","$","R","B",null,"M","M","$","M","M","R","E","R","T","?","M","M","R","$","R","B"],"character_chosen":"THE_SILENT","items_purchased":["Caltrops","Terror","All Out Attack","LiquidMemories","DistilledChaos"],"campfire_rested":3,"item_purchase_floors":[11,14,20,20,31],"current_hp_per_floor":[59,64,64,64,64,64,78,78,78,72,72,72,72,72,72,69,81,79,62,62,58,34,59,37,37,37,37,31,28,53,53,78,0,0],"gold":32,"neow_bonus":"THREE_ENEMY_KILL","is_daily":false,"chose_seed":false,"campfire_upgraded":4,"win_rate":0.0,"timestamp":1608273472,"path_taken":["M","?","?","?","M","R","E","M","T","?","$","?","R","$","R","BOSS","M","M","$","M","M","R","E","R","T","?","M","M","R","?","R","BOSS"],"items_purchased_type":["Card","Card","Card","Potion","Potion"],"build_version":"2020-12-13","purchased_purges":0,"victory":false,"max_hp_per_floor":[66,71,71,71,71,71,85,85,85,85,85,85,85,85,85,85,85,85,85,85,85,85,85,85,85,85,85,85,85,85,85,85,85,85],"card_choices":[{"not_picked":["Blade Dance","Quick Slash"],"picked":"All Out Attack","floor":1},{"not_picked":["Prepared","Bane"],"picked":"Expertise","floor":5},{"not_picked":["Terror","Sucker Punch"],"picked":"Dash","floor":7},{"not_picked":["Slice","Poisoned Stab"],"picked":"Caltrops","floor":8},{"not_picked":["Poisoned Stab","Blade Dance"],"picked":"Finisher","floor":10},{"not_picked":["Unload","Grand Finale"],"picked":"A Thousand Cuts","floor":16},{"not_picked":["Outmaneuver","Slice"],"picked":"Cloak And Dagger+1","floor":18},{"not_picked":["Dagger Throw","Backflip+1","Well Laid Plans"],"picked":"SKIP","floor":19},{"not_picked":["Outmaneuver+1","Endless Agony"],"picked":"Acrobatics","floor":21},{"not_picked":["Noxious Fumes","Outmaneuver+1"],"picked":"Calculated Gamble","floor":22},{"not_picked":["Malaise","Acrobatics"],"picked":"Dash","floor":24},{"not_picked":["Catalyst+1","Deadly Poison"],"picked":"Leg Sweep","floor":28},{"not_picked":["Concentrate","Deflect+1","Flying Knee"],"picked":"SKIP","floor":29}],"player_experience":1265871,"relics_obtained":[{"floor":7,"key":"Mango"},{"floor":9,"key":"Thread and Needle"},{"floor":12,"key":"PreservedInsect"},{"floor":24,"key":"Vajra"},{"floor":26,"key":"Centennial Puzzle"}],"event_choices":[{"damage_healed":0,"gold_gain":0,"player_choice":"Donut","damage_taken":0,"max_hp_gain":5,"max_hp_loss":0,"event_name":"Big Fish","floor":2,"gold_loss":0},{"damage_healed":0,"gold_gain":0,"player_choice":"Leave","damage_taken":0,"max_hp_gain":0,"max_hp_loss":0,"event_name":"The Cleric","floor":3,"gold_loss":0},{"damage_healed":0,"gold_gain":0,"player_choice":"Upgraded","damage_taken":0,"max_hp_gain":0,"max_hp_loss":0,"event_name":"Upgrade Shrine","floor":4,"gold_loss":0,"cards_upgraded":["All Out Attack"]},{"damage_healed":0,"gold_gain":0,"player_choice":"Upgraded","damage_taken":0,"max_hp_gain":0,"max_hp_loss":0,"event_name":"Upgrade Shrine","floor":27,"gold_loss":0,"cards_upgraded":["A Thousand Cuts"]}],"is_beta":false,"boss_relics":[{"not_picked":["Sozu","Black Star"],"picked":"Pandora\u0027s Box"}],"items_purged_floors":[],"is_endless":false,"potions_floor_spawned":[1,5,10,19,21,22],"killed_by":"Automaton","ascension_level":17}}