{"host":"0m7uut7ws4kj19nt","time":1608285065,"event":{"mods":["AchievementEnabler","BaseMod","Minty Spire (QoL Compilation)","Replay The Spire","StSLib","The Necromancer"],"gold_per_floor":[367,386,259,259,277,277,297,317,363,378,403,423,423,464,464,593,593,617,717,58,74,23,23,48,86,113,138,138,171,194,194,194,194,194],"floor_reached":33,"playtime":1810,"items_purged":["Strike_W","Defend_W"],"score":324,"play_id":"74c9b465-037e-40f5-a242-0a95aafe75f1","local_time":"20201218165105","is_ascension_mode":false,"campfire_choices":[{"data":"Life_Drain","floor":6,"key":"SMITH"},{"data":"Blood_Is_Power","floor":15,"key":"SMITH"},{"data":"Blood_Wake","floor":23,"key":"SMITH"},{"data":"Thousand_Bone_Knives","floor":23,"key":"SMITH"},{"floor":28,"key":"REST"},{"data":"Bite","floor":32,"key":"SMITH"},{"data":"Bite","floor":32,"key":"SMITH"}],"circlet_count":0,"master_deck":["Defend_W","Negative_Energy_Arrows","Bone_Wall","Thousand_Bone_Knives+1","Death_March_Dance+1","Summon_Lich+1","Life_Drain+1","Blood_Is_Power+1","Negative_Energy_Shield","Spectral_Armor+1","Life_Tap+1","Blood_Wake+1","CurseOfTheBell","Negative_Energy_Shield+1","Grasp_Heart+1","Vampiric_Strike+1","Negative_Energy_Javelin","Cloudkill+1","Hellfire+1","Summon_Undead_Army+1","Blood_Is_Power+1","Spectral_Armor+1","Blood_Whip+1","Bite+1","Bite+1","Bite","Bite","Bite","Negative_Energy_Sphere"],"relics":["Vampire_Amulet","Boot","Toxic Egg 2","Golden Idol","ReplayTheSpireMod:TigerMarble","Calling Bell","Anchor","Golden Egg","Replay:Arrowhead","Replay:PocketPolymizer","Medical Kit","Regal Pillow","Replay:Mystery Machine","Onion Ring"],"acts_visited":["Exordium","TheCity"],"potions_floor_usage":[16,16,33,33,33],"damage_taken":[{"damage":2,"enemies":"Small Slimes","floor":1,"turns":5},{"damage":0,"enemies":"Cultist","floor":2,"turns":3},{"damage":4,"enemies":"Jaw Worm","floor":5,"turns":4},{"damage":4,"enemies":"Looter","floor":7,"turns":3},{"damage":2,"enemies":"Exordium Thugs","floor":8,"turns":3},{"damage":2,"enemies":"3 Louse","floor":10,"turns":2},{"damage":15,"enemies":"3 Sentries","floor":11,"turns":5},{"damage":10,"enemies":"Exordium Wildlife","floor":12,"turns":3},{"damage":17,"enemies":"Lagavulin","floor":14,"turns":8},{"damage":36,"enemies":"Slime Boss","floor":16,"turns":9},{"damage":26,"enemies":"Spheric Guardian","floor":18,"turns":5},{"damage":22,"enemies":"3 Byrds","floor":21,"turns":5},{"damage":18,"enemies":"Cultist and Chosen","floor":24,"turns":7},{"damage":13,"enemies":"Book of Stabbing","floor":25,"turns":5},{"damage":2,"enemies":"Snake Plant","floor":27,"turns":3},{"damage":45,"enemies":"Slavers","floor":29,"turns":5},{"damage":14,"enemies":"3 Cultists","floor":30,"turns":5},{"damage":65,"enemies":"Champ","floor":33,"turns":6}],"seed_played":"-4817539194320285208","potions_obtained":[{"floor":1,"key":"LifebloodPotion"},{"floor":5,"key":"Weak Potion"},{"floor":10,"key":"ColorlessPotion"},{"floor":12,"key":"Strength Potion"},{"floor":16,"key":"Adrenaline Potion"},{"floor":24,"key":"Swift Potion"},{"floor":27,"key":"Explosive Potion"}],"is_trial":false,"path_per_floor":["M","M","$","?","M","R","M","M","T","M","E","M","?","E","R","B",null,"M","?","$","M","$","R","M","E","T","M","R","E","M","?","R","B"],"character_chosen":"NECROMANCER","items_purchased":["Summon_Lich+1","Grasp_Heart+1","Replay:PocketPolymizer","Medical Kit","Vampiric_Strike"],"campfire_rested":1,"item_purchase_floors":[3,20,20,20,22],"current_hp_per_floor":[68,68,68,68,66,66,66,68,68,68,68,68,51,42,42,24,68,48,48,48,38,38,38,33,31,31,34,68,37,39,39,39,0,0],"gold":194,"neow_bonus":"TWO_FIFTY_GOLD","is_daily":false,"chose_seed":false,"campfire_upgraded":6,"win_rate":0.0,"timestamp":1608285065,"path_taken":["M","M","$","?","?","R","M","M","T","M","E","M","?","E","R","BOSS","M","?","$","M","?","R","M","E","T","M","R","E","M","?","R","BOSS"],"items_purchased_type":["Card","Card","Relic","Relic","Card"],"build_version":"2020-12-13","purchased_purges":2,"victory":false,"max_hp_per_floor":[68,68,68,68,68,68,68,68,68,68,68,68,68,68,68,68,68,68,68,68,68,68,68,68,68,68,68,68,68,68,47,47,47,47],"card_choices":[{"not_picked":["Negative_Energy_Javelin","Bone_Armor"],"picked":"Thousand_Bone_Knives","floor":1},{"not_picked":["Blood_Whip","Bone_Prison"],"picked":"Death_March_Dance","floor":2},{"not_picked":["Blood_for_Blood","Exploit"],"picked":"Life_Drain","floor":5},{"not_picked":["Strike_from_Beyond","Chill_Blood"],"picked":"Blood_Is_Power","floor":7},{"not_picked":["Bones_to_Steel","Negative_Energy_Mist"],"picked":"Negative_Energy_Shield","floor":8},{"not_picked":["Consume_Illness","Negative_Energy_Mist","Violent_Necrosis"],"picked":"SKIP","floor":10},{"not_picked":["Reap_The_Weak","Deaths_Shadow","Negative_Energy_Mist+1"],"picked":"SKIP","floor":11},{"not_picked":["Chill_Blood+1","Negative_Energy_Mist+1"],"picked":"Spectral_Armor+1","floor":12},{"not_picked":["Necrotic_Claws","Acid_Javelin"],"picked":"Life_Tap+1","floor":14},{"not_picked":["Detonate_Bones","Blood_Magic"],"picked":"Blood_Wake","floor":16},{"not_picked":["Flesh_Made_Foul","Chill_Blood+1"],"picked":"Negative_Energy_Shield+1","floor":18},{"not_picked":["Bone_Spikes+1","Necromantic_Selection+1","Scare+1"],"picked":"SKIP","floor":21},{"not_picked":["Death_March_Dance","Toxic_Smoke_Screen+1"],"picked":"Cloudkill+1","floor":24},{"not_picked":["Bone_Prison+1","Necromantic_Selection+1"],"picked":"Hellfire","floor":25},{"not_picked":["Bone_Armory+1","Blood_Curse"],"picked":"Summon_Undead_Army+1","floor":27},{"not_picked":["Blood_Is_Power+1","Pandemic+1"],"picked":"Spectral_Armor+1","floor":29},{"not_picked":["Negative_Energy_Sphere","Blood_Curse+1"],"picked":"Blood_Whip+1","floor":30}],"player_experience":65716,"relics_obtained":[{"floor":9,"key":"Boot"},{"floor":11,"key":"Toxic Egg 2"},{"floor":14,"key":"ReplayTheSpireMod:TigerMarble"},{"floor":17,"key":"Anchor"},{"floor":17,"key":"Golden Egg"},{"floor":17,"key":"Replay:Arrowhead"},{"floor":25,"key":"Regal Pillow"},{"floor":26,"key":"Replay:Mystery Machine"},{"floor":29,"key":"Onion Ring"}],"event_choices":[{"damage_healed":0,"gold_gain":0,"player_choice":"Upgraded","damage_taken":0,"max_hp_gain":0,"max_hp_loss":0,"event_name":"Upgrade Shrine","floor":4,"gold_loss":0,"cards_upgraded":["Death_March_Dance"]},{"damage_healed":0,"gold_gain":0,"player_choice":"Take Damage","damage_taken":17,"relics_obtained":["Golden Idol"],"max_hp_gain":0,"max_hp_loss":0,"event_name":"Golden Idol","floor":13,"gold_loss":0},{"damage_healed":0,"gold_gain":100,"player_choice":"Pray","damage_taken":0,"max_hp_gain":0,"max_hp_loss":0,"event_name":"Golden Shrine","floor":19,"gold_loss":0},{"damage_healed":0,"gold_gain":0,"player_choice":"Became a vampire","damage_taken":0,"max_hp_gain":0,"max_hp_loss":21,"event_name":"Vampires","floor":31,"gold_loss":0,"cards_obtained":["Bite","Bite","Bite","Bite","Bite"]}],"is_beta":false,"boss_relics":[{"not_picked":["SlaversCollar","Painkiller Herb"],"picked":"Calling Bell"}],"items_purged_floors":[3,20],"is_endless":false,"potions_floor_spawned":[1,5,10,12,16,24,27],"killed_by":"Champ","ascension_level":0}}