{"host":"9i3p3psgt8uik67c","time":1608270871,"event":{"mods":["Abigail Mod","Act Like it!","BaseMod","BetterRewards","Downfall","Friendly Minions","Highlight Path","Hubris","Infinite Spire","Jorbs\u0027s Wanderer Trilogy","Minty Spire (QoL Compilation)","READ ME - Guardian Mod","Replay The Spire","Shop Mod","StSLib","Td1madao Mod","The Animator","The Bladedancer","The Cursed","The Hierophant","The Jungle","The Necromancer","The Servant 0.9.4"],"gold_per_floor":[99,133,133,133,133,133,133,58,86,86,113,131,143,143,162,258,258,258,8,28,13,13,13],"floor_reached":22,"playtime":1267,"items_purged":[],"score":238,"play_id":"4f6efb0a-7ac5-4a0d-b44c-2b29d94bb039","local_time":"20201218005431","is_ascension_mode":false,"campfire_choices":[{"data":"Guardian:TwinSlam","floor":1,"key":"SMITH"},{"floor":3,"key":"RECALL"},{"data":"Guardian:CurlUp","floor":8,"key":"SMITH"},{"data":"Guardian:Defend_Guardian","floor":10,"key":"SMITH"},{"data":"Guardian:ConstructionForm","floor":18,"key":"SMITH"}],"circlet_count":0,"master_deck":["Guardian:Strike_Guardian","Guardian:Strike_Guardian","Guardian:Strike_Guardian","Guardian:Strike_Guardian","Guardian:Defend_Guardian","Guardian:Defend_Guardian","Guardian:Defend_Guardian","Guardian:Defend_Guardian+1","Guardian:CurlUp+1","Guardian:TwinSlam+1","Guardian:Planning+1","Guardian:Harden","Guardian:ConstructionForm+1","GremboGang","Guardian:Planning+1","Guardian:SphericShield"],"relics":["m_SnakeBloodCore","downfall:HeartsMalice","infinitespire:Satchel","infinitespire:Cubic Diamond","hubris:Potato","downfall:HeartBlessingRed","Anchor","hubris:SlimyHat"],"acts_visited":["Exordium","TheCity"],"potions_floor_usage":[16],"damage_taken":[{"damage":0,"enemies":"Gremlin Nob","floor":2,"turns":1},{"damage":0,"enemies":"infinitespire:Voidling","floor":4,"turns":1},{"damage":0,"enemies":"Lagavulin","floor":9,"turns":1},{"damage":0,"enemies":"2 Louse","floor":12,"turns":3},{"damage":0,"enemies":"Small Slimes","floor":13,"turns":3},{"damage":4,"enemies":"Blue Slaver","floor":15,"turns":3},{"damage":10,"enemies":"downfall:Silent","floor":16,"turns":10},{"damage":25,"enemies":"3 Byrds","floor":20,"turns":7},{"damage":0,"enemies":"downfall:FleeingMerchant","floor":21,"turns":4}],"seed_played":"-9053668611914248560","potions_obtained":[{"floor":13,"key":"SteroidPotion"},{"floor":15,"key":"Energy Potion"},{"floor":16,"key":"SpeedPotion"}],"is_trial":false,"path_per_floor":["R","E","R","M","?","?","T","R","E","R","T","M","M","?","M","B",null,"R","?","M","$","R"],"character_chosen":"GUARDIAN","items_purchased":[],"campfire_rested":0,"item_purchase_floors":[],"current_hp_per_floor":[80,80,80,80,80,80,80,80,80,80,80,80,80,80,79,72,80,80,80,58,61,61,61],"gold":13,"neow_bonus":"THREE_ENEMY_KILL","is_daily":false,"chose_seed":false,"campfire_upgraded":4,"win_rate":0.0,"timestamp":1608270871,"path_taken":["R","E","R","?","?","?","T","R","E","R","?","M","?","?","M","BOSS","R","?","M","?","R"],"items_purchased_type":[],"build_version":"2020-12-13","purchased_purges":0,"victory":false,"max_hp_per_floor":[80,80,80,80,80,80,80,80,80,80,80,80,80,80,80,80,80,80,80,80,80,80,80],"card_choices":[{"not_picked":["Guardian:MultiBeam","Guardian:ShieldSpikes"],"picked":"Guardian:Gem_White","floor":2},{"not_picked":["Guardian:Gem_Lightblue","Guardian:WalkerClaw"],"picked":"Guardian:Gem_Crimson","floor":4},{"not_picked":["Guardian:ShieldSpikes","Guardian:Gem_Red"],"picked":"Guardian:Gem_Cyan","floor":9},{"not_picked":["Guardian:Gem_Purple","Guardian:Gem_Cyan"],"picked":"Guardian:Gem_Red","floor":12},{"not_picked":["Guardian:ShieldCharger","Guardian:RefractedBeam"],"picked":"Guardian:Planning","floor":13},{"not_picked":["Guardian:ChargeCore","Guardian:Gem_Cyan"],"picked":"Guardian:Harden","floor":15},{"not_picked":["Guardian:StasisField","Guardian:StasisStrike"],"picked":"Guardian:ConstructionForm","floor":16},{"not_picked":["Guardian:Gem_Green","Guardian:ChargeUp"],"picked":"Guardian:Planning+1","floor":20},{"not_picked":["Guardian:ArmoredProtocol+1","Guardian:Recover"],"picked":"Guardian:SphericShield","floor":21}],"player_experience":58565,"relics_obtained":[{"floor":2,"key":"infinitespire:Satchel"},{"floor":7,"key":"hubris:Potato"},{"floor":9,"key":"Anchor"},{"floor":11,"key":"hubris:SlimyHat"}],"event_choices":[{"damage_healed":0,"gold_gain":0,"player_choice":"Grow","damage_taken":0,"max_hp_gain":0,"max_hp_loss":0,"event_name":"Living Wall","floor":14,"gold_loss":0,"cards_upgraded":["Guardian:Planning"]}],"is_beta":false,"boss_relics":[{"not_picked":["hubris:RunicObelisk","Kintsugi","Philosopher\u0027s Stone"]}],"items_purged_floors":[],"is_endless":false,"potions_floor_spawned":[13,15,16],"ascension_level":0}}