{"host":"miejrq8yypas90n2","time":1608258185,"event":{"mods":["Act Like it!","BaseMod","Colored Powertips","Gensokyo","Marisa£®ÏF”Í°°ƒß¿Ì…≥£©","Minty Spire (QoL Compilation)","Replay The Spire","StSLib","The Animator","The Servant 0.9.4","TheWitcher"],"gold_per_floor":[111,132,26,26,54,54,119,119,187,187,7,32,32,48,48,162,162,157,157,173,198,198,234,234,250,273,318,318],"floor_reached":27,"playtime":2171,"items_purged":[],"score":268,"play_id":"a1cdb307-65b8-48ed-8a5f-f77e7c625c07","local_time":"20201218102305","is_ascension_mode":false,"campfire_choices":[{"data":"SnafuTest:CalculatingAmbition","floor":8.0,"key":"SMITH"},{"data":"Dramatic Entrance","floor":10.0,"key":"SMITH"},{"data":"SnafuTest:MCMockAndRun","floor":15.0,"key":"SMITH"},{"floor":24.0,"key":"REST"}],"circlet_count":0,"master_deck":["SnafuTest:DefaultCommonAttack","SnafuTest:DefaultCommonAttack","SnafuTest:DefaultCommonAttack","SnafuTest:BountyHunt","SnafuTest:DefaultCommonSkill","SnafuTest:DefaultCommonSkill","SnafuTest:DefaultCommonSkill","SnafuTest:SignAard","SnafuTest:WorldMap","SnafuTest:SwordDance","Dramatic Entrance+1","SnafuTest:FeignDeath","SnafuTest:MCMockAndRun+1","ReplayTheSpireMod:Splinters","SnafuTest:CalculatingAmbition+1","SnafuTest:UndefeatedNarcissism","SnafuTest:Siege","SnafuTest:SpellIthlinneProphecy","SnafuTest:PowerRhymeBeyondTime","SnafuTest:Meditation","Necronomicurse","SnafuTest:Siege+1","SnafuTest:Meditation+1","SnafuTest:SpellArcaneDomain+1","SnafuTest:FeignDeath","SnafuTest:DecisiveOpportunity"],"relics":["SnafuTest:PlaceholderRelic","NeowsBlessing","Darkstone Periapt","Ring of Misfortune","SnafuTest:BearRelic","Toolbox","Philosopher\u0027s Stone","Necronomicon","Lantern","Replay:Rubber Ducky","Replay:Baseball"],"acts_visited":[],"potions_floor_usage":[27],"damage_taken":[{"damage":0.0,"enemies":"Jaw Worm","floor":1.0,"turns":1.0},{"damage":0.0,"enemies":"2 Louse","floor":2.0,"turns":1.0},{"damage":0.0,"enemies":"Small Slimes","floor":5.0,"turns":1.0},{"damage":1.0,"enemies":"Blue Slaver","floor":12.0,"turns":3.0},{"damage":0.0,"enemies":"Gremlin Gang","floor":14.0,"turns":1.0},{"damage":11.0,"enemies":"Slime Boss","floor":16.0,"turns":13.0},{"damage":23.0,"enemies":"2 Thieves","floor":18.0,"turns":5.0},{"damage":0.0,"enemies":"Spheric Guardian","floor":20.0,"turns":3.0},{"damage":6.0,"enemies":"Cultist and Chosen","floor":21.0,"turns":3.0},{"damage":15.0,"enemies":"Replay:Snechameleon","floor":23.0,"turns":5.0},{"damage":10.0,"enemies":"Centurion and Healer","floor":25.0,"turns":3.0},{"damage":25,"enemies":"Slavers","floor":27,"turns":5}],"seed_played":"4625206144233015364","potions_obtained":[{"floor":5.0,"key":"SpeedPotion"},{"floor":7.0,"key":"ColorlessPotion"},{"floor":7.0,"key":"LiquidMemories"},{"floor":14.0,"key":"Adrenaline Potion"},{"floor":25.0,"key":"LiquidMemories"}],"is_trial":false,"path_per_floor":["M","M","$","?","M","?","?","R","T","R","$","M","?","M","R","B",null,"M","?","M","M","?","E","R","M","T","E"],"character_chosen":"THE_WITCHER","items_purchased":["Dramatic Entrance","SnafuTest:FeignDeath","SnafuTest:UndefeatedNarcissism","Toolbox"],"campfire_rested":1,"item_purchase_floors":[3,3,11,11],"current_hp_per_floor":[75,75,75,57,57,63,69,69,69,69,69,68,73,73,73,62,92,69,59,59,53,53,38,67,57,57,32,32],"gold":318,"neow_bonus":"THREE_ENEMY_KILL","is_daily":false,"chose_seed":false,"campfire_upgraded":3,"win_rate":0.0,"timestamp":1608258185,"path_taken":["M","M","$","?","M","?","?","R","T","R","?","?","?","M","R","BOSS","M","?","M","M","?","E","R","M","T","E"],"items_purchased_type":["Card","Card","Card","Relic"],"build_version":"2020-12-13","purchased_purges":0,"victory":false,"max_hp_per_floor":[75,75,75,75,75,81,87,87,87,87,87,87,92,92,92,92,92,92,98,98,98,98,98,98,98,98,98,98],"card_choices":[{"not_picked":["SnafuTest:PowerAlwaysOnRoads","SnafuTest:SpellSabrinaHellfire"],"picked":"SnafuTest:WorldMap","floor":1.0},{"not_picked":["SnafuTest:RecklessBlow","SnafuTest:NoPass"],"picked":"SnafuTest:SwordDance","floor":2.0},{"not_picked":["SnafuTest:BombDragonsDream","SnafuTest:RecklessBlow"],"picked":"SnafuTest:MCMockAndRun","floor":5.0},{"not_picked":["SnafuTest:MCMockAndRun","SnafuTest:BombDimeritium"],"picked":"SnafuTest:CalculatingAmbition","floor":7.0},{"not_picked":["SnafuTest:FlashingEvasion","SnafuTest:SpellSabrinaHellfire"],"picked":"SnafuTest:Siege","floor":12.0},{"not_picked":["SnafuTest:PayWeaponSmith","SnafuTest:Kick"],"picked":"SnafuTest:SpellIthlinneProphecy","floor":14.0},{"not_picked":["SnafuTest:IndifferentImmortality","SnafuTest:LastWish"],"picked":"SnafuTest:PowerRhymeBeyondTime","floor":16.0},{"not_picked":["SnafuTest:ArmoredSortie","SnafuTest:BombDragonsDream"],"picked":"SnafuTest:Meditation","floor":18.0},{"not_picked":["SnafuTest:SpellLifeDrain","SnafuTest:ShoulderSlam+1"],"picked":"SnafuTest:Siege+1","floor":20.0},{"not_picked":["SnafuTest:SwordDance","SnafuTest:PowerAlwaysAWay"],"picked":"SnafuTest:Meditation+1","floor":21.0},{"not_picked":["SnafuTest:SpellIncendiaryShower","SnafuTest:SmashingSlash"],"picked":"SnafuTest:SpellArcaneDomain+1","floor":23.0},{"not_picked":["SnafuTest:FlashingEvasion","SnafuTest:Kick"],"picked":"SnafuTest:FeignDeath","floor":25.0},{"not_picked":["SnafuTest:BattleCry","SnafuTest:FlashingRaid"],"picked":"SnafuTest:DecisiveOpportunity","floor":27}],"player_experience":88249,"relics_obtained":[{"floor":6.0,"key":"Ring of Misfortune"},{"floor":9.0,"key":"SnafuTest:BearRelic"},{"floor":19.0,"key":"Necronomicon"},{"floor":23.0,"key":"Lantern"},{"floor":26.0,"key":"Replay:Rubber Ducky"},{"floor":27,"key":"Replay:Baseball"}],"event_choices":[{"damage_healed":0.0,"max_hp_gain":0.0,"max_hp_loss":0.0,"gold_gain":0.0,"event_name":"Scrap Ooze","player_choice":"Success","floor":4.0,"gold_loss":0.0,"damage_taken":18.0,"relics_obtained":["Darkstone Periapt"]},{"damage_healed":0.0,"max_hp_gain":5.0,"max_hp_loss":0.0,"gold_gain":0.0,"event_name":"Big Fish","player_choice":"Donut","floor":13.0,"gold_loss":0.0,"damage_taken":0.0},{"damage_healed":0.0,"max_hp_gain":0.0,"max_hp_loss":0.0,"gold_gain":0.0,"event_name":"Cursed Tome","player_choice":"Obtained Book","floor":19.0,"gold_loss":0.0,"damage_taken":16.0},{"cards_removed":["Normality"],"damage_healed":0.0,"max_hp_gain":0.0,"max_hp_loss":0.0,"gold_gain":0.0,"event_name":"Back to Basics","player_choice":"Elegance","floor":22.0,"gold_loss":0.0,"damage_taken":0.0}],"is_beta":false,"boss_relics":[{"not_picked":["Replay:Drink Me","Runic Dome"],"picked":"Philosopher\u0027s Stone"}],"items_purged_floors":[],"is_endless":false,"potions_floor_spawned":[5,12,14,20,25],"killed_by":"Slavers","ascension_level":0}}