{"host":"oiai0qxasotny765","time":1608287213,"event":{"mods":["2.2 Compatiblity","AchievementEnabler","BaseMod","Colored Map","Minty Spire (QoL Compilation)","Permanent Neow","Relic Stats","StSLib","SuperFastMode","everything is the same but u backflip on backflip"],"gold_per_floor":[112,33,48,60,60,60,60,73,148,148,162,9,20,30,30,104,104,115,115,165,165,165],"floor_reached":21,"playtime":676,"items_purged":["Strike_G"],"score":316,"play_id":"7d27ce23-deac-4742-b39f-4ecc761f0141","local_time":"20201218192653","is_ascension_mode":true,"campfire_choices":[{"data":"Poisoned Stab","floor":6,"key":"SMITH"},{"data":"Footwork","floor":10,"key":"SMITH"},{"data":"Calculated Gamble","floor":15,"key":"SMITH"}],"circlet_count":0,"master_deck":["AscendersBane","Strike_G","Strike_G","Strike_G","Strike_G","Defend_G","Defend_G","Defend_G","Defend_G","Defend_G","Survivor","Neutralize","Footwork+1","Acrobatics","Predator","Poisoned Stab+1","Grand Finale","Blur","Reflex","Calculated Gamble+1","Backflip","Writhe"],"relics":["Ring of the Snake","StrikeDummy","Black Star","Oddly Smooth Stone"],"acts_visited":["Exordium","TheCity"],"potions_floor_usage":[16,16],"damage_taken":[{"damage":0,"enemies":"Cultist","floor":1,"turns":6},{"damage":2,"enemies":"Jaw Worm","floor":3,"turns":5},{"damage":0,"enemies":"2 Louse","floor":4,"turns":3},{"damage":10,"enemies":"Lots of Slimes","floor":8,"turns":5},{"damage":9,"enemies":"Red Slaver","floor":11,"turns":5},{"damage":0,"enemies":"Blue Slaver","floor":13,"turns":4},{"damage":0,"enemies":"Looter","floor":14,"turns":4},{"damage":27,"enemies":"The Guardian","floor":16,"turns":14},{"damage":26,"enemies":"Chosen","floor":18,"turns":7},{"damage":17,"enemies":"3 Byrds","floor":21,"turns":5}],"seed_played":"1405708367218887505","potions_obtained":[{"floor":3,"key":"Energy Potion"},{"floor":8,"key":"AttackPotion"}],"is_trial":false,"path_per_floor":["M","$","M","M","?","R","?","M","T","R","M","$","M","M","R","B",null,"M","?","?","M"],"character_chosen":"THE_SILENT","items_purchased":["Predator","Reflex"],"campfire_rested":0,"item_purchase_floors":[2,12],"current_hp_per_floor":[59,59,57,57,57,57,53,43,43,43,34,34,34,34,34,7,51,25,25,25,8,8],"gold":165,"neow_bonus":"THREE_CARDS","is_daily":false,"chose_seed":false,"campfire_upgraded":3,"win_rate":0.0,"timestamp":1608287213,"path_taken":["M","$","M","M","?","R","?","M","T","R","M","$","?","M","R","BOSS","M","?","?","?"],"items_purchased_type":["Card","Card"],"build_version":"2020-12-13","purchased_purges":1,"victory":false,"max_hp_per_floor":[66,66,66,66,66,66,66,66,66,66,66,66,66,66,66,66,66,66,66,66,66,66],"relic_stats":{"counters":[10,58],"Black Star":0,"obtain_stats":[{"Oddly Smooth Stone":19,"Black Star":17,"StrikeDummy":9,"Ring of the Snake":0},{"Oddly Smooth Stone":9,"Black Star":8,"StrikeDummy":4,"Ring of the Snake":0},{"Oddly Smooth Stone":53,"Black Star":46,"StrikeDummy":19,"Ring of the Snake":0}],"Ring of the Snake":[20]},"card_choices":[{"not_picked":["Backstab","Outmaneuver"],"picked":"Footwork","floor":0},{"not_picked":["Quick Slash","Underhanded Strike","Acrobatics"],"picked":"SKIP","floor":1},{"not_picked":["Quick Slash","Underhanded Strike"],"picked":"Acrobatics","floor":1},{"not_picked":["PiercingWail","Cloak And Dagger","Sucker Punch"],"picked":"SKIP","floor":3},{"not_picked":["Well Laid Plans","Dagger Throw"],"picked":"Poisoned Stab","floor":4},{"not_picked":["Skewer","Choke"],"picked":"Grand Finale","floor":8},{"not_picked":["Dodge and Roll","Flying Knee"],"picked":"Blur","floor":11},{"not_picked":["Expertise","Infinite Blades","Poisoned Stab"],"picked":"SKIP","floor":13},{"not_picked":["Cloak And Dagger","Dodge and Roll"],"picked":"Calculated Gamble","floor":14},{"not_picked":["PiercingWail","Acrobatics"],"picked":"Backflip","floor":18}],"player_experience":269753,"relics_obtained":[{"floor":9,"key":"StrikeDummy"}],"event_choices":[{"damage_healed":0,"gold_gain":0,"player_choice":"Leave","damage_taken":0,"max_hp_gain":0,"max_hp_loss":0,"event_name":"The Cleric","floor":5,"gold_loss":0},{"damage_healed":0,"gold_gain":0,"player_choice":"Bought 0 Potions","damage_taken":0,"max_hp_gain":0,"max_hp_loss":0,"event_name":"The Woman in Blue","floor":7,"gold_loss":0},{"damage_healed":0,"gold_gain":0,"player_choice":"Opened","damage_taken":0,"relics_obtained":["Oddly Smooth Stone"],"max_hp_gain":0,"max_hp_loss":0,"event_name":"The Mausoleum","floor":19,"gold_loss":0,"cards_obtained":["Writhe"]},{"damage_healed":0,"gold_gain":50,"player_choice":"Pray","damage_taken":0,"max_hp_gain":0,"max_hp_loss":0,"event_name":"Golden Shrine","floor":20,"gold_loss":0}],"is_beta":false,"boss_relics":[{"not_picked":["Coffee Dripper","Cursed Key"],"picked":"Black Star"}],"items_purged_floors":[12],"is_endless":false,"potions_floor_spawned":[3,8,11,14],"killed_by":"3 Byrds","ascension_level":17}}