{"host":"jtxptf9isiqyc7jm","time":1608328533,"event":{"mods":["Act Like it!","BaseMod","Bestiary","BetterRewards","Colored Powertips","Custom Start","Downfall","Friendly Minions","Hermit","Hubris","Infinite Spire","Jorbs\u0027s Wanderer Trilogy","Kiyohime????","Koishi","Lobotomy","Marisa????????","Minty Spire (QoL Compilation)","Prisma Mod","Remilia??????","Replay The Spire","Shop Mod","StSLib","The Construct","The Cursed","The Disciple","The Hierophant","The Jungle","The Runesmith","The Senshi","The Servant 0.9.4"],"gold_per_floor":[117,128,139,190,51,51,68,68,92,40,40,50,62,92,92,189,189,177,193,193,193],"floor_reached":20,"playtime":1253,"items_purged":[],"score":185,"play_id":"8d3e681d-496b-485b-b84f-59d2a9cb1958","local_time":"20201218215533","is_ascension_mode":true,"campfire_choices":[{"floor":6,"key":"REST"},{"floor":15,"key":"REST"}],"circlet_count":0,"master_deck":["TheCursedMod:Strike_TheCursed","TheCursedMod:Strike_TheCursed","TheCursedMod:Strike_TheCursed","TheCursedMod:Strike_TheCursed","TheCursedMod:Defend_TheCursed+1","TheCursedMod:Defend_TheCursed","TheCursedMod:Defend_TheCursed","TheCursedMod:Defend_TheCursed","TheCursedMod:CursedWand","TheCursedMod:CleanUpWorkshop+1","TheCursedMod:Dregs","TheCursedMod:WearCloak","TheCursedMod:RavingStaff","TheCursedMod:SpitefulPray","TheCursedMod:ManaCirculation","TheCursedMod:CursedMace","TheCursedMod:HellfireBreathing+1","TheCursedMod:CursedBoomerang","TheCursedMod:Obscuration","TheCursedMod:Hemoplague","TheCursedMod:Hemoplague","TheCursedMod:CursedShiv","TheCursedMod:HellfireBreathing","TheCursedMod:AshesToAshes","TheCursedMod:CursedAmulet","TheCursedMod:OutForBlood","TheCursedMod:CircleOfAmplification+1","TheCursedMod:BlessingInDisguise"],"relics":["TheCursedMod:BlackMagic101","Chameleon Ring","Dream Catcher","hubris:CuriousFeather","Orichalcum"],"acts_visited":["Exordium","TheCity"],"potions_floor_usage":[7,14,14],"damage_taken":[{"damage":3,"enemies":"infinitespire:Voidling","floor":1,"turns":6},{"damage":0,"enemies":"Jaw Worm","floor":2,"turns":4},{"damage":5,"enemies":"Small Slimes","floor":3,"turns":4},{"damage":11,"enemies":"Exordium Thugs","floor":7,"turns":5},{"damage":0,"enemies":"Red Slaver","floor":12,"turns":3},{"damage":8,"enemies":"3 Louse","floor":13,"turns":4},{"damage":4,"enemies":"3 Sentries","floor":14,"turns":5},{"damage":27,"enemies":"Hexaghost","floor":16,"turns":8},{"damage":14,"enemies":"2 Thieves","floor":18,"turns":4},{"damage":14,"enemies":"Spheric Guardian","floor":19,"turns":4},{"damage":51,"enemies":"Masked Bandits","floor":20,"turns":5}],"seed_played":"-4085791363876689022","potions_obtained":[{"floor":1,"key":"champ:CounterPotion"},{"floor":3,"key":"SkillPotion"},{"floor":7,"key":"Regen Potion"},{"floor":13,"key":"Strength Potion"},{"floor":18,"key":"Milkshake"}],"is_trial":false,"path_per_floor":["M","M","M","?","$","R","M","?","T","$","?","M","M","E","R","B",null,"M","M","?"],"character_chosen":"THE_CURSED","items_purchased":["TheCursedMod:HellfireBreathing+1","TheCursedMod:CursedBoomerang","TheCursedMod:Hemoplague"],"campfire_rested":2,"item_purchase_floors":[5,5,10],"current_hp_per_floor":[72,72,67,49,49,71,60,60,60,60,60,60,52,48,70,43,75,61,47,0,0],"gold":193,"neow_bonus":"UPGRADE_CARD","is_daily":false,"chose_seed":false,"campfire_upgraded":0,"win_rate":0.0,"timestamp":1608328533,"path_taken":["M","M","?","?","?","R","?","?","T","?","?","?","?","E","R","BOSS","M","M","?"],"items_purchased_type":["Card","Card","Card"],"build_version":"2020-12-13","purchased_purges":0,"victory":false,"max_hp_per_floor":[75,75,75,75,75,75,75,75,75,75,75,75,75,75,75,75,75,75,75,75,75],"card_choices":[{"not_picked":["TheCursedMod:RapidMovement","TheCursedMod:AshesToAshes"],"picked":"TheCursedMod:WearCloak","floor":1},{"not_picked":["TheCursedMod:WearCloak","TheCursedMod:SurpriseAttack"],"picked":"TheCursedMod:RavingStaff","floor":2},{"not_picked":["TheCursedMod:Grudge","TheCursedMod:CursedSpellbook"],"picked":"TheCursedMod:SpitefulPray","floor":3},{"not_picked":["TheCursedMod:Evocation","TheCursedMod:WearCloak"],"picked":"TheCursedMod:ManaCirculation","floor":4},{"not_picked":["TheCursedMod:Stretching","TheCursedMod:RavingStaff"],"picked":"TheCursedMod:CursedMace","floor":4},{"not_picked":["TheCursedMod:Wield","TheCursedMod:CursedArmor"],"picked":"TheCursedMod:Obscuration","floor":7},{"not_picked":["TheCursedMod:CursedBlade","TheCursedMod:CircleOfCorruption"],"picked":"TheCursedMod:CursedShiv","floor":12},{"not_picked":["TheCursedMod:PrepareRite","TheCursedMod:CircleOfWindfury"],"picked":"TheCursedMod:HellfireBreathing","floor":13},{"not_picked":["TheCursedMod:Hemoplague","TheCursedMod:Wield"],"picked":"TheCursedMod:AshesToAshes","floor":14},{"not_picked":["TheCursedMod:CursedShiv","TheCursedMod:Stigma"],"picked":"TheCursedMod:CursedAmulet","floor":15},{"not_picked":["TheCursedMod:Neurasthenia","TheCursedMod:NeowsMight"],"picked":"TheCursedMod:OutForBlood","floor":16},{"not_picked":["TheCursedMod:RavingStaff","TheCursedMod:CursedBoomerang"],"picked":"TheCursedMod:CircleOfAmplification+1","floor":18},{"not_picked":["TheCursedMod:CircleOfCorruption+1","TheCursedMod:SmokeScreen+1"],"picked":"TheCursedMod:BlessingInDisguise","floor":19}],"player_experience":95607,"relics_obtained":[{"floor":4,"key":"Chameleon Ring"},{"floor":9,"key":"Dream Catcher"},{"floor":14,"key":"Orichalcum"}],"event_choices":[{"damage_healed":0,"gold_gain":0,"player_choice":"Gave Potion","damage_taken":0,"relics_obtained":["hubris:CuriousFeather"],"max_hp_gain":0,"max_hp_loss":0,"event_name":"WeMeetAgain","floor":11,"gold_loss":0},{"damage_healed":0,"gold_gain":0,"player_choice":"Fought Bandits","damage_taken":0,"max_hp_gain":0,"max_hp_loss":0,"event_name":"Masked Bandits","floor":20,"gold_loss":0}],"is_beta":false,"boss_relics":[{"not_picked":["Honey Jar","Ectoplasm","Sozu"]}],"items_purged_floors":[],"is_endless":false,"potions_floor_spawned":[1,3,7,13,18],"killed_by":"Masked Bandits","ascension_level":1}}