{"host":"4lebci84u2l5u89t","time":1608309633,"event":{"mods":["AchievementEnabler","Aspiration","Bard","BaseMod","Beaked The Cultist","Better Altar","Better Match","Better Note","Better Sensory Stone","Better Skull","Better Third Choice","BetterRewards","CCEM","Colored Map","Conspire","Downfall","GifTheSpireLib","Googly Eyes","Halation","Hermit","Highlight Path","Hubris","Hunter ??","Jedi Mod","Jorbs\u0027s Wanderer Trilogy","Lobotomy","Mad Scientist","Marisa????????","Mimic Mod","Minty Spire (QoL Compilation)","Permanent Neow","Replay The Spire","Shade Mod","Spicy Shops","StSLib","Stuff the Spire","Unceasing Turn Reminder"],"gold_per_floor":[99,99,129,114,149,149,149,149,149,132,132,160,289,74,101,109,109],"floor_reached":16,"playtime":855,"items_purged":[],"score":116,"play_id":"8312fa87-74d9-4cea-9c9c-c5beb3776600","local_time":"20201218174033","is_ascension_mode":false,"campfire_choices":[{"data":"hubris:Disease","floor":1,"key":"PURGE"},{"data":"beaked:Ceremony","floor":6,"key":"SMITH"},{"data":"beaked:Evade","floor":9,"key":"SMITH"}],"circlet_count":0,"master_deck":["beaked:Strike_Y","beaked:Strike_Y","beaked:Strike_Y","beaked:Strike_Y","beaked:Strike_Y","beaked:Defend_Y","beaked:Defend_Y","beaked:Defend_Y","beaked:Defend_Y","beaked:Ceremony+1","beaked:Ceremony","beaked:Ceremony+1","Sadistic Nature","beaked:Strike_Y","beaked:Recite","beaked:Evade+1","beaked:Windmill","beaked:FeelMyPain+1","beaked:Foresight+1","beaked:Evade+1","beaked:WarriorEssence+1","beaked:Brace+1"],"relics":["beaked:MendingPlumage","hubris:Icosahedron","StuffTheSpire:Mouthbags","Potion Belt","Toxic Egg 2","Replay:Bandana","CCEMRelics:JestersCrown"],"acts_visited":["Exordium"],"potions_floor_usage":[14],"damage_taken":[{"damage":12,"enemies":"Lagavulin","floor":3,"turns":7},{"damage":0,"enemies":"downfall:FleeingMerchant","floor":4,"turns":4},{"damage":36,"enemies":"Gremlin Nob","floor":5,"turns":5},{"damage":31,"enemies":"Lagavulin","floor":10,"turns":6},{"damage":2,"enemies":"2 Louse","floor":12,"turns":2},{"damage":0,"enemies":"Small Slimes","floor":13,"turns":3},{"damage":28,"enemies":"downfall:FleeingMerchant","floor":14,"turns":4},{"damage":13,"enemies":"Cultist","floor":15,"turns":5},{"damage":63,"enemies":"downfall:Defect","floor":16,"turns":6}],"seed_played":"8749150749231885429","potions_obtained":[{"floor":5,"key":"jedi:wingpotion"},{"floor":10,"key":"SkillPotion"}],"is_trial":false,"path_per_floor":["R_BF","?","E","$","E","R","T","?","R","E","?","M","M","$","M","B"],"character_chosen":"BEAKED_THE_CULTIST","items_purchased":["beaked:WarriorEssence+1","CCEMRelics:JestersCrown"],"campfire_rested":0,"item_purchase_floors":[14,14],"current_hp_per_floor":[50,50,46,50,23,23,23,28,28,16,16,20,30,18,19,0,0],"gold":109,"neow_bonus":"RANDOM_COLORLESS_2","is_daily":false,"chose_seed":false,"campfire_upgraded":2,"win_rate":0.0,"timestamp":1608309633,"path_taken":["R_BF","?","E","$","E","R","T","?","R","E","?","M","?","?","M","BOSS"],"items_purchased_type":["Card","Relic"],"build_version":"2020-12-13","purchased_purges":0,"victory":false,"max_hp_per_floor":[50,50,50,50,50,50,50,55,55,55,55,55,55,55,55,55,55],"card_choices":[{"not_picked":["The Bomb","Mayhem"],"picked":"Sadistic Nature","floor":0},{"not_picked":["beaked:Flinch","beaked:Roost"],"picked":"beaked:Recite","floor":3},{"not_picked":["beaked:MimicWarrior","beaked:Flinch"],"picked":"beaked:Evade","floor":4},{"not_picked":["beaked:BounceBack","beaked:CheekyTricks"],"picked":"beaked:Windmill","floor":5},{"not_picked":["beaked:SurvivalInstinct+1","beaked:CursingBlood+1"],"picked":"beaked:FeelMyPain+1","floor":10},{"not_picked":["beaked:DigDeeper+1","beaked:Flinch+1","beaked:Roost+1"],"picked":"SKIP","floor":12},{"not_picked":["beaked:Tweet+1","beaked:FakeOut"],"picked":"beaked:Foresight+1","floor":13},{"not_picked":["beaked:SurvivalInstinct+1","beaked:Cower+1"],"picked":"beaked:Evade+1","floor":14},{"not_picked":["beaked:SacrificialDive+1","beaked:Roost+1"],"picked":"beaked:Brace+1","floor":15}],"player_experience":256359,"relics_obtained":[{"floor":3,"key":"StuffTheSpire:Mouthbags"},{"floor":5,"key":"Potion Belt"},{"floor":7,"key":"Toxic Egg 2"},{"floor":10,"key":"Replay:Bandana"}],"event_choices":[{"damage_healed":0,"gold_gain":0,"player_choice":"Donut","damage_taken":0,"max_hp_gain":5,"max_hp_loss":0,"event_name":"Big Fish","floor":8,"gold_loss":0},{"damage_healed":0,"gold_gain":0,"player_choice":"Upgraded","damage_taken":0,"max_hp_gain":0,"max_hp_loss":0,"event_name":"Upgrade Shrine","floor":11,"gold_loss":0,"cards_upgraded":["beaked:Ceremony"]}],"is_beta":false,"boss_relics":[],"items_purged_floors":[],"is_endless":false,"potions_floor_spawned":[5,10],"killed_by":"downfall:Defect","ascension_level":0}}