{"host":"pzxn1nb1tlmimivy","time":1608307586,"event":{"mods":["BaseMod","CapriCore","Infinite Spire","Lobotomy","LobotomyExtend","Minty Spire (QoL Compilation)","Quick Restart","Replay The Spire","StSLib","TestMod","The Immortal","TheWitcher"],"gold_per_floor":[127,127,127,127,127,127,527,556,556,594,594,653,679,713,713,713,713],"floor_reached":16,"playtime":571,"items_purged":[],"score":133,"play_id":"a1ed2de6-38e3-48f2-aeeb-5f37cf358e02","local_time":"20201219000626","is_ascension_mode":false,"campfire_choices":[{"data":"SnafuTest:SignAxii","floor":6,"key":"SMITH"},{"data":"SnafuTest:PowerTrialOfGrasses","floor":15,"key":"SMITH"}],"circlet_count":0,"master_deck":["SnafuTest:DefaultCommonAttack","SnafuTest:DefaultCommonAttack+1","SnafuTest:DefaultCommonAttack","SnafuTest:BountyHunt","SnafuTest:DefaultCommonSkill","SnafuTest:DefaultCommonSkill+1","SnafuTest:DefaultCommonSkill","SnafuTest:SignAxii+1","SnafuTest:WeddingDance","SnafuTest:UndefeatedNarcissism","SnafuTest:PowerTrialOfGrasses+1"],"relics":["Sizzling Blood","testmod-CyclicPeriapt","NeowsBlessing","LetterFromLob","infinitespire:Cubic Diamond","Golden Idol","infinitespire:FocusingShard","Eternal Feather","Quantum Egg","Dead Branch","ReplayFunnel"],"acts_visited":["Exordium"],"potions_floor_usage":[12],"damage_taken":[{"damage":0,"enemies":"Small Slimes","floor":1,"turns":1},{"damage":0,"enemies":"2 Louse","floor":8,"turns":2},{"damage":0,"enemies":"Gremlin Nob","floor":10,"turns":1},{"damage":12,"enemies":"Replay:BlueRogue","floor":12,"turns":7},{"damage":3,"enemies":"Jaw Worm","floor":13,"turns":3},{"damage":6,"enemies":"Exordium Wildlife","floor":14,"turns":5},{"damage":28,"enemies":"Hexaghost","floor":16,"turns":5}],"seed_played":"818083210152549890","potions_obtained":[{"floor":1,"key":"DistilledChaos"},{"floor":13,"key":"Energy Potion"},{"floor":14,"key":"FearPotion"}],"is_trial":false,"path_per_floor":["M","?","?","?","T","R","?","M","T","E","?","E","M","M","R","B"],"character_chosen":"THE_WITCHER","items_purchased":[],"campfire_rested":0,"item_purchase_floors":[],"current_hp_per_floor":[75,75,57,42,42,42,42,46,46,50,43,35,36,34,40,12,12],"gold":713,"neow_bonus":"THREE_ENEMY_KILL","is_daily":false,"chose_seed":false,"campfire_upgraded":2,"win_rate":0.0,"timestamp":1608307586,"path_taken":["M","?","?","?","?","R","?","M","T","E","?","E","M","?","R","BOSS"],"items_purchased_type":[],"build_version":"2020-12-13","purchased_purges":0,"victory":false,"max_hp_per_floor":[75,75,75,75,75,75,75,75,75,75,75,75,75,75,75,75,75],"card_choices":[{"not_picked":["SnafuTest:FeignDeath","SnafuTest:PayHappyHour"],"picked":"SnafuTest:WeddingDance","floor":1},{"not_picked":["SnafuTest:SignAxii","SnafuTest:SpellTortoise","SnafuTest:PaySmithWorkshop"],"picked":"SKIP","floor":8},{"not_picked":["SnafuTest:ArmoredSortie","SnafuTest:Siege"],"picked":"SnafuTest:GetPaid","floor":10},{"not_picked":["SnafuTest:SpellBlindFury","SnafuTest:PowerProbingFeint"],"picked":"SnafuTest:UndefeatedNarcissism","floor":12},{"not_picked":["SnafuTest:PowerFireDamnation","SnafuTest:AncestralRitual"],"picked":"SnafuTest:PowerTrialOfGrasses","floor":13},{"not_picked":["SnafuTest:BombDragonsDream","SnafuTest:FirstAid","SnafuTest:SpellButterflyIllusion"],"picked":"SKIP","floor":14}],"player_experience":1339386,"relics_obtained":[{"floor":1,"key":"LetterFromLob"},{"floor":5,"key":"infinitespire:FocusingShard"},{"floor":9,"key":"Eternal Feather"},{"floor":10,"key":"Quantum Egg"},{"floor":12,"key":"ReplayFunnel"}],"event_choices":[{"damage_healed":0,"gold_gain":0,"player_choice":"Take Damage","damage_taken":18,"relics_obtained":["Golden Idol"],"max_hp_gain":0,"max_hp_loss":0,"event_name":"Golden Idol","floor":3,"gold_loss":0},{"damage_healed":0,"gold_gain":0,"player_choice":"Entered Light","damage_taken":15,"max_hp_gain":0,"max_hp_loss":0,"event_name":"Shining Light","floor":4,"gold_loss":0,"cards_upgraded":["SnafuTest:DefaultCommonAttack","SnafuTest:DefaultCommonSkill"]},{"damage_healed":0,"gold_gain":400,"player_choice":"Sell","damage_taken":0,"max_hp_gain":0,"max_hp_loss":0,"event_name":"¶÷ÂåË¹µÄÅÌ×Ó","floor":7,"relics_lost":["testmod-TestBox"],"gold_loss":0},{"damage_healed":0,"gold_gain":0,"player_choice":"Success","damage_taken":7,"relics_obtained":["Dead Branch"],"max_hp_gain":0,"max_hp_loss":0,"event_name":"Scrap Ooze","floor":11,"gold_loss":0}],"is_beta":false,"boss_relics":[],"items_purged_floors":[],"is_endless":false,"potions_floor_spawned":[1,13,14],"killed_by":"Hexaghost","ascension_level":0}}