{"host":"zuc5xqvlhed5q6ad","time":1608322240,"event":{"mods":["BaseMod","Block Reminder","Colored Powertips","Halation","Highlight Path","Mimic Mod","Minty Spire (QoL Compilation)","Permanent Neow","Practice Mode","Quick Restart","Spikes Relics","StSLib","UnlockEverythingMod"],"gold_per_floor":[219,237,254,254,254,254,271,271,308,324,338,348,67,242,242,337,337,356,356,356,100,128,128,141,161,161,161,172,172,172],"floor_reached":29,"playtime":1857,"items_purged":["Doubt"],"score":217,"play_id":"bc552011-4ec1-4c95-9fed-e0fe6f2c2197","local_time":"20201218231040","is_ascension_mode":false,"campfire_choices":[{"data":"Armaments","floor":6,"key":"SMITH"},{"data":"Twin Strike","floor":8,"key":"SMITH"},{"floor":15,"key":"REST"},{"floor":23,"key":"REST"},{"floor":27,"key":"REST"}],"circlet_count":0,"master_deck":["Strike_R","Strike_R","Strike_R","Strike_R","Strike_R","Defend_R","Defend_R","Defend_R","Defend_R","Bash","Twin Strike+1","Heavy Blade","Armaments+1","Heavy Blade","Twin Strike","Armaments","Armaments","Double Tap","Double Tap","Thunderclap+1","Anger","Inflame","Heavy Blade+1"],"relics":["Burning Blood","halation:Toothbrush","Pen Nib","RollingBoulder","Black Star","Nilry\u0027s Codex","Art of War","Red Mask","Matryoshka"],"acts_visited":["Exordium","TheCity"],"potions_floor_usage":[12,16,16,25],"damage_taken":[{"damage":6.0,"enemies":"2 Louse","floor":1.0,"turns":3.0},{"damage":12,"enemies":"Small Slimes","floor":2,"turns":3},{"damage":0,"enemies":"Cultist","floor":3,"turns":2},{"damage":10,"enemies":"Lots of Slimes","floor":7,"turns":5},{"damage":10,"enemies":"Exordium Wildlife","floor":9,"turns":9},{"damage":33,"enemies":"Exordium Wildlife","floor":10,"turns":7},{"damage":0,"enemies":"3 Louse","floor":11,"turns":3},{"damage":0,"enemies":"2 Fungi Beasts","floor":12,"turns":2},{"damage":44,"enemies":"Hexaghost","floor":16,"turns":14},{"damage":15,"enemies":"3 Byrds","floor":18,"turns":8},{"damage":50,"enemies":"Masked Bandits","floor":22,"turns":7},{"damage":19,"enemies":"Chosen","floor":24,"turns":6},{"damage":18,"enemies":"Snake Plant","floor":25,"turns":4},{"damage":3,"enemies":"Snecko","floor":28,"turns":3},{"damage":47,"enemies":"Sentry and Sphere","floor":29,"turns":5}],"seed_played":"8443709667285362808","potions_obtained":[{"floor":3,"key":"SpeedPotion"},{"floor":10,"key":"EssenceOfSteel"},{"floor":11,"key":"Explosive Potion"},{"floor":12,"key":"FearPotion"},{"floor":22,"key":"AttackPotion"}],"is_trial":false,"path_per_floor":["M","M","M","?","?","R","M","R","MIM","M","M","M","$","?","R","B",null,"M","?","?","$","?","R","M","M","T","R","M","M"],"character_chosen":"IRONCLAD","items_purchased":["RollingBoulder","Double Tap","Art of War","Anger"],"campfire_rested":3,"item_purchase_floors":[13,13,21,21],"current_hp_per_floor":[80,74,80,62,62,62,58,58,54,27,33,39,39,39,63,25,80,71,55,55,58,14,38,25,13,13,37,40,0,0],"gold":172,"neow_bonus":"HUNDRED_GOLD","is_daily":false,"chose_seed":false,"campfire_upgraded":2,"win_rate":0.0,"timestamp":1608322240,"path_taken":["M","M","M","?","?","R","?","R","MIM","M","M","M","$","?","R","BOSS","M","?","?","$","?","R","M","M","T","R","?","M"],"items_purchased_type":["Relic","Card","Relic","Card"],"build_version":"2020-12-13","purchased_purges":1,"victory":false,"max_hp_per_floor":[80,80,80,80,80,80,80,80,80,80,80,80,80,80,80,80,80,80,80,80,83,83,83,83,83,83,83,83,83,83],"card_choices":[{"not_picked":["Heavy Blade","Battle Trance"],"picked":"Twin Strike","floor":1.0},{"not_picked":["Cleave","Shrug It Off"],"picked":"Heavy Blade","floor":2},{"not_picked":["Uppercut","Warcry"],"picked":"Armaments","floor":3},{"not_picked":["Combust","Body Slam"],"picked":"Heavy Blade","floor":7},{"not_picked":["Wild Strike","Blood for Blood"],"picked":"Twin Strike","floor":10},{"not_picked":["Infernal Blade","BarbarianYell"],"picked":"Armaments","floor":11},{"not_picked":["Combust","Body Slam"],"picked":"Armaments","floor":12},{"not_picked":["Bludgeon","Offering"],"picked":"Double Tap","floor":16},{"not_picked":["Hemokinesis","Wild Strike+1"],"picked":"Thunderclap+1","floor":18},{"not_picked":["Seeing Red+1","Armaments"],"picked":"Inflame","floor":22},{"not_picked":["Body Slam","Pummel+1","Clothesline+1"],"picked":"SKIP","floor":24},{"not_picked":["Warcry","True Grit"],"picked":"Heavy Blade+1","floor":25},{"not_picked":["Power Through+1","Bloodletting","Blood for Blood+1"],"picked":"SKIP","floor":28}],"player_experience":117192,"relics_obtained":[{"floor":9,"key":"Pen Nib"},{"floor":19,"key":"Nilry\u0027s Codex"},{"floor":22,"key":"Red Mask"},{"floor":26,"key":"Matryoshka"}],"event_choices":[{"damage_healed":0,"gold_gain":0,"player_choice":"Success","damage_taken":18,"relics_obtained":["halation:Toothbrush"],"max_hp_gain":0,"max_hp_loss":0,"event_name":"Scrap Ooze","floor":4,"gold_loss":0},{"damage_healed":0,"gold_gain":0,"player_choice":"Bought 0 Potions","damage_taken":0,"max_hp_gain":0,"max_hp_loss":0,"event_name":"The Woman in Blue","floor":5,"gold_loss":0},{"damage_healed":0,"gold_gain":175,"player_choice":"AGREE","damage_taken":0,"max_hp_gain":0,"max_hp_loss":0,"event_name":"Liars Game","floor":14,"gold_loss":0,"cards_obtained":["Doubt"]},{"damage_healed":0,"gold_gain":0,"player_choice":"Obtained Book","damage_taken":16,"max_hp_gain":0,"max_hp_loss":0,"event_name":"Cursed Tome","floor":19,"gold_loss":0},{"damage_healed":0,"gold_gain":0,"player_choice":"Ignored","damage_taken":0,"max_hp_gain":0,"max_hp_loss":0,"event_name":"Ghosts","floor":20,"gold_loss":0},{"damage_healed":0,"gold_gain":0,"player_choice":"Fought Bandits","damage_taken":0,"max_hp_gain":0,"max_hp_loss":0,"event_name":"Masked Bandits","floor":22,"gold_loss":0}],"is_beta":false,"boss_relics":[{"not_picked":["SacredBark","Sandwich"],"picked":"Black Star"}],"items_purged_floors":[21],"is_endless":false,"potions_floor_spawned":[3,10,11,12,22],"killed_by":"Sentry and Sphere","ascension_level":0}}