{"host":"zftkeu5v9gqs3wr3","time":1608250048,"event":{"mods":["Act Like it!","Bard","BaseMod","CapriCore","Elementarium","Gensokyo","Jorbs\u0027s Wanderer Trilogy","Mad Scientist","Minty Spire (QoL Compilation)","Potionbrewer","Rare Cards Sparkle","Shade Mod","StSLib","The Cursed","The Immortal","The Runesmith","TheSwordswoman"],"gold_per_floor":[109,109,109,127,127,153,153,153,153,153,166,178,196,214,214,318,318,333,94,94,105,124,124,124,144,170,189,189,116,116,116,116,116,116],"floor_reached":33,"playtime":2223,"items_purged":[],"score":247,"play_id":"3869e08b-646f-40dd-8453-600fb1aa0f40","local_time":"20201218000728","is_ascension_mode":false,"campfire_choices":[{"floor":8,"key":"REST"},{"data":"Seeing Red","floor":10,"key":"SMITH"},{"floor":15,"key":"REST"},{"data":"Double Tap","floor":23,"key":"SMITH"},{"data":"Fiend Fire","floor":28,"key":"SMITH"},{"floor":32,"key":"REST"}],"circlet_count":0,"master_deck":["Strike_R","Strike_R","Strike_R","Strike_R","Strike_R","Defend_R","Defend_R","Defend_R","Defend_R","Bash","Twin Strike","Seeing Red+1","Feel No Pain","Clash","Rampage","Cleave","Iron Wave","Fiend Fire+1","Shrug It Off","Rage","Double Tap+1","Anger","Warcry+1","Double Tap+1","Cleave+1","Second Wind"],"relics":["Runic Pyramid","Pen Nib","Mummified Hand","Paper Frog","potionbrewer:BhaskarasWheel","Toy Ornithopter","MutagenicStrength"],"acts_visited":["Exordium","TheCity"],"potions_floor_usage":[6,14,16,16],"damage_taken":[{"damage":17,"enemies":"Jaw Worm","floor":1,"turns":4},{"damage":2,"enemies":"2 Louse","floor":4,"turns":2},{"damage":44,"enemies":"Lagavulin","floor":6,"turns":8},{"damage":0,"enemies":"Small Slimes","floor":11,"turns":2},{"damage":7,"enemies":"Blue Slaver","floor":12,"turns":3},{"damage":6,"enemies":"Red Slaver","floor":13,"turns":4},{"damage":4,"enemies":"Exordium Wildlife","floor":14,"turns":3},{"damage":32,"enemies":"The Guardian","floor":16,"turns":7},{"damage":14,"enemies":"Spheric Guardian","floor":18,"turns":4},{"damage":10,"enemies":"3 Byrds","floor":21,"turns":4},{"damage":26,"enemies":"Centurion and Healer","floor":22,"turns":4},{"damage":8,"enemies":"Shelled Parasite and Fungi","floor":25,"turns":5},{"damage":0,"enemies":"Chosen and Byrds","floor":27,"turns":3},{"damage":74,"enemies":"Champ","floor":33,"turns":13}],"seed_played":"-2978184544706263331","potions_obtained":[{"floor":4,"key":"potionbrewer:CleansingPotion"},{"floor":11,"key":"potionbrewer:FreezingPotion"},{"floor":12,"key":"PowerPotion"},{"floor":13,"key":"BlessingOfTheForge"},{"floor":27,"key":"potionbrewer:BoundlessPotion"}],"is_trial":false,"path_per_floor":["M","?","?","M","?","E","?","R","T","R","M","M","M","M","R","B",null,"M","$","?","M","M","R","?","M","T","M","R","?","?","?","R","B"],"character_chosen":"IRONCLAD","items_purchased":["Rage","Double Tap"],"campfire_rested":3,"item_purchase_floors":[19,19],"current_hp_per_floor":[63,63,68,66,59,15,15,40,40,40,40,33,27,23,48,16,85,71,71,71,61,35,35,35,27,27,27,27,47,47,47,72,0,0],"gold":116,"neow_bonus":"BOSS_RELIC","is_daily":false,"chose_seed":false,"campfire_upgraded":3,"win_rate":0.0,"timestamp":1608250048,"path_taken":["M","?","?","M","?","E","?","R","T","R","M","M","M","M","R","BOSS","M","$","?","M","M","R","?","M","T","?","R","?","?","?","R","BOSS"],"items_purchased_type":["Card","Card"],"build_version":"2020-12-13","purchased_purges":0,"victory":false,"max_hp_per_floor":[80,80,85,85,85,85,85,85,85,85,85,85,85,85,85,85,85,85,85,85,85,85,85,85,85,85,85,85,85,85,85,85,85,85],"card_choices":[{"not_picked":["Infernal Blade","Armaments"],"picked":"Twin Strike","floor":1},{"not_picked":["Warcry","Power Through"],"picked":"Seeing Red","floor":4},{"not_picked":["Intimidate","Uppercut"],"picked":"Feel No Pain","floor":6},{"not_picked":["Pommel Strike","Hemokinesis"],"picked":"Clash","floor":11},{"not_picked":["Heavy Blade","Infernal Blade"],"picked":"Rampage","floor":12},{"not_picked":["Twin Strike","Pommel Strike"],"picked":"Cleave","floor":13},{"not_picked":["Sword Boomerang","Seeing Red"],"picked":"Iron Wave","floor":14},{"not_picked":["Brutality","Reaper"],"picked":"Fiend Fire","floor":16},{"not_picked":["Cleave","Flex"],"picked":"Shrug It Off","floor":18},{"not_picked":["Hemokinesis","Clothesline"],"picked":"Anger","floor":21},{"not_picked":["Heavy Blade+1","Perfected Strike+1"],"picked":"Warcry+1","floor":22},{"not_picked":["Thunderclap","True Grit"],"picked":"Cleave+1","floor":25},{"not_picked":["Iron Wave","Armaments"],"picked":"Second Wind","floor":27}],"player_experience":71114,"relics_obtained":[{"floor":6,"key":"Mummified Hand"},{"floor":9,"key":"Paper Frog"},{"floor":26,"key":"Toy Ornithopter"}],"event_choices":[{"damage_healed":0,"gold_gain":0,"player_choice":"Ignored","damage_taken":0,"max_hp_gain":0,"max_hp_loss":0,"event_name":"Golden Wing","floor":2,"gold_loss":0},{"damage_healed":0,"gold_gain":0,"player_choice":"Donut","damage_taken":0,"max_hp_gain":5,"max_hp_loss":0,"event_name":"Big Fish","floor":3,"gold_loss":0},{"damage_healed":0,"gold_gain":0,"player_choice":"Success","damage_taken":7,"relics_obtained":["Pen Nib"],"max_hp_gain":0,"max_hp_loss":0,"event_name":"Scrap Ooze","floor":5,"gold_loss":0},{"damage_healed":0,"gold_gain":0,"player_choice":"Ignored","damage_taken":0,"max_hp_gain":0,"max_hp_loss":0,"event_name":"Liars Game","floor":7,"gold_loss":0},{"damage_healed":0,"gold_gain":0,"player_choice":"Ignored","damage_taken":0,"max_hp_gain":0,"max_hp_loss":0,"event_name":"Ghosts","floor":20,"gold_loss":0},{"damage_healed":0,"gold_gain":0,"player_choice":"Copied","damage_taken":0,"max_hp_gain":0,"max_hp_loss":0,"event_name":"Duplicator","floor":24,"gold_loss":0,"cards_obtained":["Double Tap"]},{"damage_healed":0,"gold_gain":0,"player_choice":"Inject Mutagens","damage_taken":0,"relics_obtained":["MutagenicStrength"],"max_hp_gain":0,"max_hp_loss":0,"event_name":"Drug Dealer","floor":30,"gold_loss":0},{"damage_healed":0,"gold_gain":0,"player_choice":"Ignored","damage_taken":0,"max_hp_gain":0,"max_hp_loss":0,"event_name":"Transmorgrifier","floor":31,"gold_loss":0}],"is_beta":false,"boss_relics":[{"not_picked":["Mark of Pain","Empty Cage"],"picked":"potionbrewer:BhaskarasWheel"}],"items_purged_floors":[],"is_endless":false,"potions_floor_spawned":[4,11,12,13,27],"killed_by":"Champ","ascension_level":0}}