{"host":"c43fkomrial8fa1s","time":1608276848,"event":{"mods":["BaseMod","Googly Eyes","Minty Spire (QoL Compilation)","Quick Restart","Relic Stats","StSLib"],"gold_per_floor":[119,1,19,32,32,65,83,83,83,127,127,184,37,37,37,157,157,182,207,140,140,158,202,202,235,311,97,117,133,168,45,45,170,170,190,203,227,227,227],"floor_reached":38,"playtime":2154,"items_purged":["Strike_G","Strike_G"],"score":562,"play_id":"798a403f-ef1c-49af-a0f5-582e0efd6119","local_time":"20201218013408","is_ascension_mode":true,"campfire_choices":[{"data":"Terror","floor":8.0,"key":"SMITH"},{"data":"Poisoned Stab","floor":11.0,"key":"SMITH"},{"data":"Dash","floor":15.0,"key":"SMITH"},{"floor":24,"key":"REST"},{"floor":32,"key":"REST"}],"circlet_count":0,"master_deck":["Strike_G","Strike_G","Defend_G","Defend_G","Defend_G","Defend_G","Defend_G","Survivor","Neutralize","Backflip","Backstab","Sucker Punch","Terror+1","Dash+1","Injury","Poisoned Stab+1","Masterful Stab","Backstab","Storm of Steel+1","Quick Slash","Accuracy","Endless Agony","Backstab","Accuracy","Glass Knife","Backflip+1","Glass Knife","Blade Dance","Envenom","Poisoned Stab","Blade Dance+1"],"relics":["Ring of the Snake","Golden Idol","Mango","Pantograph","Kunai","Snake Skull","Tiny Chest","WristBlade","Ice Cream","Dream Catcher","Pear","War Paint","Runic Pyramid","Toy Ornithopter"],"acts_visited":["Exordium","TheCity","TheBeyond"],"potions_floor_usage":[23,33,33,36,38],"damage_taken":[{"damage":0.0,"enemies":"Cultist","floor":1.0,"turns":3.0},{"damage":0.0,"enemies":"2 Louse","floor":3.0,"turns":2.0},{"damage":0.0,"enemies":"Small Slimes","floor":4.0,"turns":2.0},{"damage":11.0,"enemies":"3 Sentries","floor":6.0,"turns":12.0},{"damage":0.0,"enemies":"Exordium Thugs","floor":7.0,"turns":3.0},{"damage":25.0,"enemies":"Lagavulin","floor":10.0,"turns":5.0},{"damage":28,"enemies":"The Guardian","floor":16,"turns":11},{"damage":3,"enemies":"3 Byrds","floor":18,"turns":5},{"damage":20,"enemies":"2 Thieves","floor":19,"turns":4},{"damage":25,"enemies":"Snake Plant","floor":22,"turns":5},{"damage":14,"enemies":"Book of Stabbing","floor":23,"turns":4},{"damage":0,"enemies":"Gremlin Leader","floor":25,"turns":3},{"damage":1,"enemies":"Centurion and Healer","floor":28,"turns":3},{"damage":0,"enemies":"Chosen and Byrds","floor":29,"turns":3},{"damage":30,"enemies":"Slavers","floor":30,"turns":4},{"damage":36,"enemies":"Automaton","floor":33,"turns":11},{"damage":10,"enemies":"Orb Walker","floor":35,"turns":2},{"damage":12,"enemies":"3 Shapes","floor":36,"turns":2},{"damage":107,"enemies":"Transient","floor":38,"turns":5}],"seed_played":"-2565350330901541862","potions_obtained":[{"floor":3.0,"key":"SpeedPotion"},{"floor":4.0,"key":"PowerPotion"},{"floor":16,"key":"Block Potion"},{"floor":22,"key":"Ancient Potion"},{"floor":25,"key":"LiquidBronze"},{"floor":33,"key":"Poison Potion"},{"floor":35,"key":"DistilledChaos"}],"is_trial":false,"path_per_floor":["M","$","M","M","?","E","M","R","T","E","R","?","$","?","R","B",null,"M","M","$","T","M","E","R","E","T","$","M","M","E","$","R","B",null,"M","M","T","M"],"character_chosen":"THE_SILENT","items_purchased":["Backstab","Sucker Punch","Snake Skull","Accuracy","Glass Knife","Blade Dance"],"campfire_rested":2,"item_purchase_floors":[2,2,13,20,27,31],"current_hp_per_floor":[70,70,70,70,70,73,73,73,73,48,48,48,48,48,48,45,84,81,61,61,61,36,22,47,47,57,57,56,56,26,26,54,43,94,84,72,72,0,0],"gold":227,"neow_bonus":"TRANSFORM_CARD","is_daily":false,"chose_seed":false,"campfire_upgraded":3,"win_rate":0.0,"timestamp":1608276848,"path_taken":["M","$","?","M","?","E","M","R","T","E","R","?","$","?","R","BOSS","M","M","$","?","M","E","R","E","T","$","M","M","E","?","R","BOSS","M","?","?","M"],"items_purchased_type":["Card","Card","Relic","Card","Card","Card"],"build_version":"2020-12-13","purchased_purges":2,"victory":false,"max_hp_per_floor":[70,70,70,70,70,84,84,84,84,84,84,84,84,84,84,84,84,84,84,84,84,84,84,84,84,94,94,94,94,94,94,94,94,94,94,94,94,94,94],"relic_stats":{"Dream Catcher":1,"counters":[19,89],"Golden Idol":120,"Pantograph":50,"Tiny Chest":1,"Snake Skull":[19],"Kunai":[35],"War Paint":["Backflip","Storm of Steel"],"obtain_stats":[{"Ice Cream":23,"Pear":26,"Golden Idol":5,"Mango":6,"Snake Skull":13,"War Paint":30,"Dream Catcher":25,"WristBlade":17,"Pantograph":9,"Tiny Chest":14,"Kunai":10,"Toy Ornithopter":37,"Ring of the Snake":0,"Runic Pyramid":34},{"Ice Cream":11,"Pear":12,"Golden Idol":3,"Mango":4,"Snake Skull":6,"War Paint":15,"Dream Catcher":12,"WristBlade":7,"Pantograph":5,"Tiny Chest":6,"Kunai":6,"Toy Ornithopter":18,"Ring of the Snake":0,"Runic Pyramid":16},{"Ice Cream":56,"Pear":59,"Golden Idol":7,"Mango":19,"Snake Skull":27,"War Paint":69,"Dream Catcher":59,"WristBlade":38,"Pantograph":22,"Tiny Chest":27,"Kunai":27,"Toy Ornithopter":84,"Ring of the Snake":0,"Runic Pyramid":80}],"Toy Ornithopter":5,"Ring of the Snake":[39]},"card_choices":[{"not_picked":["PiercingWail","Flying Knee"],"picked":"Backflip","floor":1.0},{"not_picked":["Finisher","Eviscerate"],"picked":"Terror","floor":3.0},{"not_picked":["Dagger Throw","Accuracy"],"picked":"Dash","floor":4.0},{"not_picked":["Dagger Spray","Distraction"],"picked":"Poisoned Stab","floor":6.0},{"not_picked":["Terror","Predator"],"picked":"Masterful Stab","floor":7.0},{"not_picked":["Blade Dance","Bullet Time"],"picked":"Backstab","floor":10.0},{"not_picked":["After Image","Burst"],"picked":"Storm of Steel","floor":16},{"not_picked":["Sucker Punch","Setup+1","Finisher"],"picked":"SKIP","floor":18},{"not_picked":["Bane","Predator"],"picked":"Quick Slash","floor":19},{"not_picked":["Deadly Poison","Setup"],"picked":"Endless Agony","floor":22},{"not_picked":["PiercingWail","Footwork+1"],"picked":"Backstab","floor":23},{"not_picked":["Quick Slash","Backflip"],"picked":"Accuracy","floor":25},{"not_picked":["Crippling Poison","Quick Slash","Outmaneuver"],"picked":"SKIP","floor":28},{"not_picked":["Deflect","Grand Finale"],"picked":"Backflip","floor":29},{"not_picked":["Dodge and Roll","PiercingWail"],"picked":"Glass Knife","floor":30},{"not_picked":["Burst","Unload"],"picked":"Envenom","floor":33},{"not_picked":["Deflect+1","Blur"],"picked":"Poisoned Stab","floor":35},{"not_picked":["Dash+1","Calculated Gamble"],"picked":"Blade Dance+1","floor":36}],"player_experience":335625,"relics_obtained":[{"floor":6.0,"key":"Mango"},{"floor":9.0,"key":"Pantograph"},{"floor":10.0,"key":"Kunai"},{"floor":23,"key":"Ice Cream"},{"floor":25,"key":"Dream Catcher"},{"floor":26,"key":"Pear"},{"floor":30,"key":"War Paint"},{"floor":37,"key":"Toy Ornithopter"}],"event_choices":[{"damage_healed":0.0,"max_hp_gain":0.0,"max_hp_loss":0.0,"gold_gain":0.0,"event_name":"Golden Idol","player_choice":"Take Wound","floor":5.0,"gold_loss":0.0,"damage_taken":0.0,"relics_obtained":["Golden Idol"],"cards_obtained":["Injury"]},{"damage_healed":0.0,"max_hp_gain":0.0,"max_hp_loss":0.0,"gold_gain":57.0,"event_name":"Golden Wing","player_choice":"Gained Gold","floor":12.0,"gold_loss":0.0,"damage_taken":0.0},{"cards_removed":["Masterful Stab"],"damage_healed":0.0,"max_hp_gain":0.0,"max_hp_loss":0.0,"gold_gain":0.0,"event_name":"WeMeetAgain","player_choice":"Gave Card","floor":14.0,"gold_loss":0.0,"damage_taken":0.0,"relics_obtained":["Tiny Chest"]}],"is_beta":false,"boss_relics":[{"not_picked":["Philosopher\u0027s Stone","Ring of the Serpent"],"picked":"WristBlade"},{"not_picked":["Fusion Hammer","Black Star"],"picked":"Runic Pyramid"}],"items_purged_floors":[27,31],"is_endless":false,"potions_floor_spawned":[3,4,16,22,25,33,35],"killed_by":"Transient","ascension_level":3}}