{"host":"ayh4nqhr0ddw4ozv","time":1608283519,"event":{"mods":["BaseMod","Colored Map","Minty Spire (QoL Compilation)","Relic Stats","Robot Space Explorer","StSLib"],"gold_per_floor":[112,62,62,237,89,89,128,128,174,194,225,256,289,317,329,471,483,510,546,577,589,617,673,685,697,709,721,733,778,790,224,224,355,355,376,376,98,116,181,219,282,30,30,0,0,41,41,60,60,60],"floor_reached":51,"playtime":4559,"items_purged":["Doubt","RobotSpaceExplorer:Strike","RobotSpaceExplorer:Strike"],"score":874,"play_id":"8e03f60f-ca00-4ca6-91f3-419ccfd29471","local_time":"20201218012519","is_ascension_mode":false,"campfire_choices":[{"data":"RobotSpaceExplorer:Blitz","floor":6.0,"key":"SMITH"},{"data":"RobotSpaceExplorer:ShockKick","floor":8.0,"key":"SMITH"},{"data":"RobotSpaceExplorer:FranticSearch","floor":15.0,"key":"SMITH"},{"data":"RobotSpaceExplorer:DroneSwarm","floor":24,"key":"SMITH"},{"data":"RobotSpaceExplorer:ChargingLaser","floor":32,"key":"SMITH"},{"data":"RobotSpaceExplorer:Multitool","floor":49,"key":"SMITH"}],"circlet_count":0,"master_deck":["RobotSpaceExplorer:Defend","RobotSpaceExplorer:Defend","RobotSpaceExplorer:Defend","RobotSpaceExplorer:Defend","RobotSpaceExplorer:Scan","RobotSpaceExplorer:MiniLasers","RobotSpaceExplorer:SurgingStrike","RobotSpaceExplorer:Blitz+1","RobotSpaceExplorer:ShockKick+1","RobotSpaceExplorer:ScrapToss","RobotSpaceExplorer:RigExplosive","RobotSpaceExplorer:FranticSearch+1","RobotSpaceExplorer:DroneSwarm+1","RobotSpaceExplorer:ScrapShield","RobotSpaceExplorer:ScrapToss+1","RobotSpaceExplorer:GlueShot","Purity","RobotSpaceExplorer:IronShell+1","RitualDagger","RobotSpaceExplorer:Jetpack","RobotSpaceExplorer:ChargingLaser+1","RobotSpaceExplorer:ChargingLaser","RobotSpaceExplorer:Multitool+1","RobotSpaceExplorer:Jetpack+1","RobotSpaceExplorer:FranticSearch+1","RobotSpaceExplorer:ScrapToss"],"relics":["RobotSpaceExplorer:RoboCore","NeowsBlessing","Golden Idol","Toy Ornithopter","Lantern","MawBank","SlaversCollar","Ancient Tea Set","PreservedInsect","Boot","DollysMirror","Singing Bowl","Coffee Dripper","Chemical X","Girya","Akabeko","Calipers","Kunai","RobotSpaceExplorer:ClockworkSextant","Red Mask","White Beast Statue","The Courier"],"acts_visited":["Exordium","TheCity","TheBeyond"],"potions_floor_usage":[19,19,20,22,23,29,29,33,38,38,39,39,40,46,46,48,50,50,50,50],"damage_taken":[{"damage":0.0,"enemies":"Small Slimes","floor":1.0,"turns":1.0},{"damage":0.0,"enemies":"3 Sentries","floor":7.0,"turns":1.0},{"damage":0.0,"enemies":"Jaw Worm","floor":10.0,"turns":1.0},{"damage":10.0,"enemies":"Gremlin Nob","floor":11.0,"turns":4.0},{"damage":0.0,"enemies":"2 Louse","floor":12.0,"turns":2.0},{"damage":0.0,"enemies":"Blue Slaver","floor":13.0,"turns":2.0},{"damage":3.0,"enemies":"Lots of Slimes","floor":14.0,"turns":5.0},{"damage":39.0,"enemies":"The Guardian","floor":16.0,"turns":16.0},{"damage":8,"enemies":"Chosen","floor":18,"turns":5},{"damage":4,"enemies":"Spheric Guardian","floor":19,"turns":4},{"damage":1,"enemies":"Centurion and Healer","floor":20,"turns":6},{"damage":2,"enemies":"Chosen and Byrds","floor":22,"turns":7},{"damage":0,"enemies":"Book of Stabbing","floor":23,"turns":6},{"damage":11,"enemies":"Slavers","floor":29,"turns":3},{"damage":22,"enemies":"Automaton","floor":33,"turns":12},{"damage":31,"enemies":"3 Darklings","floor":35,"turns":3},{"damage":0,"enemies":"Orb Walker","floor":38,"turns":2},{"damage":1,"enemies":"2 Orb Walkers","floor":39,"turns":5},{"damage":2,"enemies":"Reptomancer","floor":40,"turns":4},{"damage":1,"enemies":"Mind Bloom Boss Battle","floor":41,"turns":7},{"damage":0,"enemies":"Giant Head","floor":46,"turns":5},{"damage":0,"enemies":"3 Darklings","floor":48,"turns":5},{"damage":0,"enemies":"Donu and Deca","floor":50,"turns":10}],"seed_played":"-4155686905801566608","potions_obtained":[{"floor":7.0,"key":"AttackPotion"},{"floor":13.0,"key":"Dexterity Potion"},{"floor":16.0,"key":"SkillPotion"},{"floor":20,"key":"Swift Potion"},{"floor":22,"key":"Weak Potion"},{"floor":38,"key":"AttackPotion"},{"floor":41,"key":"Weak Potion"},{"floor":46,"key":"Explosive Potion"}],"is_trial":false,"path_per_floor":["M","?","?","?","$","R","E","R","T","M","E","M","M","M","R","B",null,"M","M","M","?","M","E","R","?","T","?","?","E","?","$","R","B",null,"M","?","$","M","?","E","?","$","T","?","T","E","$","M","R","B",null],"character_chosen":"RobotSpaceExplorer","items_purchased":["RobotSpaceExplorer:Blitz","DollysMirror","Singing Bowl","GamblersBrew","Chemical X","Kunai"],"campfire_rested":0,"item_purchase_floors":[5,31,31,31,37,42],"current_hp_per_floor":[75,75,57,57,57,57,57,57,57,57,47,47,47,44,44,20,75,67,73,74,74,73,75,75,69,69,69,69,68,68,68,68,51,75,44,44,44,56,67,72,71,71,71,71,71,83,83,83,83,83],"gold":60,"neow_bonus":"THREE_ENEMY_KILL","is_daily":false,"chose_seed":false,"campfire_upgraded":6,"win_rate":0.0,"timestamp":1608283519,"path_taken":["M","?","?","?","?","R","E","R","T","M","E","M","?","M","R","BOSS","M","M","M","?","?","E","R","?","T","?","?","E","?","$","R","BOSS","M","?","$","M","?","E","?","$","T","?","?","E","?","?","R","BOSS"],"items_purchased_type":["Card","Relic","Relic","Potion","Relic","Relic"],"build_version":"2020-12-13","purchased_purges":3,"victory":true,"max_hp_per_floor":[75,75,75,75,75,75,75,75,75,75,75,75,75,75,75,75,75,75,75,75,75,75,75,75,75,75,75,75,75,75,75,75,75,75,75,75,75,77,79,81,81,81,81,81,81,83,83,83,83,83],"relic_stats":{"Singing Bowl":8,"counters":[23,116],"Golden Idol":190,"PreservedInsect":222,"Chemical X":[8],"Kunai":[11],"MawBank":240,"Boot":[154],"obtain_stats":[{"RobotSpaceExplorer:ClockworkSextant":43,"Girya":39,"Lantern":9,"Calipers":41,"NeowsBlessing":0,"Singing Bowl":31,"Golden Idol":3,"RobotSpaceExplorer:RoboCore":0,"PreservedInsect":26,"The Courier":46,"MawBank":11,"Ancient Tea Set":23,"Boot":29,"Akabeko":40,"White Beast Statue":45,"SlaversCollar":17,"DollysMirror":31,"Coffee Dripper":34,"Red Mask":44,"Chemical X":37,"Kunai":42,"Toy Ornithopter":7},{"RobotSpaceExplorer:ClockworkSextant":20,"Girya":18,"Lantern":2,"Calipers":20,"NeowsBlessing":0,"Singing Bowl":14,"Golden Idol":1,"RobotSpaceExplorer:RoboCore":0,"PreservedInsect":13,"The Courier":21,"MawBank":4,"Ancient Tea Set":13,"Boot":14,"Akabeko":19,"White Beast Statue":20,"SlaversCollar":8,"DollysMirror":14,"Coffee Dripper":15,"Red Mask":20,"Chemical X":16,"Kunai":20,"Toy Ornithopter":2},{"RobotSpaceExplorer:ClockworkSextant":96,"Girya":85,"Lantern":2,"Calipers":96,"NeowsBlessing":0,"Singing Bowl":63,"Golden Idol":1,"RobotSpaceExplorer:RoboCore":0,"PreservedInsect":60,"The Courier":101,"MawBank":7,"Ancient Tea Set":60,"Boot":63,"Akabeko":89,"White Beast Statue":96,"SlaversCollar":32,"DollysMirror":63,"Coffee Dripper":75,"Red Mask":96,"Chemical X":78,"Kunai":96,"Toy Ornithopter":2}],"Toy Ornithopter":80},"card_choices":[{"not_picked":["RobotSpaceExplorer:SurgingShield","RobotSpaceExplorer:Smokescreen"],"picked":"RobotSpaceExplorer:SurgingStrike","floor":1.0},{"not_picked":["RobotSpaceExplorer:SelfCleaning","RobotSpaceExplorer:SwiftStep"],"picked":"RobotSpaceExplorer:ShockKick","floor":7.0},{"not_picked":["RobotSpaceExplorer:PowerCollector","RobotSpaceExplorer:GlueShot","RobotSpaceExplorer:SurgingStrike"],"picked":"SKIP","floor":10.0},{"not_picked":["RobotSpaceExplorer:Scanner","RobotSpaceExplorer:ShockKick"],"picked":"RobotSpaceExplorer:ScrapToss","floor":11.0},{"not_picked":["RobotSpaceExplorer:Probe","RobotSpaceExplorer:Reload"],"picked":"RobotSpaceExplorer:RigExplosive","floor":12.0},{"not_picked":["RobotSpaceExplorer:GlueShot","RobotSpaceExplorer:MetalStrike","RobotSpaceExplorer:SlimeMissile"],"picked":"SKIP","floor":13.0},{"not_picked":["RobotSpaceExplorer:Fix","RobotSpaceExplorer:DoubleFind"],"picked":"RobotSpaceExplorer:FranticSearch","floor":14.0},{"not_picked":["RobotSpaceExplorer:Scanner","RobotSpaceExplorer:Arsenal"],"picked":"RobotSpaceExplorer:DroneSwarm","floor":16.0},{"not_picked":["RobotSpaceExplorer:Smokescreen","RobotSpaceExplorer:SlimeMissile"],"picked":"RobotSpaceExplorer:ScrapShield","floor":18},{"not_picked":["RobotSpaceExplorer:FranticSearch","RobotSpaceExplorer:SwiftStep+1"],"picked":"RobotSpaceExplorer:ScrapToss+1","floor":19},{"not_picked":["RobotSpaceExplorer:ScrapToss","RobotSpaceExplorer:SelfCleaning","RobotSpaceExplorer:SurgingShield+1"],"picked":"SKIP","floor":20},{"not_picked":["RobotSpaceExplorer:MakeshiftVolley","RobotSpaceExplorer:Ammunition"],"picked":"RobotSpaceExplorer:IronShell+1","floor":22},{"not_picked":["RobotSpaceExplorer:MakeshiftVolley","RobotSpaceExplorer:SurgingShield+1","RobotSpaceExplorer:GlueShot"],"picked":"SKIP","floor":23},{"not_picked":["RobotSpaceExplorer:RigExplosive","RobotSpaceExplorer:Pulsar"],"picked":"RobotSpaceExplorer:ChargingLaser","floor":29},{"not_picked":["RobotSpaceExplorer:Comet","RobotSpaceExplorer:BlastShield"],"picked":"RobotSpaceExplorer:Multitool","floor":33},{"not_picked":["RobotSpaceExplorer:StunGrenade","RobotSpaceExplorer:ScrapShield"],"picked":"RobotSpaceExplorer:Jetpack+1","floor":35},{"not_picked":["RobotSpaceExplorer:GlueSpray+1","RobotSpaceExplorer:DoubleBlock+1","RobotSpaceExplorer:Pulsar+1"],"picked":"Singing Bowl","floor":38},{"not_picked":["RobotSpaceExplorer:SurgingStrike","RobotSpaceExplorer:Smokescreen","RobotSpaceExplorer:SwiftStep+1"],"picked":"Singing Bowl","floor":39},{"not_picked":["RobotSpaceExplorer:BlastShield","RobotSpaceExplorer:GlueShot","RobotSpaceExplorer:PowerGlove"],"picked":"Singing Bowl","floor":40},{"not_picked":["RobotSpaceExplorer:GlueShot+1","RobotSpaceExplorer:StunGrenade"],"picked":"RobotSpaceExplorer:FranticSearch+1","floor":41},{"not_picked":["RobotSpaceExplorer:MetalStrike","RobotSpaceExplorer:FreezeRay","RobotSpaceExplorer:PlasmaMissile+1"],"picked":"Singing Bowl","floor":46},{"not_picked":["RobotSpaceExplorer:IronShell+1","RobotSpaceExplorer:Blitz"],"picked":"RobotSpaceExplorer:ScrapToss","floor":48}],"player_experience":205990,"relics_obtained":[{"floor":7.0,"key":"Toy Ornithopter"},{"floor":9.0,"key":"Lantern"},{"floor":11.0,"key":"MawBank"},{"floor":23,"key":"Ancient Tea Set"},{"floor":26,"key":"PreservedInsect"},{"floor":29,"key":"Boot"},{"floor":39,"key":"Girya"},{"floor":40,"key":"Akabeko"},{"floor":41,"key":"Calipers"},{"floor":43,"key":"RobotSpaceExplorer:ClockworkSextant"},{"floor":45,"key":"White Beast Statue"},{"floor":46,"key":"The Courier"}],"event_choices":[{"cards_removed":["RobotSpaceExplorer:Strike"],"damage_healed":0.0,"max_hp_gain":0.0,"max_hp_loss":0.0,"gold_gain":0.0,"event_name":"The Cleric","player_choice":"Card Removal","floor":2.0,"gold_loss":50.0,"damage_taken":0.0},{"damage_healed":0.0,"max_hp_gain":0.0,"max_hp_loss":0.0,"gold_gain":0.0,"event_name":"Golden Idol","player_choice":"Take Damage","floor":3.0,"gold_loss":0.0,"damage_taken":18.0,"relics_obtained":["Golden Idol"]},{"damage_healed":0.0,"max_hp_gain":0.0,"max_hp_loss":0.0,"gold_gain":175.0,"event_name":"Liars Game","player_choice":"AGREE","floor":4.0,"gold_loss":0.0,"damage_taken":0.0,"cards_obtained":["Doubt"]},{"damage_healed":0,"gold_gain":0,"player_choice":"2 cards matched","damage_taken":0,"max_hp_gain":0,"max_hp_loss":0,"event_name":"Match and Keep!","floor":21,"gold_loss":0,"cards_obtained":["RobotSpaceExplorer:GlueShot","Purity"]},{"damage_healed":0,"gold_gain":0,"player_choice":"Joined the Cult","damage_taken":6,"max_hp_gain":0,"max_hp_loss":0,"event_name":"Nest","floor":25,"gold_loss":0,"cards_obtained":["RitualDagger"]},{"damage_healed":0,"gold_gain":0,"player_choice":"Read","damage_taken":0,"max_hp_gain":0,"max_hp_loss":0,"event_name":"The Library","floor":27,"gold_loss":0,"cards_obtained":["RobotSpaceExplorer:Jetpack"]},{"damage_healed":0,"gold_gain":0,"player_choice":"Ignored","damage_taken":0,"max_hp_gain":0,"max_hp_loss":0,"event_name":"The Mausoleum","floor":28,"gold_loss":0},{"damage_healed":0,"gold_gain":0,"player_choice":"Ignored","damage_taken":0,"max_hp_gain":0,"max_hp_loss":0,"event_name":"Ghosts","floor":30,"gold_loss":0},{"cards_removed":["RobotSpaceExplorer:Strike"],"damage_healed":0,"gold_gain":0,"player_choice":"Removed Attack","damage_taken":0,"max_hp_gain":0,"max_hp_loss":0,"event_name":"Falling","floor":36,"gold_loss":0},{"damage_healed":0,"gold_gain":0,"player_choice":"Fight","damage_taken":0,"max_hp_gain":0,"max_hp_loss":0,"event_name":"Mysterious Sphere","floor":39,"gold_loss":0},{"damage_healed":0,"gold_gain":0,"player_choice":"Fight","damage_taken":0,"max_hp_gain":0,"max_hp_loss":0,"event_name":"MindBloom","floor":41,"gold_loss":0},{"damage_healed":0,"gold_gain":0,"player_choice":"Paid","damage_taken":0,"relics_obtained":["Red Mask"],"max_hp_gain":0,"max_hp_loss":0,"event_name":"Tomb of Lord Red Mask","floor":44,"gold_loss":30}],"is_beta":false,"boss_relics":[{"not_picked":["Black Star","Velvet Choker"],"picked":"SlaversCollar"},{"not_picked":["Pandora\u0027s Box","Philosopher\u0027s Stone"],"picked":"Coffee Dripper"}],"items_purged_floors":[5,31,37],"is_endless":false,"potions_floor_spawned":[7,13,14,16,20,22,38,41,46,48],"ascension_level":0}}