{"host":"ocy7z4248lncoz2b","time":1608277104,"event":{"mods":["BaseMod","Beaked The Cultist","Better Match","Better Sensory Stone","Better Third Choice","BetterRewards","Clockwork Mod","Colored Powertips","Conspire","Downfall","Friendly Minions","Highlight Path","Hubris","Infinite Spire","Marisa????????","Mimic Mod","Minty Spire (QoL Compilation)","READ ME - Guardian Mod","Replay The Spire","Shop Mod","Spicy Shops","Spikes Relics","StSLib","SuperFastMode","The Blue Laboratory","The Construct","The Jungle"],"gold_per_floor":[99,99,99,99,99,129,129,129,141,141,152,152,167,167,184,284,284,284,297,297,307,319,347,347,197,209,209,209,220,1,21,21,21],"floor_reached":32,"playtime":1701,"items_purged":["construct:Strike_Gold"],"score":285,"play_id":"88c5282e-dec1-463e-a8f3-549b029c4b26","local_time":"20201218163824","is_ascension_mode":false,"campfire_choices":[{"data":"construct:DefenseMode","floor":1.0,"key":"SMITH"},{"data":"ReplayTheSpireMod:Armaments MK-II","floor":8.0,"key":"SMITH"},{"data":"construct:ModeShift","floor":10.0,"key":"SMITH"},{"floor":18.0,"key":"RECALL"},{"data":"Barricade","floor":25,"key":"SMITH"},{"data":"Creative AI","floor":27,"key":"SMITH"}],"circlet_count":0,"master_deck":["construct:Strike_Gold","construct:Strike_Gold","construct:Strike_Gold","construct:Strike_Gold","construct:Defend_Gold","construct:Defend_Gold","construct:Defend_Gold","construct:Defend_Gold","construct:Defend_Gold","construct:DefenseMode+1","construct:ModeShift+1","construct:Failsafe","ReplayTheSpireMod:Armaments MK-II+1","construct:CreateCores","construct:MemoryTap","construct:BatteryAcid","construct:Reinforce","construct:BatteryCore","Barricade+1","infinitespire:UltimateForm","hubris:Rewind","construct:Enhance","construct:LaserCore","Creative AI+1","construct:SaveState","construct:VentSteam","construct:PointDefense","construct:PointDefense+1"],"relics":["downfall:HeartsMalice","Burning Blood","Boot","RollingBoulder","White Beast Statue","Black Star","infinitespire:EmpoweringShard","Orichalcum","Pen Nib","Ancient Tea Set","downfall:HeartBlessingGreen","downfall:HeartBlessingRed","Prayer Wheel","MerchantsRug","Guardian:BottledAnomaly"],"acts_visited":["Exordium","TheCity"],"potions_floor_usage":[21,23,29,32],"damage_taken":[{"damage":0.0,"enemies":"2 Louse","floor":2.0,"turns":1.0},{"damage":0.0,"enemies":"Small Slimes","floor":3.0,"turns":1.0},{"damage":0.0,"enemies":"Gremlin Nob","floor":6.0,"turns":1.0},{"damage":26.0,"enemies":"Cultist","floor":9.0,"turns":8.0},{"damage":6.0,"enemies":"3 Louse","floor":11.0,"turns":4.0},{"damage":0.0,"enemies":"2 Fungi Beasts","floor":13.0,"turns":6.0},{"damage":4.0,"enemies":"Blue Slaver","floor":15.0,"turns":4.0},{"damage":52.0,"enemies":"downfall:Defect","floor":16.0,"turns":10.0},{"damage":17.0,"enemies":"Spheric Guardian","floor":19.0,"turns":14.0},{"damage":29,"enemies":"3 Byrds","floor":21,"turns":11},{"damage":33,"enemies":"Sentry and Sphere","floor":22,"turns":14},{"damage":17,"enemies":"Nightmare","floor":23,"turns":16},{"damage":9,"enemies":"Snecko","floor":26,"turns":7},{"damage":17,"enemies":"Snake Plant","floor":29,"turns":12},{"damage":0,"enemies":"downfall:FleeingMerchant","floor":30,"turns":4},{"damage":0,"enemies":"Centurion and Healer","floor":31,"turns":10},{"damage":125,"enemies":"3 Cultists","floor":32,"turns":7}],"seed_played":"-8595335758425448014","potions_obtained":[{"floor":9.0,"key":"blueLaboratory:Moonshine"},{"floor":11.0,"key":"Adrenaline Potion"},{"floor":13.0,"key":"FearPotion"},{"floor":14.0,"key":"Regen Potion"},{"floor":14.0,"key":"FairyPotion"},{"floor":14.0,"key":"FairyPotion"},{"floor":21,"key":"blueLaboratory:TrueEctoplasm"},{"floor":26,"key":"blueLaboratory:TrueEctoplasm"},{"floor":29,"key":"Languid Potion"}],"is_trial":false,"path_per_floor":["R","M","M","?","?","E","T","R","M","R","M","?","M","?","M","B",null,"R","M","AVR","M","M","NM","T","R","M","R","?","M","$","M","M"],"character_chosen":"THE_CONSTRUCT_MOD","items_purchased":["MerchantsRug","construct:PointDefense","Guardian:BottledAnomaly"],"campfire_rested":0,"item_purchase_floors":[30,30,30],"current_hp_per_floor":[85,85,85,85,85,85,85,85,65,65,65,65,71,71,73,27,85,85,74,74,66,39,28,28,28,25,25,25,14,20,26,0,0],"gold":21,"neow_bonus":"THREE_ENEMY_KILL","is_daily":false,"chose_seed":false,"campfire_upgraded":5,"win_rate":0.0,"timestamp":1608277104,"path_taken":["R","M","M","?","?","E","T","R","M","R","M","?","M","?","M","BOSS","R","M","AVR","M","M","NM","T","R","M","R","?","M","$","M","M"],"items_purchased_type":["Relic","Card","Relic"],"build_version":"2020-12-13","purchased_purges":1,"victory":false,"max_hp_per_floor":[85,85,85,85,85,85,85,85,85,85,85,85,85,85,85,85,85,85,85,85,85,85,85,85,85,85,85,85,85,85,85,85,85],"card_choices":[{"not_picked":["construct:SaveState","construct:Autoturret"],"picked":"construct:ModeShift","floor":2.0},{"not_picked":["construct:CreateCores","construct:BlazingSpeed"],"picked":"construct:Failsafe","floor":3.0},{"not_picked":["construct:HeavyBolt","construct:HardReboot","construct:PhosphorStorm"],"picked":"SKIP","floor":6.0},{"not_picked":["construct:SaveState","construct:FocusedBeam"],"picked":"construct:CreateCores","floor":9.0},{"not_picked":["construct:ShiftStrike","construct:FierceBash"],"picked":"construct:MemoryTap","floor":11.0},{"not_picked":["construct:Backfire","construct:Missile"],"picked":"construct:BatteryAcid","floor":13.0},{"not_picked":["construct:SaveState","construct:FierceBash"],"picked":"construct:Reinforce","floor":15.0},{"not_picked":["construct:ClockworkEgg","construct:ShiftingStance"],"picked":"construct:BatteryCore","floor":16.0},{"not_picked":["construct:Chainstrike","construct:Antimatter","construct:QuickAttack+1"],"picked":"SKIP","floor":19.0},{"not_picked":["construct:BlazingSpeed","construct:SaveState","construct:FocusedBeam"],"picked":"SKIP","floor":21},{"not_picked":["construct:Missile+1","construct:Agitation"],"picked":"construct:Enhance","floor":22},{"not_picked":["construct:PhosphorStorm","construct:CreateCores+1"],"picked":"construct:LaserCore","floor":23},{"not_picked":["construct:CreateCores","construct:HammerDown"],"picked":"construct:SaveState","floor":26},{"not_picked":["construct:CreateCores","construct:Rollout+1","construct:ScopeCore"],"picked":"SKIP","floor":26},{"not_picked":["construct:SuppressiveFire","construct:Analyze","construct:PhosphorStorm"],"picked":"SKIP","floor":29},{"not_picked":["construct:Isolate+1","construct:Accumulate","construct:Boost"],"picked":"SKIP","floor":29},{"not_picked":["construct:PhosphorStorm","construct:Rollout"],"picked":"construct:VentSteam","floor":30},{"not_picked":["construct:PhosphorStorm","construct:GuardCore"],"picked":"construct:PointDefense+1","floor":31},{"not_picked":["construct:Tumble+1","construct:CripplingShot","construct:FierceBash"],"picked":"SKIP","floor":31}],"player_experience":258245,"relics_obtained":[{"floor":6.0,"key":"Boot"},{"floor":7.0,"key":"RollingBoulder"},{"floor":12.0,"key":"White Beast Statue"},{"floor":23,"key":"Orichalcum"},{"floor":23,"key":"Pen Nib"},{"floor":24,"key":"Ancient Tea Set"}],"event_choices":[{"damage_healed":0.0,"max_hp_gain":0.0,"max_hp_loss":0.0,"gold_gain":0.0,"event_name":"Lab","player_choice":"Got Potions","floor":14.0,"gold_loss":0.0,"damage_taken":0.0}],"is_beta":false,"boss_relics":[{"not_picked":["conspire:SlowCooker","hubris:RunicObelisk"],"picked":"beaked:SacredDeck"}],"items_purged_floors":[20],"is_endless":false,"potions_floor_spawned":[9,11,13,15,16,19,21,22,26,29,30,31],"killed_by":"3 Cultists","ascension_level":0}}