{"host":"gbop6m4qugddaz18","time":1608316858,"event":{"mods":["2.2 Compatiblity","BaseMod","Better Third Choice","Block Reminder","Downfall","GifTheSpireLib","Highlight Path","Minty Spire (QoL Compilation)","Replay The Spire","StSLib"],"gold_per_floor":[367,384,399,442,442,442,467,479,479,35,35,65,82,100,100,204,204,215,215,225,245,275,275,289,316,340,350,368,368,385,22,22,120,120,139,139,139,153,153,184,239,267,290,321,321,321,340,562,562,562,562,562,2,32,32],"floor_reached":56,"playtime":5580,"items_purged":["Normality"],"score":1415,"play_id":"ed27661e-cf4f-4bee-a56b-8e9655bfa005","local_time":"20201218134058","is_ascension_mode":true,"campfire_choices":[{"floor":6,"key":"RECALL"},{"data":"Fluid Movement","floor":11,"key":"SMITH"},{"floor":15,"key":"DIG"},{"floor":23,"key":"REST"},{"floor":29,"key":"REST"},{"floor":45,"key":"REST"},{"floor":49,"key":"REST"},{"floor":52,"key":"REST"}],"circlet_count":0,"master_deck":["Strike_G","Strike_G","Strike_G","Strike_G","Defend_G","Defend_G","Defend_G","Defend_G","Survivor","Neutralize","Guardian:Defend_Guardian","Deadly Poison","Poisoned Stab","Infinite Blades+1","Prepared+1","Poisoned Stab","Cloak And Dagger+1","Backflip+1","Cloak And Dagger+1","Finisher","Corpse Explosion+1","Bane","RitualDagger","Cloak And Dagger+1","Quick Slash+1","Terror+1","Masterful Stab","Poisoned Stab","Blur+1","Sucker Punch","Poisoned Stab","Deflect+1","Infinite Blades","expansioncontent:Corrupt+1","expansioncontent:PolyBeam+1","Bandage Up+1","Burst+1","Reflex+1","Expertise+1","Footwork+1","Deadly Poison+1","Dodge and Roll+1","Pain","Dagger Spray","Dash+1","Leg Sweep+1","Prepared+1","Acrobatics+1","Panache+1","Caltrops+1","Caltrops+1","Calculated Gamble+1"],"relics":["Ring of the Snake","Toxic Egg 2","Replay:Bottled Steam","White Beast Statue","Lee\u0027s Waffle","Orichalcum","Ancient Tea Set","Mirror","Gambling Chip","SlaversCollar","Red Mask","Pet Ghost","Juzu Bracelet","ReplayTheSpireMod:ShopPack","Replay:Grab Bag","Busted Crown","Fusion Hammer","Black Star","Astrolabe","ReplayTheSpireMod:Ring of Addiction","ReplayTheSpireMod:Ring of Exchange","Toy Ornithopter","SacredBark","WarpedTongs","Replay:WaspNest","Replay:Bottled Flurry","Byrd Skull","Blood Vial","Frozen Egg 2","Nunchaku","Vampiric Spirits","Smiling Mask","Lantern","StoneCalendar","Divine Protection","Bag of Preparation"],"acts_visited":["Exordium","TheCity","TheBeyond","TheEnding"],"potions_floor_usage":[8,21,28,33,33,42,42,42,54,55,55],"damage_taken":[{"damage":0,"enemies":"Small Slimes","floor":1,"turns":4},{"damage":1,"enemies":"Jaw Worm","floor":2,"turns":5},{"damage":1,"enemies":"2 Louse","floor":3,"turns":3},{"damage":12,"enemies":"Replay:BlueRogue","floor":7,"turns":7},{"damage":17,"enemies":"Lots of Slimes","floor":8,"turns":5},{"damage":24,"enemies":"Lagavulin","floor":12,"turns":6},{"damage":0,"enemies":"2 Fungi Beasts","floor":13,"turns":4},{"damage":0,"enemies":"Looter","floor":14,"turns":4},{"damage":29,"enemies":"The Guardian","floor":16,"turns":11},{"damage":25,"enemies":"2 Thieves","floor":18,"turns":3},{"damage":9,"enemies":"3 Byrds","floor":20,"turns":2},{"damage":17,"enemies":"Centurion and Healer","floor":21,"turns":4},{"damage":19,"enemies":"Masked Bandits","floor":22,"turns":3},{"damage":0,"enemies":"Chosen and Byrds","floor":24,"turns":3},{"damage":9,"enemies":"Book of Stabbing","floor":25,"turns":4},{"damage":10,"enemies":"Snake Plant","floor":27,"turns":4},{"damage":0,"enemies":"Centurion and Healer","floor":28,"turns":6},{"damage":0,"enemies":"Snecko","floor":30,"turns":3},{"damage":48,"enemies":"Champ","floor":33,"turns":9},{"damage":21,"enemies":"3 Darklings","floor":35,"turns":4},{"damage":0,"enemies":"Orb Walker","floor":38,"turns":3},{"damage":1,"enemies":"Reptomancer","floor":40,"turns":4},{"damage":37,"enemies":"2 Orb Walkers","floor":41,"turns":5},{"damage":34,"enemies":"Giant Head","floor":42,"turns":7},{"damage":1,"enemies":"Nemesis","floor":44,"turns":7},{"damage":11,"enemies":"Transient","floor":47,"turns":5},{"damage":60,"enemies":"Donu and Deca","floor":50,"turns":5},{"damage":27,"enemies":"Shield and Spear","floor":54,"turns":5},{"damage":21,"enemies":"The Heart","floor":55,"turns":9}],"seed_played":"2380990683207767135","potions_obtained":[{"floor":1,"key":"Elixir"},{"floor":2,"key":"CunningPotion"},{"floor":8,"key":"Regen Potion"},{"floor":12,"key":"Reflective Coating"},{"floor":13,"key":"Poison Potion"},{"floor":14,"key":"Guardian:BlockOnCardUsePotion"},{"floor":21,"key":"LiquidBronze"},{"floor":28,"key":"Cursed Concoction"},{"floor":30,"key":"LiquidMemories"},{"floor":33,"key":"hexamod:EctoCoolerPotion"},{"floor":35,"key":"SpeedPotion"},{"floor":37,"key":"CunningPotion"},{"floor":37,"key":"Swift Potion"},{"floor":38,"key":"EntropicBrew"},{"floor":42,"key":"Energy Potion"},{"floor":44,"key":"FairyPotion"},{"floor":54,"key":"Dexterity Potion"}],"is_trial":false,"path_per_floor":["M","M","M","?","?","R","E","M","T","$","R","E","M","M","R","B",null,"M","?","M","M","?","R","M","E","T","M","M","R","M","$","R","B",null,"M","?","?","M","?","E","?","E","T","E","R","T","M","?","R","B",null,"R","$","E","B",null],"character_chosen":"THE_SILENT","items_purchased":["Lee\u0027s Waffle","Orichalcum","Ancient Tea Set","Deflect+1","Infinite Blades","Juzu Bracelet","ReplayTheSpireMod:ShopPack","Panache+1","StoneCalendar","Caltrops+1"],"campfire_rested":5,"item_purchase_floors":[10,10,10,31,31,31,31,53,53,53],"current_hp_per_floor":[70,69,68,68,68,68,56,39,39,77,77,53,53,53,53,24,77,52,46,37,20,1,24,24,15,15,5,5,28,28,28,51,9,77,62,62,62,62,62,67,36,23,23,36,58,58,57,57,71,11,71,69,69,49,43],"gold":32,"neow_bonus":"TWO_FIFTY_GOLD","is_daily":false,"chose_seed":false,"campfire_upgraded":1,"win_rate":0.0,"timestamp":1608316858,"path_taken":["M","M","M","?","?","R","E","M","T","$","R","E","M","?","R","BOSS","M","?","M","M","?","R","?","E","T","M","M","R","M","$","R","BOSS","M","?","?","M","?","E","?","E","T","E","R","?","M","?","R","BOSS","R","$","E","BOSS"],"items_purchased_type":["Relic","Relic","Relic","Card","Card","Relic","Relic","Card","Relic","Card"],"build_version":"2020-12-13","purchased_purges":1,"victory":true,"max_hp_per_floor":[70,70,70,70,70,70,70,70,70,77,77,77,77,77,77,77,77,77,77,77,77,77,77,77,77,77,77,77,77,77,77,77,77,77,77,77,77,77,77,77,75,75,75,75,75,73,73,73,71,71,71,69,69,69,69],"card_choices":[{"not_picked":["Well Laid Plans","Slice"],"picked":"Deadly Poison","floor":1},{"not_picked":["Backflip","Prepared"],"picked":"Fluid Movement","floor":2},{"not_picked":["Replay:Poison Smokescreen","Masterful Stab"],"picked":"Poisoned Stab","floor":3},{"not_picked":["Blade Dance+1","ReplayTheSpireMod:Exploit Weakness+1"],"picked":"Infinite Blades","floor":4},{"not_picked":["Wraith Form v2","Underhanded Strike"],"picked":"Prepared+1","floor":4},{"not_picked":["ReplayTheSpireMod:Scrap Shanks","Bane"],"picked":"Poisoned Stab","floor":7},{"not_picked":["Dagger Spray","Outmaneuver+1"],"picked":"Cloak And Dagger+1","floor":8},{"not_picked":["Draining Mist+1","Quick Slash"],"picked":"Backflip+1","floor":12},{"not_picked":["Terror+1","Underhanded Strike"],"picked":"Cloak And Dagger+1","floor":13},{"not_picked":["Sucker Punch","Outmaneuver+1"],"picked":"Finisher","floor":14},{"not_picked":["Storm of Steel+1","After Image"],"picked":"Corpse Explosion+1","floor":16},{"not_picked":["Riddle With Holes","Caltrops+1"],"picked":"Bane","floor":18},{"not_picked":["Backflip+1","Acrobatics+1"],"picked":"Cloak And Dagger+1","floor":20},{"not_picked":["Calculated Gamble+1","Underhanded Strike+1"],"picked":"Quick Slash+1","floor":21},{"not_picked":["Choke","Dagger Spray"],"picked":"Terror+1","floor":22},{"not_picked":["Blade Dance+1","Bane+1"],"picked":"Masterful Stab","floor":24},{"not_picked":["Backflip+1","Footwork+1"],"picked":"Poisoned Stab","floor":25},{"not_picked":["Backstab","Unload"],"picked":"Blur+1","floor":27},{"not_picked":["ReplayTheSpireMod:Exploit Weakness+1","PiercingWail+1"],"picked":"Sucker Punch","floor":28},{"not_picked":["Blade Dance+1","Leg Sweep+1"],"picked":"Poisoned Stab","floor":30},{"not_picked":["Midas Touch","Poisoned Strike"],"picked":"expansioncontent:Corrupt","floor":31},{"not_picked":["Bandage Up","Impatience"],"picked":"expansioncontent:PolyBeam","floor":31},{"not_picked":["expansioncontent:TimeRipple","Replay:BasicMightCard"],"picked":"Bandage Up","floor":31},{"not_picked":["Wraith Form v2","Doppelganger+1"],"picked":"Burst+1","floor":33},{"not_picked":[],"picked":"Deadly Poison+1","floor":35},{"not_picked":[],"picked":"Dodge and Roll+1","floor":38},{"not_picked":[],"picked":"Dagger Spray","floor":40},{"not_picked":[],"picked":"Dash+1","floor":41},{"not_picked":[],"picked":"Leg Sweep+1","floor":42},{"not_picked":[],"picked":"Prepared+1","floor":44},{"not_picked":[],"picked":"Acrobatics+1","floor":47},{"not_picked":[],"picked":"Calculated Gamble+1","floor":54}],"player_experience":453251,"relics_obtained":[{"floor":4,"key":"Toxic Egg 2"},{"floor":7,"key":"Replay:Bottled Steam"},{"floor":9,"key":"White Beast Statue"},{"floor":12,"key":"Mirror"},{"floor":15,"key":"Gambling Chip"},{"floor":22,"key":"Red Mask"},{"floor":25,"key":"Pet Ghost"},{"floor":37,"key":"ReplayTheSpireMod:Ring of Addiction"},{"floor":37,"key":"ReplayTheSpireMod:Ring of Exchange"},{"floor":37,"key":"Toy Ornithopter"},{"floor":37,"key":"SacredBark"},{"floor":40,"key":"Replay:WaspNest"},{"floor":40,"key":"Replay:Bottled Flurry"},{"floor":41,"key":"Byrd Skull"},{"floor":42,"key":"Blood Vial"},{"floor":42,"key":"Frozen Egg 2"},{"floor":43,"key":"Nunchaku"},{"floor":44,"key":"Vampiric Spirits"},{"floor":44,"key":"Smiling Mask"},{"floor":46,"key":"Lantern"},{"floor":54,"key":"Divine Protection"},{"floor":54,"key":"Bag of Preparation"}],"event_choices":[{"damage_healed":0,"gold_gain":0,"player_choice":"Upgraded","damage_taken":0,"max_hp_gain":0,"max_hp_loss":0,"event_name":"Upgrade Shrine","floor":5,"gold_loss":0,"cards_upgraded":["Infinite Blades"]},{"damage_healed":0,"gold_gain":0,"player_choice":"Dagger","damage_taken":6,"max_hp_gain":0,"max_hp_loss":0,"event_name":"betterThird:BetterNest","floor":19,"gold_loss":0,"cards_obtained":["RitualDagger"]},{"damage_healed":0,"gold_gain":0,"player_choice":"Fought Bandits","damage_taken":0,"max_hp_gain":0,"max_hp_loss":0,"event_name":"Masked Bandits","floor":22,"gold_loss":0},{"cards_removed":["Strike_P"],"damage_healed":0,"gold_gain":0,"player_choice":"Removed Attack","damage_taken":0,"max_hp_gain":0,"max_hp_loss":0,"event_name":"Falling","floor":36,"gold_loss":0},{"damage_healed":0,"gold_gain":0,"player_choice":"Rummage","damage_taken":0,"relics_obtained":["WarpedTongs"],"max_hp_gain":0,"max_hp_loss":0,"event_name":"Accursed Blacksmith","floor":39,"gold_loss":0,"cards_obtained":["Pain"]},{"damage_healed":0,"gold_gain":0,"player_choice":"Fight","damage_taken":0,"max_hp_gain":0,"max_hp_loss":0,"event_name":"Mysterious Sphere","floor":41,"gold_loss":0},{"damage_healed":0,"gold_gain":222,"player_choice":"Wore Mask","damage_taken":0,"max_hp_gain":0,"max_hp_loss":0,"event_name":"Tomb of Lord Red Mask","floor":48,"gold_loss":0}],"is_beta":false,"boss_relics":[{"not_picked":["Coffee Dripper","Abe\u0027s Treasure"],"picked":"SlaversCollar"},{"not_picked":["ChewingGum","Ring of Chaos"],"picked":"Replay:Grab Bag"},{"not_picked":["Cursed Key","ReplayTheSpireMod:Onyx Gauntlets"],"picked":"Busted Crown"},{"not_picked":["Velvet Choker","ReplayTheSpireMod:DimensionalGlitch"],"picked":"Fusion Hammer"},{"not_picked":["Replay:Drink Me","Snecko Eye"],"picked":"Black Star"},{"not_picked":["Snecko Scales","Pandora\u0027s Box"],"picked":"Astrolabe"}],"items_purged_floors":[53],"is_endless":false,"potions_floor_spawned":[1,2,8,12,13,14,16,18,20,21,22,24,25,27,28,30,33,35,38,40,41,42,44,47,54],"ascension_level":1}}