{"host":"tm3ghj8mno6gwywm","time":1608284355,"event":{"mods":["2.2 Compatiblity","AchievementEnabler","Bard","BaseMod","Beaked The Cultist","Better Third Choice","Colored Map","Colored Powertips","Conspire","Downfall","Glutton Mod","GungeonMod","Halation","Hermit","Hubris","Infinite Spire","Jorbs\u0027s Wanderer Trilogy","Lobotomy","Mad Scientist","Marisa????????","Marked Mod","Mimic Mod","Minty Spire (QoL Compilation)","Potionbrewer","Quick Restart","READ ME - Guardian Mod","Replay The Spire","Shade Mod","Shop Mod","Somnambulant","Spicy Shops","StSLib","SuperFastMode","The Bug Knight","The Construct","The Cursed","The Disciple","The Factory","The Hierophant","The IronCluck","The Judge","The Jungle","The Necromancer","The Runesmith","The Servant 0.9.4","egg"],"gold_per_floor":[199,229,16,32,17,17,17,17,37,67,86,86,100,200,212,316,316,91,107,107,122,65,80,106,106,106,132,366,376,376,388,405,504,504,504,521,549,549,42,42,69,99,109,109,0,100,117,166,184,184,184,184,218,42,42,42],"floor_reached":57,"playtime":2467,"items_purged":["SwitchThreat","Pain"],"score":1790,"play_id":"beb4132a-3a2a-4ac7-a455-40b1b336e3a6","local_time":"20201218043915","is_ascension_mode":false,"campfire_choices":[{"floor":1,"key":"RECALL"},{"floor":6,"key":"REST"},{"floor":8,"key":"REST"},{"data":"champ:Execute","floor":18,"key":"SMITH"},{"data":"champ:Defend","floor":20,"key":"SMITH"},{"data":"champ:Taunt","floor":35,"key":"SMITH"},{"data":"champ:Defend","floor":40,"key":"SMITH"},{"data":"champ:Defend","floor":55,"key":"SMITH"}],"circlet_count":0,"master_deck":["champ:Strike","champ:Strike","champ:Strike","champ:Strike","champ:Defend","champ:Defend+1","champ:Defend+1","champ:Defend+1","champ:Execute+1","champ:Taunt+1","champ:FlashCut+1","champ:DefensiveStyle+1","champ:PreciseThrust+1","champ:EnchantSword+1","champ:FlashCut+1","champ:Encircle+1","champ:BerserkerStyle+1","champ:FanOfKnives+1","champ:Aggression+1","champ:EnchantCrown+1","champ:TornadoPunch+1","champ:HeartStrike+1","champ:RageSigil+1","champ:EndlessRage+1","champ:ShieldWall+1","champ:GladiatorStyle+1","champ:GladiatorsShout+1","champ:FocusedBerserking+1","champ:Backstep+1","champ:DancingMaster+1","champ:SwordSigil+1","champ:FocusedGladiator+1","champ:IronFortress+1","champ:FanOfKnives+1","champ:BringItOn+1","champ:Duel+1","champ:Balance+1","champ:SwordThrow+1","champ:BerserkersShout+1"],"relics":["champ:ChampionCrown","WingedGreaves","Membership Card","Quantum Egg","Frozen Egg 2","Toxic Egg 2","Molten Egg 2","Black Star","Mummified Hand","Lizard Tail","ReplayTheSpireMod:TigerMarble","Mercury Hourglass","DemoMod:WhiteGuonStone","DemoMod:OrangeGuonStone","Frozen Egg 2","hubris:SlimyHat","hubris:ScarierMask","downfall:HeartBlessingRed","downfall:HeartBlessingGreen","downfall:HeartBlessingBlue","DemoMod:ClearGuonStone","ReplayTheSpireMod:CursedCoin","hubris:EmptyBottle","Vajra","Boot","ReplayTheSpireMod:Shallot","champ:GladiatorsBookOfMartialProwess","hubris:Towel","SacredBark","Blood Vial","infinitespire:Satchel","hubris:GlazedTorus","halation:AfternoonTea","infinitespire:PuzzleCube","construct:FoamFinger","ReplayTheSpireMod:Lightbulb","Replay:WaspNest","MerchantsRug","Lee\u0027s Waffle","downfall:GremlinWheel","CatCart","Replay:Baseball","infinitespire:Magic Flask","Sling"],"acts_visited":["Exordium","TheCity","TheBeyond","TheEnding"],"potions_floor_usage":[16,22,22,56,56,56,56,56,56,56,56,56,56,56,56,56,56,56,56,56],"damage_taken":[{"damage":71,"enemies":"Gremlin Nob","floor":2,"turns":6},{"damage":15,"enemies":"downfall:FleeingMerchant","floor":3,"turns":4},{"damage":20,"enemies":"Cultist","floor":4,"turns":2},{"damage":5,"enemies":"downfall:FleeingMerchant","floor":5,"turns":4},{"damage":0,"enemies":"2 Louse","floor":9,"turns":2},{"damage":0,"enemies":"HollowMod:MossKnight","floor":10,"turns":5},{"damage":0,"enemies":"conspire:RoseBush","floor":11,"turns":2},{"damage":3,"enemies":"Blue Slaver","floor":13,"turns":3},{"damage":15,"enemies":"Exordium Wildlife","floor":15,"turns":2},{"damage":18,"enemies":"downfall:Defect","floor":16,"turns":4},{"damage":18,"enemies":"Spheric Guardian","floor":19,"turns":4},{"damage":8,"enemies":"Centurion and Healer","floor":21,"turns":3},{"damage":33,"enemies":"downfall:FleeingMerchant","floor":22,"turns":5},{"damage":8,"enemies":"Sentry and Sphere","floor":23,"turns":1},{"damage":2,"enemies":"Gremlin Leader","floor":27,"turns":5},{"damage":14,"enemies":"downfall:FleeingMerchant","floor":28,"turns":3},{"damage":21,"enemies":"conspire:HollyBat","floor":29,"turns":8},{"damage":0,"enemies":"Cultist and Chosen","floor":31,"turns":3},{"damage":26,"enemies":"Shelled Parasite and Fungi","floor":32,"turns":2},{"damage":47,"enemies":"downfall:Silent","floor":33,"turns":5},{"damage":20,"enemies":"3 Shapes","floor":36,"turns":2},{"damage":49,"enemies":"Nemesis","floor":37,"turns":5},{"damage":40,"enemies":"Giant Head","floor":42,"turns":5},{"damage":21,"enemies":"3 Darklings","floor":43,"turns":2},{"damage":3,"enemies":"3 Darklings","floor":46,"turns":2},{"damage":0,"enemies":"Jaw Worm Horde","floor":47,"turns":3},{"damage":41,"enemies":"Orin","floor":48,"turns":5},{"damage":41,"enemies":"Maw","floor":49,"turns":4},{"damage":25,"enemies":"downfall:Watcher","floor":50,"turns":3},{"damage":72,"enemies":"downfall:CharBossMerchant","floor":53,"turns":6},{"damage":93,"enemies":"downfall:NeowBoss","floor":56,"turns":15}],"seed_played":"-2391724406358748898","potions_obtained":[{"floor":4,"key":"champ:CounterPotion"},{"floor":9,"key":"ColorlessPotion"},{"floor":11,"key":"Strength Potion"},{"floor":23,"key":"GamblersBrew"},{"floor":29,"key":"SteroidPotion"},{"floor":31,"key":"potionbrewer:SplittingPotion"}],"is_trial":false,"path_per_floor":["R","E","$","M","$","R","T","R","M","E","M","?","M","?","M","B",null,"R","M","R","M","$","M","T","?","?","E","$","M","?","M","M","B",null,"R","M","E","?","$","R","T","E","M","?","$","?","M","?","M","B",null,null,"E","$","R","B",null],"character_chosen":"THE_CHAMP","items_purchased":["DemoMod:WhiteGuonStone","DemoMod:OrangeGuonStone","DemoMod:ClearGuonStone","ReplayTheSpireMod:CursedCoin","hubris:EmptyBottle","champ:GladiatorsBookOfMartialProwess","champ:IronFortress+1","halation:BottledHappiness","hubris:GlazedTorus","halation:AfternoonTea","infinitespire:PuzzleCube","construct:FoamFinger","MerchantsRug","Lee\u0027s Waffle","champ:SwordThrow+1","champ:BerserkersShout+1","Sling"],"campfire_rested":2,"item_purchase_floors":[3,3,22,22,22,28,39,39,39,39,39,39,45,45,54,54,54],"current_hp_per_floor":[90,29,24,24,24,51,51,78,78,78,78,78,80,80,80,80,92,102,89,89,89,81,81,81,81,81,82,87,92,92,92,94,99,102,102,102,102,102,102,102,102,102,102,102,109,109,109,109,109,109,109,109,89,89,89,109],"gold":42,"neow_bonus":"HUNDRED_GOLD","is_daily":false,"chose_seed":false,"campfire_upgraded":5,"win_rate":0.0,"timestamp":1608284355,"path_taken":["R","E","$","M","?","R","T","R","M","E","M","?","M","?","M","BOSS","R","M","R","M","$","M","T","?","?","E","$","M","?","M","M","BOSS","R","M","E","?","$","R","T","E","M","?","$","?","?","?","M","BOSS","E","$","R","BOSS"],"items_purchased_type":["Relic","Relic","Relic","Relic","Relic","Relic","Card","Relic","Relic","Relic","Relic","Relic","Relic","Relic","Card","Card","Relic"],"build_version":"2020-12-13","purchased_purges":2,"victory":true,"max_hp_per_floor":[90,90,90,90,90,90,90,90,90,90,90,90,92,92,92,92,92,102,102,102,102,102,102,102,102,102,102,102,102,102,102,102,102,102,102,102,102,102,102,102,102,102,102,102,109,109,109,109,109,109,109,109,109,109,109,109],"card_choices":[{"not_picked":["champ:Backstep+1","champ:GladiatorStyle+1"],"picked":"champ:FlashCut+1","floor":2},{"not_picked":["champ:EndlessRage+1","champ:FocusedDefense+1"],"picked":"champ:DefensiveStyle+1","floor":3},{"not_picked":["champ:PerfectedStrike+1","champ:RapidStrikes+1"],"picked":"champ:PreciseThrust+1","floor":4},{"not_picked":["champ:TornadoPunch+1","champ:ShieldSigil+1"],"picked":"champ:EnchantSword+1","floor":5},{"not_picked":["champ:StrikeOfGenius+1","champ:FanOfKnives+1"],"picked":"champ:FlashCut+1","floor":9},{"not_picked":["champ:RageSigil+1","champ:PerfectedStrike+1"],"picked":"champ:Encircle+1","floor":10},{"not_picked":["champ:BringItOn+1","champ:EnragedBash+1"],"picked":"champ:BerserkerStyle+1","floor":11},{"not_picked":["champ:DefensiveShout+1","champ:Haymaker+1"],"picked":"champ:FanOfKnives+1","floor":13},{"not_picked":["champ:ShieldSigil+1","champ:FalseCounter+1"],"picked":"champ:Aggression+1","floor":15},{"not_picked":["champ:CrownThrow+1","champ:VampiricStrike+1"],"picked":"champ:EnchantCrown+1","floor":16},{"not_picked":["champ:BringItOn+1","champ:CalledShot+1"],"picked":"champ:TornadoPunch+1","floor":19},{"not_picked":["champ:CalledShot+1","champ:DefensiveStyle+1"],"picked":"champ:HeartStrike+1","floor":21},{"not_picked":["champ:BerserkersShout+1","champ:GladiatorsShout+1"],"picked":"champ:RageSigil+1","floor":22},{"not_picked":["champ:FanOfKnives+1","champ:SwordSigil+1"],"picked":"champ:EndlessRage+1","floor":23},{"not_picked":["champ:BerserkerStyle+1","champ:BringItOn+1"],"picked":"champ:ShieldWall+1","floor":27},{"not_picked":["champ:ShieldSigil+1","champ:Haymaker+1"],"picked":"champ:GladiatorStyle+1","floor":28},{"not_picked":["champ:BladeFlurry+1","champ:VampiricStrike+1"],"picked":"champ:GladiatorsShout+1","floor":29},{"not_picked":["champ:Lariat+1","champ:PerfectedStrike+1"],"picked":"champ:FocusedBerserking+1","floor":31},{"not_picked":["champ:FalseCounter+1","champ:ViciousMockery+1"],"picked":"champ:Backstep+1","floor":32},{"not_picked":["champ:IgnorePain+1","champ:EnchantSword+1"],"picked":"champ:DancingMaster+1","floor":33},{"not_picked":["champ:GladiatorStyle+1","champ:CalledShot+1"],"picked":"champ:SwordSigil+1","floor":36},{"not_picked":["champ:DefensiveShout+1","champ:RecklessLeap+1"],"picked":"champ:FocusedGladiator+1","floor":37},{"not_picked":["champ:BerserkersShout+1","champ:AdrenalArmor+1","champ:GladiatorsShout+1"],"picked":"SKIP","floor":42},{"not_picked":["champ:CalledShot+1","champ:Backstep+1"],"picked":"champ:FanOfKnives+1","floor":43},{"not_picked":["champ:ArenaPreparation+1","champ:FanOfKnives+1","champ:HeartStrike+1"],"picked":"SKIP","floor":47},{"not_picked":["champ:TornadoPunch+1","champ:FlashCut+1"],"picked":"champ:BringItOn+1","floor":48},{"not_picked":["champ:DeathBlow+1","champ:BerserkerStyle+1"],"picked":"champ:Duel+1","floor":49},{"not_picked":["champ:Control+1","champ:Circumvent+1"],"picked":"champ:Balance+1","floor":53}],"player_experience":772501,"relics_obtained":[{"floor":2,"key":"ReplayTheSpireMod:TigerMarble"},{"floor":2,"key":"Mercury Hourglass"},{"floor":10,"key":"Frozen Egg 2"},{"floor":10,"key":"hubris:SlimyHat"},{"floor":24,"key":"Vajra"},{"floor":27,"key":"Boot"},{"floor":27,"key":"ReplayTheSpireMod:Shallot"},{"floor":37,"key":"Blood Vial"},{"floor":37,"key":"infinitespire:Satchel"},{"floor":41,"key":"ReplayTheSpireMod:Lightbulb"},{"floor":42,"key":"Replay:WaspNest"},{"floor":46,"key":"downfall:GremlinWheel"},{"floor":48,"key":"CatCart"},{"floor":53,"key":"Replay:Baseball"},{"floor":53,"key":"infinitespire:Magic Flask"}],"event_choices":[{"damage_healed":0,"gold_gain":0,"player_choice":"Fight","damage_taken":0,"max_hp_gain":0,"max_hp_loss":0,"event_name":"OrinTheCat","floor":48,"gold_loss":0}],"is_beta":false,"boss_relics":[{"not_picked":["Empty Cage","Black Star"],"picked":"hubris:ScarierMask"},{"not_picked":["halation:PinkAlligatorPlush","Replay:Ancient Bell"],"picked":"SacredBark"}],"items_purged_floors":[22,28],"is_endless":false,"potions_floor_spawned":[4,9,11,15,21,23,29,31,32,33,42,46],"ascension_level":0}}