{"host":"36mulxq349byzoa2","time":1608254630,"event":{"mods":["AchievementEnabler","BaseMod","Better Match","Block Reminder","Colored Map","Colored Powertips","Minty Spire (QoL Compilation)","Rare Cards Sparkle","StSLib","SuperFastMode"],"gold_per_floor":[110,110,123,123,138,171,171,182,182,200,125,137,37,52,52,52,52],"floor_reached":16,"playtime":315,"items_purged":["Clumsy","Strike_R"],"score":104,"play_id":"5d8357fb-2f8c-4f9a-bac4-0ec6802c30a3","local_time":"20201217202350","is_ascension_mode":false,"campfire_choices":[{"data":"Bash","floor":7,"key":"SMITH"},{"floor":15,"key":"REST"}],"circlet_count":0,"master_deck":["Strike_R","Strike_R","Strike_R","Strike_R","Defend_R","Defend_R","Defend_R","Defend_R","Bash+1","Dropkick"],"relics":["Cursed Key","Mummified Hand","InkBottle"],"acts_visited":["Exordium"],"potions_floor_usage":[6,16],"damage_taken":[{"damage":6,"enemies":"Cultist","floor":1,"turns":3},{"damage":1,"enemies":"2 Louse","floor":3,"turns":2},{"damage":11,"enemies":"Jaw Worm","floor":5,"turns":2},{"damage":21,"enemies":"3 Sentries","floor":6,"turns":7},{"damage":21,"enemies":"Lots of Slimes","floor":8,"turns":5},{"damage":2,"enemies":"2 Fungi Beasts","floor":10,"turns":3},{"damage":10,"enemies":"Exordium Thugs","floor":12,"turns":6},{"damage":7,"enemies":"3 Louse","floor":14,"turns":4},{"damage":43,"enemies":"Hexaghost","floor":16,"turns":9}],"seed_played":"-4324304045966679238","potions_obtained":[{"floor":3,"key":"AttackPotion"},{"floor":12,"key":"Ancient Potion"},{"floor":14,"key":"BloodPotion"}],"is_trial":false,"path_per_floor":["M","?","M","?","M","E","R","M","T","M","$","M","$","M","R","B"],"character_chosen":"IRONCLAD","items_purchased":[],"campfire_rested":1,"item_purchase_floors":[],"current_hp_per_floor":[74,74,73,73,62,41,41,20,20,18,18,8,8,1,25,0,0],"gold":52,"neow_bonus":"BOSS_RELIC","is_daily":false,"chose_seed":false,"campfire_upgraded":1,"win_rate":0.0,"timestamp":1608254630,"path_taken":["M","?","M","?","M","E","R","M","T","M","?","M","$","M","R","BOSS"],"items_purchased_type":[],"build_version":"2020-12-13","purchased_purges":2,"victory":false,"max_hp_per_floor":[80,80,80,80,80,80,80,80,80,80,80,80,80,80,80,80,80],"card_choices":[{"not_picked":["Pommel Strike","Heavy Blade","Warcry"],"picked":"SKIP","floor":1},{"not_picked":["Perfected Strike","Carnage","Headbutt"],"picked":"SKIP","floor":3},{"not_picked":["Intimidate","Metallicize","Havoc"],"picked":"SKIP","floor":5},{"not_picked":["True Grit","Searing Blow"],"picked":"Dropkick","floor":6},{"not_picked":["Iron Wave","Body Slam","Thunderclap"],"picked":"SKIP","floor":8},{"not_picked":["Sword Boomerang","Heavy Blade","Shrug It Off"],"picked":"SKIP","floor":10},{"not_picked":["Iron Wave","Armaments","Perfected Strike"],"picked":"SKIP","floor":12},{"not_picked":["Anger","Headbutt","Combust"],"picked":"SKIP","floor":14}],"player_experience":980808,"relics_obtained":[{"floor":6,"key":"Mummified Hand"},{"floor":9,"key":"InkBottle"}],"event_choices":[{"damage_healed":0,"gold_gain":0,"player_choice":"Ignored","damage_taken":0,"max_hp_gain":0,"max_hp_loss":0,"event_name":"Liars Game","floor":2,"gold_loss":0},{"damage_healed":0,"gold_gain":0,"player_choice":"Ignored","damage_taken":0,"max_hp_gain":0,"max_hp_loss":0,"event_name":"Golden Idol","floor":4,"gold_loss":0}],"is_beta":false,"boss_relics":[],"items_purged_floors":[11,13],"is_endless":false,"potions_floor_spawned":[3,12,14],"killed_by":"Hexaghost","ascension_level":0}}