{"host":"l8k579n63ej0vska","time":1608288947,"event":{"mods":["BaseMod","Colored Map","Infinite Spire","Minty Spire (QoL Compilation)","Replay The Spire","StSLib","The Bug Knight"],"gold_per_floor":[114,131,131,148,164,164,181,181,181,146,146,146,161,177,177,254,254,254,254],"floor_reached":18,"playtime":2035,"items_purged":[],"score":270,"play_id":"cda1faa5-a9f1-4ab7-ac04-57cc9d745fc3","local_time":"20201218115547","is_ascension_mode":true,"campfire_choices":[{"data":"HollowMod:FocusHealStart","floor":6,"key":"SMITH"},{"floor":8,"key":"REST"},{"data":"Phantasmal Killer","floor":12,"key":"SMITH"},{"data":"infinitespire:Execution","floor":15,"key":"SMITH"}],"circlet_count":0,"master_deck":["AscendersBane","Defend_G","Defend_G","Defend_G","Survivor","Neutralize","Hallucinations","HollowMod:FocusHealStart+1","Phantasmal Killer","Good Instincts","infinitespire:Execution+1","Sneak Up","Phantasmal Killer+1","Skewer","Fluid Movement","Cloak And Dagger","Flying Knee","Burst","Decay","Writhe"],"relics":["ReplayTheSpireMod:SealedPack","Shuriken","Kintsugi"],"acts_visited":["Exordium","TheCity"],"potions_floor_usage":[18],"damage_taken":[{"damage":1,"enemies":"Small Slimes","floor":1,"turns":6},{"damage":4,"enemies":"Cultist","floor":2,"turns":5},{"damage":1,"enemies":"2 Louse","floor":4,"turns":3},{"damage":22,"enemies":"2 Fungi Beasts","floor":5,"turns":6},{"damage":16,"enemies":"Large Slime","floor":7,"turns":9},{"damage":12,"enemies":"3 Louse","floor":13,"turns":6},{"damage":6,"enemies":"Red Slaver","floor":14,"turns":5},{"damage":19,"enemies":"Hexaghost","floor":16,"turns":9},{"damage":65,"enemies":"3 Byrds","floor":18,"turns":7}],"seed_played":"-1429768499280168433","potions_obtained":[{"floor":4,"key":"Languid Potion"},{"floor":7,"key":"Elixir"},{"floor":16,"key":"LifebloodPotion"}],"is_trial":false,"path_per_floor":["M","M","?","M","M","R","M","R","T","?","?","R","M","M","R","B",null,"M"],"character_chosen":"THE_SILENT","items_purchased":[],"campfire_rested":1,"item_purchase_floors":[],"current_hp_per_floor":[58,54,54,53,31,31,25,44,44,60,53,53,47,47,47,38,59,0,0],"gold":254,"neow_bonus":"BOSS_RELIC","is_daily":false,"chose_seed":false,"campfire_upgraded":3,"win_rate":0.0,"timestamp":1608288947,"path_taken":["M","M","?","M","?","R","M","R","T","?","?","R","M","M","R","BOSS","M"],"items_purchased_type":[],"build_version":"2020-12-13","purchased_purges":0,"victory":false,"max_hp_per_floor":[66,66,66,66,66,66,66,66,66,66,66,66,66,66,66,66,66,66,66],"card_choices":[{"not_picked":["Bash","m_Survivalism"],"picked":"HollowMod:FocusHealStart","floor":0},{"not_picked":["Grand Finale","Die Die Die"],"picked":"Phantasmal Killer","floor":0},{"not_picked":["Swift Strike","Jack Of All Trades"],"picked":"Good Instincts","floor":0},{"not_picked":["infinitespire:SevenWalls","infinitespire:DeathsTouch"],"picked":"infinitespire:Execution","floor":0},{"not_picked":["Dagger Spray","Underhanded Strike"],"picked":"Sneak Up","floor":1},{"not_picked":["Bouncing Flask","Dodge and Roll"],"picked":"Phantasmal Killer","floor":2},{"not_picked":["Slice","Flying Knee"],"picked":"Skewer","floor":4},{"not_picked":["All Out Attack","Bane"],"picked":"Fluid Movement","floor":5},{"not_picked":["Hidden Blade","Crippling Poison"],"picked":"Cloak And Dagger","floor":7},{"not_picked":["Wraith Form v2","Dagger Spray"],"picked":"Flying Knee","floor":13},{"not_picked":["Toxin Wave","Distraction","ReplayTheSpireMod:The Works"],"picked":"SKIP","floor":14},{"not_picked":["Die Die Die","Adrenaline"],"picked":"Burst","floor":16}],"player_experience":1620050,"relics_obtained":[{"floor":9,"key":"Shuriken"}],"event_choices":[{"cards_removed":["Defend_G"],"damage_healed":0,"gold_gain":0,"player_choice":"Offered Basic","damage_taken":0,"max_hp_gain":0,"max_hp_loss":0,"event_name":"Bonfire Elementals","floor":3,"gold_loss":0},{"damage_healed":16,"gold_gain":0,"player_choice":"Healed","damage_taken":0,"max_hp_gain":0,"max_hp_loss":0,"event_name":"The Cleric","floor":10,"gold_loss":35},{"cards_removed":["Strike_G"],"damage_healed":0,"gold_gain":0,"player_choice":"Card Removal","damage_taken":7,"max_hp_gain":0,"max_hp_loss":0,"event_name":"Golden Wing","floor":11,"gold_loss":0}],"is_beta":false,"boss_relics":[{"not_picked":["infinitespire:Cupcake","Snecko Heart"],"picked":"Kintsugi"}],"items_purged_floors":[],"is_endless":false,"potions_floor_spawned":[4,5,7,16],"killed_by":"3 Byrds","ascension_level":15}}