{"host":"4ih4fq53sefgqhvb","time":1608269142,"event":{"mods":["AchievementEnabler","Aspiration","Bard","BaseMod","BetterRewards","Colored Map","Colored Powertips","Conspire","Downfall","Googly Eyes","Hermit","Highlight Path","Hubris","Infinite Spire","Jedi Mod","Jorbs\u0027s Wanderer Trilogy","Marisa????????","Mimic Mod","Minty Spire (QoL Compilation)","Quick Restart","Relic Stats","Replay The Spire","Shop Mod","StSLib","The Animator","The Cursed","The Jungle","The Runesmith"],"gold_per_floor":[99,99,24,9,27,27,50,61,24,58,68,84,101,86,104,206,206,206,225,210,225,225,225,225],"floor_reached":23,"playtime":1388,"items_purged":[],"score":241,"play_id":"9e5a3ed5-17d0-46a9-a931-ff9ff8fb8b85","local_time":"20201217212542","is_ascension_mode":false,"campfire_choices":[{"floor":1.0,"key":"RECALL"},{"data":"hexamod:EtherealExpedition","floor":3.0,"key":"SMITH"},{"data":"hexamod:Float","floor":6.0,"key":"SMITH"},{"data":"hexamod:TimeOfNeed","floor":18.0,"key":"SMITH"},{"floor":22,"key":"REST"}],"circlet_count":0,"master_deck":["hexamod:Strike","hexamod:Strike","hexamod:Strike","hexamod:Strike","hexamod:Defend","hexamod:Defend","hexamod:Defend","hexamod:Defend","hexamod:Sear","hexamod:Float+1","hexamod:InspiringFlames","hexamod:EtherealExpedition+1","hexamod:GhostflameBarrier","hexamod:ThirdSeal","hexamod:Again","hexamod:ExtraCrispy","hexamod:BurningTouch","hexamod:RainOfEmbers","hexamod:ThermalTransfer","hexamod:PhantomFireball","hexamod:Toasty","hexamod:Incineration","hexamod:SkipABeat","hexamod:HauntingEcho","hexamod:HeatMetal","hexamod:ThermalTransfer","hexamod:Toasty","hexamod:Firestarter","hexamod:EmpoweredFlame","hexamod:ChargedBarrage","hexamod:TimeOfNeed+1","hexamod:WildfireWeapon","hexamod:BurningTouch+1","hexamod:SoulSteal+1","hexamod:RainOfEmbers"],"relics":["hexamod:SpiritBrand","downfall:HeartBlessingRed","Juzu Bracelet","hubris:Teleporter","Runic Pyramid"],"acts_visited":["Exordium","TheCity"],"potions_floor_usage":[],"damage_taken":[{"damage":4.0,"enemies":"downfall:FleeingMerchant","floor":4.0,"turns":4.0},{"damage":0.0,"enemies":"Jaw Worm","floor":5.0,"turns":4.0},{"damage":0.0,"enemies":"Small Slimes","floor":8.0,"turns":3.0},{"damage":4.0,"enemies":"downfall:FleeingMerchant","floor":9.0,"turns":4.0},{"damage":7.0,"enemies":"Gremlin Nob","floor":10.0,"turns":3.0},{"damage":0.0,"enemies":"Cultist","floor":11.0,"turns":2.0},{"damage":7.0,"enemies":"Red Slaver","floor":12.0,"turns":3.0},{"damage":1.0,"enemies":"Blue Slaver","floor":13.0,"turns":3.0},{"damage":9.0,"enemies":"downfall:FleeingMerchant","floor":14.0,"turns":4.0},{"damage":0.0,"enemies":"2 Fungi Beasts","floor":15.0,"turns":3.0},{"damage":27.0,"enemies":"downfall:Ironclad","floor":16.0,"turns":7.0},{"damage":4.0,"enemies":"Shell Parasite","floor":19.0,"turns":3.0},{"damage":14.0,"enemies":"downfall:FleeingMerchant","floor":20.0,"turns":4.0},{"damage":29,"enemies":"3 Byrds","floor":21,"turns":3},{"damage":47,"enemies":"Gremlin Leader","floor":23,"turns":4}],"seed_played":"-1520771291161584833","potions_obtained":[{"floor":5.0,"key":"jedi:mysterypotion"},{"floor":8.0,"key":"SteroidPotion"},{"floor":12.0,"key":"Block Potion"},{"floor":15.0,"key":"Explosive Potion"}],"is_trial":false,"path_per_floor":["R","?","R","$","M","R","T","M","$","E","M","M","M","$","M","B",null,"R","M","$","M","R","E"],"character_chosen":"THE_SPIRIT","items_purchased":["hexamod:ThermalTransfer"],"campfire_rested":1,"item_purchase_floors":[9],"current_hp_per_floor":[70,70,70,66,66,66,66,66,62,55,55,48,47,38,38,11,70,70,66,52,23,44,0,0],"gold":225,"neow_bonus":"THREE_CARDS","is_daily":false,"chose_seed":false,"campfire_upgraded":3,"win_rate":0.0,"timestamp":1608269142,"path_taken":["R","?","R","?","?","R","T","M","?","E","M","M","M","$","M","BOSS","R","M","$","M","R","E"],"items_purchased_type":["Card"],"build_version":"2020-12-13","purchased_purges":0,"victory":false,"max_hp_per_floor":[70,70,70,70,70,70,70,70,70,70,70,70,70,70,70,70,70,70,70,70,70,70,70,70],"relic_stats":{"counters":[15,54],"Juzu Bracelet":0,"obtain_stats":[{"hubris:Teleporter":10,"downfall:HeartBlessingRed":3,"Juzu Bracelet":7,"hexamod:SpiritBrand":0,"Runic Pyramid":17},{"hubris:Teleporter":5,"downfall:HeartBlessingRed":0,"Juzu Bracelet":2,"hexamod:SpiritBrand":0,"Runic Pyramid":11},{"hubris:Teleporter":18,"downfall:HeartBlessingRed":0,"Juzu Bracelet":8,"hexamod:SpiritBrand":0,"Runic Pyramid":40}]},"card_choices":[{"not_picked":["hexamod:BacktrackSmack","hexamod:AdvancingGuard"],"picked":"hexamod:InspiringFlames","floor":0.0},{"not_picked":["hexamod:RainOfEmbers","hexamod:AdvancingGuard"],"picked":"hexamod:GhostflameBarrier","floor":4.0},{"not_picked":["hexamod:NightmareGuise","hexamod:PhantomCloak"],"picked":"hexamod:ThirdSeal","floor":5.0},{"not_picked":["hexamod:PhantomCloak","hexamod:AdvancingGuard"],"picked":"hexamod:Again","floor":8.0},{"not_picked":["hexamod:Firestarter","hexamod:ChargedBarrage"],"picked":"hexamod:ExtraCrispy","floor":8.0},{"not_picked":["hexamod:FastForward","hexamod:PowerFromBeyond"],"picked":"hexamod:BurningTouch","floor":9.0},{"not_picked":["hexamod:AdvancingGuard","hexamod:ParanormalForm"],"picked":"hexamod:RainOfEmbers","floor":9.0},{"not_picked":["hexamod:ThermalTransfer","hexamod:UnleashSpirits"],"picked":"hexamod:PhantomFireball","floor":10.0},{"not_picked":["hexamod:Haunt","hexamod:SpectersWail"],"picked":"hexamod:Toasty","floor":10.0},{"not_picked":["hexamod:Haunt","hexamod:BurningTouch"],"picked":"hexamod:Incineration","floor":11.0},{"not_picked":["hexamod:SpectersWail","hexamod:InspiringFlames"],"picked":"hexamod:SkipABeat","floor":12.0},{"not_picked":["hexamod:SwordOfDarkness","hexamod:AdvancingGuard"],"picked":"hexamod:HauntingEcho","floor":12.0},{"not_picked":["hexamod:HauntingEcho","hexamod:BacktrackSmack"],"picked":"hexamod:HeatMetal","floor":13.0},{"not_picked":["hexamod:NightmareGuise","hexamod:HauntingEcho"],"picked":"hexamod:ThermalTransfer","floor":13.0},{"not_picked":["hexamod:NightmareStrike","hexamod:ShieldOfDarkness"],"picked":"hexamod:Toasty","floor":14.0},{"not_picked":["hexamod:AdvancingGuard","hexamod:SpectralAdrenaline"],"picked":"hexamod:Firestarter","floor":14.0},{"not_picked":["hexamod:SwordOfDarkness","hexamod:NightmareGuise"],"picked":"hexamod:EmpoweredFlame","floor":15.0},{"not_picked":["hexamod:ThermalTransfer","hexamod:Firestarter"],"picked":"hexamod:ChargedBarrage","floor":15.0},{"not_picked":["hexamod:EmpoweringStance","hexamod:GiftsFromTheDead"],"picked":"hexamod:TimeOfNeed","floor":16.0},{"not_picked":["hexamod:GiftsFromTheDead","hexamod:EmpoweringStance"],"picked":"hexamod:WildfireWeapon","floor":16.0},{"not_picked":["hexamod:SwordOfDarkness","hexamod:ThermalTransfer"],"picked":"hexamod:BurningTouch+1","floor":19.0},{"not_picked":["hexamod:RetreatToShadows","hexamod:NightmareStrike"],"picked":"hexamod:SoulSteal+1","floor":20},{"not_picked":["hexamod:SpectralAdrenaline","hexamod:ThirdSeal"],"picked":"hexamod:RainOfEmbers","floor":21}],"player_experience":877617,"relics_obtained":[{"floor":7.0,"key":"Juzu Bracelet"},{"floor":10.0,"key":"hubris:Teleporter"}],"event_choices":[],"is_beta":false,"boss_relics":[{"not_picked":["ReplayTheSpireMod:DimensionalGlitch","SlaversCollar"],"picked":"Runic Pyramid"}],"items_purged_floors":[],"is_endless":false,"potions_floor_spawned":[5,8,12,15],"killed_by":"Gremlin Leader","ascension_level":0}}