{"host":"oeeu8njhzvf3llor","time":1608255168,"event":{"mods":["BaseMod","Better Match","Better Note","Better Skull","Better Third Choice","Hubris","Minty Spire (QoL Compilation)","Rare Cards Sparkle","Replay The Spire","Shop Mod","Spicy Shops","StSLib","Swap Starting Deck Mod"],"gold_per_floor":[113,113,93,93,93,119,119,229,255,273,289,323,11,44,44,139,139,156,156,156,29,39,68,68,93,93,111,111,137,137,151,151,255,255,268,281,281,296,296,324,324,353,377,405,457,457,208,258,258,258,258],"floor_reached":50,"playtime":1884,"items_purged":["Strike_G","ReplayTheSpireMod:Splinters","Strike_G"],"score":969,"play_id":"560955ba-2cdb-475c-a685-212faeb80878","local_time":"20201217203248","is_ascension_mode":true,"campfire_choices":[{"data":"Deadly Poison","floor":7,"key":"SMITH"},{"floor":15,"key":"REST"},{"data":"Envenom","floor":24,"key":"SMITH"},{"data":"Die Die Die","floor":30,"key":"SMITH"},{"floor":32,"key":"RECALL"},{"floor":41,"key":"REST"},{"floor":46,"key":"REST"},{"floor":49,"key":"REST"}],"circlet_count":0,"master_deck":["Strike_G","Strike_G","Strike_G","Defend_G","Defend_G","Defend_G","Defend_G","Defend_G","Survivor","Neutralize+1","Bane+1","Deadly Poison+1","ReplayTheSpireMod:Speed Training+1","PiercingWail","Bouncing Flask","Die Die Die+1","Predator","Dash","Envenom+1","Deadly Poison+1","Footwork","Deadly Poison","Dash","Poisoned Stab+1","Poisoned Stab","Envenom+1","Envenom+1","Crippling Poison+1","Noxious Fumes","Bane+1","Eviscerate+1"],"relics":["Ring of the Snake","NeowsBlessing","hubris:MedicalManual","Pen Nib","Membership Card","MerchantsRug","Gremlin Horn","Sozu","Nloth\u0027s Gift","PreservedInsect","Snack Pack","Kunai","Replay:Rubber Ducky","hubris:Icosahedron","Ornamental Fan","Black Star","Matryoshka","Replay:Kaleidoscope","Snake Skull","Vajra","Dream Catcher","Turnip","hubris:SlimyHat","hubris:Teleporter","Guide Book","Happy Flower","hubris:64BitClover"],"acts_visited":["Exordium","TheCity","TheBeyond"],"potions_floor_usage":[27,27,29],"damage_taken":[{"damage":0,"enemies":"Small Slimes","floor":1,"turns":1},{"damage":0,"enemies":"Gremlin Nob","floor":6,"turns":1},{"damage":0,"enemies":"Jaw Worm","floor":10,"turns":1},{"damage":0,"enemies":"2 Louse","floor":11,"turns":3},{"damage":24,"enemies":"Replay:BlueRogue","floor":12,"turns":5},{"damage":6,"enemies":"Lagavulin","floor":14,"turns":6},{"damage":27,"enemies":"Hexaghost","floor":16,"turns":8},{"damage":10,"enemies":"3 Byrds","floor":18,"turns":3},{"damage":5,"enemies":"Chosen","floor":22,"turns":4},{"damage":0,"enemies":"Gremlin Leader","floor":23,"turns":3},{"damage":9,"enemies":"Book of Stabbing","floor":25,"turns":6},{"damage":0,"enemies":"3 Cultists","floor":27,"turns":2},{"damage":0,"enemies":"Gremlin Leader","floor":29,"turns":4},{"damage":0,"enemies":"Snake Plant","floor":31,"turns":3},{"damage":33,"enemies":"Pondfish","floor":33,"turns":12},{"damage":8,"enemies":"3 Shapes","floor":35,"turns":3},{"damage":12,"enemies":"3 Darklings","floor":36,"turns":8},{"damage":28,"enemies":"Jaw Worm Horde","floor":38,"turns":5},{"damage":0,"enemies":"Reptomancer","floor":40,"turns":5},{"damage":0,"enemies":"Nemesis","floor":42,"turns":5},{"damage":33,"enemies":"Reptomancer","floor":44,"turns":5},{"damage":28,"enemies":"2 Orb Walkers","floor":45,"turns":6},{"damage":0,"enemies":"Mind Bloom Boss Battle","floor":48,"turns":5},{"damage":59,"enemies":"hubris:GrandSnecko","floor":50,"turns":7}],"seed_played":"-2164137907876997433","potions_obtained":[{"floor":10,"key":"Explosive Potion"},{"floor":14,"key":"AttackPotion"},{"floor":16,"key":"AttackPotion"}],"is_trial":false,"path_per_floor":["M","?","?","?","?","E","R","?","T","M","M","E","$","E","R","B",null,"M","?","?","$","M","E","R","E","T","M","?","E","R","M","R","B",null,"M","M","?","M","?","E","R","E","T","E","?","R","$","?","R","B"],"character_chosen":"THE_SILENT","items_purchased":["Membership Card","MerchantsRug","Dash","PreservedInsect","Noxious Fumes","Guide Book","Happy Flower"],"campfire_rested":4,"item_purchase_floors":[13,13,13,21,47,47,47],"current_hp_per_floor":[70,52,52,52,52,52,52,52,52,52,52,28,28,22,43,16,70,60,60,60,60,55,55,55,48,48,54,54,54,54,56,56,31,70,64,56,56,32,32,40,59,61,61,32,8,27,27,29,48,0,0],"gold":258,"neow_bonus":"THREE_ENEMY_KILL","is_daily":false,"chose_seed":false,"campfire_upgraded":3,"win_rate":0.0,"timestamp":1608255168,"path_taken":["M","?","?","?","?","E","R","?","T","M","M","E","$","E","R","BOSS","M","?","?","$","M","E","R","E","T","M","?","E","R","M","R","BOSS","M","M","?","?","?","E","R","E","T","E","?","R","$","?","R","BOSS"],"items_purchased_type":["Relic","Relic","Card","Relic","Card","Relic","Relic"],"build_version":"2020-12-13","purchased_purges":3,"victory":false,"max_hp_per_floor":[70,70,70,70,70,70,70,70,70,70,70,70,70,70,70,70,70,70,70,70,70,70,70,70,70,70,70,70,70,70,70,70,70,70,70,70,70,70,66,66,66,66,66,66,66,66,66,66,66,66,66],"card_choices":[{"not_picked":["ReplayTheSpireMod:Tripwire","Escape Plan"],"picked":"Bane","floor":1},{"not_picked":["Deflect","Skewer"],"picked":"Deadly Poison","floor":6},{"not_picked":["hubris:Sniper","Eviscerate"],"picked":"ReplayTheSpireMod:Speed Training","floor":8},{"not_picked":["Dodge and Roll","Prepared"],"picked":"PiercingWail","floor":8},{"not_picked":["Terror","Blade Dance"],"picked":"Bouncing Flask","floor":10},{"not_picked":["Deadly Poison","Dagger Throw"],"picked":"Die Die Die","floor":11},{"not_picked":["Tactician","Flying Knee"],"picked":"Predator","floor":12},{"not_picked":["Cloak And Dagger","Outmaneuver","Endless Agony"],"picked":"SKIP","floor":14},{"not_picked":["Venomology","Atom Bomb"],"picked":"Envenom","floor":16},{"not_picked":["Acrobatics","Leg Sweep"],"picked":"Deadly Poison+1","floor":18},{"not_picked":["Underhanded Strike","Flying Knee"],"picked":"Footwork","floor":22},{"not_picked":["Prepared","Tactician","Unload"],"picked":"SKIP","floor":23},{"not_picked":["Deflect","Footwork","Tactician+1"],"picked":"SKIP","floor":25},{"not_picked":["Concentrate","hubris:Sniper"],"picked":"Deadly Poison","floor":27},{"not_picked":["Glass Knife","Hidden Blade+1"],"picked":"Dash","floor":29},{"not_picked":["Sucker Punch","hubris:SlightOfHand","Masterful Stab"],"picked":"SKIP","floor":31},{"not_picked":["Acrobatics+1","Phantasmal Killer"],"picked":"Poisoned Stab+1","floor":35},{"not_picked":["Prepared","Hidden Blade"],"picked":"Poisoned Stab","floor":36},{"not_picked":["Well Laid Plans","Deadly Poison","Outmaneuver"],"picked":"SKIP","floor":38},{"not_picked":["Flechettes+1","Replay:Bag of Tricks","Malaise"],"picked":"SKIP","floor":40},{"not_picked":["Dagger Throw+1","Phantasmal Killer","Deflect+1"],"picked":"SKIP","floor":42},{"not_picked":["Slice+1","Dodge and Roll"],"picked":"Envenom","floor":44},{"not_picked":["Atom Bomb","ReplayTheSpireMod:The Works"],"picked":"Crippling Poison+1","floor":46},{"not_picked":["Prepared","PiercingWail"],"picked":"Bane+1","floor":48},{"not_picked":["Deflect","Blade Dance+1"],"picked":"Eviscerate+1","floor":49}],"player_experience":470427,"relics_obtained":[{"floor":6,"key":"hubris:MedicalManual"},{"floor":9,"key":"Pen Nib"},{"floor":12,"key":"ReplayFunnel"},{"floor":14,"key":"Gremlin Horn"},{"floor":23,"key":"Snack Pack"},{"floor":25,"key":"Kunai"},{"floor":26,"key":"Replay:Rubber Ducky"},{"floor":29,"key":"Ornamental Fan"},{"floor":40,"key":"Matryoshka"},{"floor":40,"key":"Replay:Kaleidoscope"},{"floor":42,"key":"Snake Skull"},{"floor":42,"key":"Vajra"},{"floor":43,"key":"Dream Catcher"},{"floor":44,"key":"Turnip"},{"floor":44,"key":"hubris:SlimyHat"},{"floor":45,"key":"hubris:Teleporter"},{"floor":48,"key":"hubris:64BitClover"}],"event_choices":[{"damage_healed":0,"gold_gain":0,"player_choice":"LEAVE","damage_taken":18,"max_hp_gain":0,"max_hp_loss":0,"event_name":"betterThird:BetterScrap","floor":2,"gold_loss":0,"cards_obtained":["Seek"]},{"damage_healed":0,"gold_gain":0,"player_choice":"Left","damage_taken":0,"max_hp_gain":0,"max_hp_loss":0,"event_name":"betterThird:BetterGoop","floor":3,"gold_loss":20},{"damage_healed":0,"gold_gain":0,"player_choice":"Grow","damage_taken":0,"max_hp_gain":0,"max_hp_loss":0,"event_name":"Living Wall","floor":4,"gold_loss":0,"cards_upgraded":["Neutralize"]},{"damage_healed":0,"gold_gain":0,"player_choice":"Traded Relic","damage_taken":0,"relics_obtained":["Nloth\u0027s Gift"],"max_hp_gain":0,"max_hp_loss":0,"event_name":"N\u0027loth","floor":19,"relics_lost":["ReplayFunnel"],"gold_loss":0},{"cards_removed":["Strike_G"],"damage_healed":0,"gold_gain":0,"player_choice":"Give","damage_taken":0,"max_hp_gain":0,"max_hp_loss":0,"event_name":"betterNote:BetterNote","floor":20,"gold_loss":0,"cards_obtained":["None"]},{"damage_healed":0,"gold_gain":0,"player_choice":"Copied","damage_taken":0,"max_hp_gain":0,"max_hp_loss":0,"event_name":"Duplicator","floor":37,"gold_loss":0,"cards_obtained":["Envenom"]},{"damage_healed":0,"gold_gain":0,"player_choice":"Max HP","damage_taken":0,"max_hp_gain":0,"max_hp_loss":4,"event_name":"Winding Halls","floor":39,"gold_loss":0},{"damage_healed":0,"gold_gain":0,"player_choice":"Fight","damage_taken":0,"max_hp_gain":0,"max_hp_loss":0,"event_name":"Mysterious Sphere","floor":45,"gold_loss":0},{"damage_healed":0,"gold_gain":0,"player_choice":"Fight","damage_taken":0,"max_hp_gain":0,"max_hp_loss":0,"event_name":"MindBloom","floor":48,"gold_loss":0}],"is_beta":false,"boss_relics":[{"not_picked":["Ring of the Serpent","ChewingGum"],"picked":"Sozu"},{"not_picked":["SlaversCollar","hubris:ScarierMask"],"picked":"Black Star"}],"items_purged_floors":[13,21,47],"is_endless":false,"potions_floor_spawned":[10,14,16,25,27,29,33,35,36,38,45],"killed_by":"hubris:GrandSnecko","ascension_level":1}}