{"host":"ryuep8ewa00k39z9","time":1608317313,"event":{"mods":["AchievementEnabler","BaseMod","Best Route Mod","Colored Map","Colored Powertips","Displayed Cursed Tome","Highlight Path","Minty Spire (QoL Compilation)","Quick Restart","SuperFastMode"],"gold_per_floor":[114,124,124,124,49,49,75,85,135,162,181,181,194,208,208,208,208],"floor_reached":16,"playtime":440,"items_purged":["Strike_R"],"score":207,"play_id":"04ffa96b-12a7-4a22-ad9d-fe8c0d064dbc","local_time":"20201218124833","is_ascension_mode":true,"campfire_choices":[{"data":"Whirlwind","floor":6.0,"key":"SMITH"},{"data":"Body Slam","floor":12,"key":"SMITH"},{"data":"Dropkick","floor":15,"key":"SMITH"}],"circlet_count":0,"master_deck":["AscendersBane","Strike_R+1","Strike_R","Strike_R","Strike_R","Defend_R+1","Defend_R","Defend_R+1","Defend_R","Bash+1","Body Slam","Whirlwind+1","Metallicize","Body Slam+1","Rage","Dropkick+1"],"relics":["Coffee Dripper","War Paint","Whetstone","Omamori"],"acts_visited":["Exordium"],"potions_floor_usage":[14,14,16],"damage_taken":[{"damage":4.0,"enemies":"Jaw Worm","floor":1.0,"turns":3.0},{"damage":3.0,"enemies":"2 Louse","floor":2.0,"turns":3.0},{"damage":15.0,"enemies":"3 Sentries","floor":7.0,"turns":5.0},{"damage":0.0,"enemies":"Small Slimes","floor":8.0,"turns":1.0},{"damage":7.0,"enemies":"Gremlin Nob","floor":10.0,"turns":3.0},{"damage":19,"enemies":"3 Louse","floor":11,"turns":2},{"damage":14,"enemies":"Red Slaver","floor":13,"turns":3},{"damage":0,"enemies":"Blue Slaver","floor":14,"turns":3},{"damage":0,"enemies":"The Guardian","floor":16,"turns":2}],"seed_played":"7995660375782005922","potions_obtained":[{"floor":7.0,"key":"BlessingOfTheForge"},{"floor":10.0,"key":"Ancient Potion"},{"floor":13,"key":"SkillPotion"},{"floor":14,"key":"ColorlessPotion"}],"is_trial":false,"path_per_floor":["M","M","?","?","$","R","E","M","T","E","M","R","M","M","R","B"],"character_chosen":"IRONCLAD","items_purchased":[],"campfire_rested":0,"item_purchase_floors":[],"current_hp_per_floor":[64,61,61,61,61,61,46,46,46,39,20,20,6,6,6,6,6],"gold":208,"neow_bonus":"BOSS_RELIC","is_daily":false,"chose_seed":false,"campfire_upgraded":3,"win_rate":0.0,"timestamp":1608317313,"path_taken":["M","M","?","?","$","R","E","M","T","E","M","R","M","M","R","BOSS"],"items_purchased_type":[],"build_version":"2020-12-13","purchased_purges":1,"victory":false,"max_hp_per_floor":[75,75,75,75,75,75,75,75,75,75,75,75,75,75,75,75,75],"card_choices":[{"not_picked":["Havoc","Twin Strike"],"picked":"Body Slam","floor":1.0},{"not_picked":["Clothesline","Sword Boomerang"],"picked":"Whirlwind","floor":2.0},{"not_picked":["Juggernaut","Cleave"],"picked":"Metallicize","floor":7.0},{"not_picked":["Havoc","Searing Blow","Iron Wave"],"picked":"SKIP","floor":8.0},{"not_picked":["Clash","Warcry","Perfected Strike"],"picked":"SKIP","floor":10.0},{"not_picked":["Heavy Blade","True Grit"],"picked":"Body Slam","floor":11},{"not_picked":["Dropkick","Fire Breathing"],"picked":"Rage","floor":13},{"not_picked":["Shrug It Off","Second Wind"],"picked":"Dropkick","floor":14}],"player_experience":3263047,"relics_obtained":[{"floor":7.0,"key":"War Paint"},{"floor":9.0,"key":"Whetstone"},{"floor":10.0,"key":"Omamori"}],"event_choices":[{"damage_healed":0.0,"max_hp_gain":0.0,"max_hp_loss":0.0,"gold_gain":0.0,"event_name":"Liars Game","player_choice":"Ignored","floor":3.0,"gold_loss":0.0,"damage_taken":0.0},{"damage_healed":0.0,"max_hp_gain":0.0,"max_hp_loss":0.0,"gold_gain":0.0,"event_name":"Shining Light","player_choice":"Ignored","floor":4.0,"gold_loss":0.0,"damage_taken":0.0}],"is_beta":false,"boss_relics":[],"items_purged_floors":[5],"is_endless":false,"potions_floor_spawned":[7,10,13,14],"killed_by":"The Guardian","ascension_level":17}}