{"host":"no0bdlpxzp7bzzks","time":1608271097,"event":{"mods":["BaseMod","Better Match","Block Reminder","Colored Map","Curses Come First","DeckTracker","Downfall","Duelist Mod","Filter the Spire","Highlight Path","Jorbs\u0027s Wanderer Trilogy","Key Reminder","Mad Scientist","Minty Spire (QoL Compilation)","Permanent Neow","Relic Sorter","Relic Stats","StSLib","The Construct"],"gold_per_floor":[113,63,76,76,88,114,114,148,148,148,148],"floor_reached":10,"playtime":1101,"items_purged":[],"score":80,"play_id":"7a1ee0c9-f1ef-4512-a647-692046149a76","local_time":"20201217235817","is_ascension_mode":true,"campfire_choices":[{"data":"construct:LaserCore","floor":7,"key":"SMITH"}],"circlet_count":0,"master_deck":["construct:Strike_Gold","construct:Strike_Gold","construct:Strike_Gold","construct:Strike_Gold","construct:Strike_Gold","construct:Defend_Gold","construct:Defend_Gold","construct:Defend_Gold","construct:Defend_Gold","construct:AttackMode","construct:DefenseMode","Finesse","construct:Tumble","construct:Hazardproof","construct:LaserCore+1","construct:Boost"],"relics":["construct:Cogwheel","Question Card","construct:BoolHorns","CaptainsWheel"],"acts_visited":["Exordium"],"potions_floor_usage":[6],"damage_taken":[{"damage":3,"enemies":"Small Slimes","floor":1,"turns":4},{"damage":0,"enemies":"2 Louse","floor":3,"turns":2},{"damage":2,"enemies":"Cultist","floor":5,"turns":4},{"damage":29,"enemies":"3 Sentries","floor":6,"turns":12},{"damage":28,"enemies":"Gremlin Nob","floor":8,"turns":4},{"damage":29,"enemies":"3 Sentries","floor":10,"turns":9}],"seed_played":"-559413429889103027","potions_obtained":[{"floor":1,"key":"PowerPotion"}],"is_trial":false,"path_per_floor":["M","?","M","?","M","E","R","E","T","E"],"character_chosen":"THE_CONSTRUCT_MOD","items_purchased":[],"campfire_rested":0,"item_purchase_floors":[],"current_hp_per_floor":[82,82,82,87,85,56,56,28,28,0,0],"gold":148,"neow_bonus":"RANDOM_COLORLESS","is_daily":false,"chose_seed":false,"campfire_upgraded":1,"win_rate":0.0,"timestamp":1608271097,"path_taken":["M","?","M","?","M","E","R","E","T","E"],"items_purchased_type":[],"build_version":"2020-12-13","purchased_purges":0,"victory":false,"max_hp_per_floor":[85,85,85,90,90,90,90,90,90,90,90],"relic_stats":{"counters":[6,35],"Question Card":1,"obtain_stats":[{"construct:BoolHorns":8,"CaptainsWheel":9,"construct:Cogwheel":0,"Question Card":6},{"construct:BoolHorns":5,"CaptainsWheel":5,"construct:Cogwheel":0,"Question Card":4},{"construct:BoolHorns":26,"CaptainsWheel":26,"construct:Cogwheel":0,"Question Card":22}]},"card_choices":[{"not_picked":["Good Instincts","Jack Of All Trades"],"picked":"Finesse","floor":0},{"not_picked":["construct:SuppressiveFire","construct:Accumulate"],"picked":"construct:Tumble","floor":1},{"not_picked":["construct:Backfire","construct:SuppressiveFire","construct:ClusterMines"],"picked":"SKIP","floor":3},{"not_picked":["construct:LaserCore","construct:Autoturret"],"picked":"construct:Hazardproof","floor":5},{"not_picked":["construct:OneWayMirror","construct:FlameCore"],"picked":"construct:LaserCore","floor":6},{"not_picked":["construct:ModeShift","construct:UnbalancingBlast","construct:Construct_Overclock"],"picked":"construct:Boost","floor":8}],"player_experience":145852,"relics_obtained":[{"floor":6,"key":"Question Card"},{"floor":8,"key":"construct:BoolHorns"},{"floor":9,"key":"CaptainsWheel"}],"event_choices":[{"cards_removed":["construct:Defend_Gold"],"damage_healed":0,"gold_gain":0,"player_choice":"Card Removal","damage_taken":0,"max_hp_gain":0,"max_hp_loss":0,"event_name":"The Cleric","floor":2,"gold_loss":50},{"damage_healed":0,"gold_gain":0,"player_choice":"Donut","damage_taken":0,"max_hp_gain":5,"max_hp_loss":0,"event_name":"Big Fish","floor":4,"gold_loss":0}],"is_beta":false,"boss_relics":[],"items_purged_floors":[],"is_endless":false,"potions_floor_spawned":[1],"killed_by":"3 Sentries","ascension_level":1}}