{"host":"15dd7v8o90xso62x","time":1608295177,"event":{"mods":["BaseMod","Minty Spire (QoL Compilation)","Quick Restart","StSLib"],"gold_per_floor":[119,130,3,3,29,61,61,72,72,72,100,100,25,36,36,108,108,125,125,140,140,152,152,178,178,205,205,19,69,79,79,79],"floor_reached":31,"playtime":824,"items_purged":["Decay"],"score":572,"play_id":"e964ee1f-17ab-4d2a-9ee9-e7fcb4f0b4b7","local_time":"20201218213937","is_ascension_mode":true,"campfire_choices":[{"data":"Cloak And Dagger","floor":7.0,"key":"SMITH"},{"data":"Terror","floor":10.0,"key":"SMITH"},{"data":"Tools of the Trade","floor":12.0,"key":"SMITH"},{"data":"Calculated Gamble","floor":15.0,"key":"SMITH"},{"data":"Phantasmal Killer","floor":23,"key":"SMITH"},{"floor":25,"key":"REST"}],"circlet_count":0,"master_deck":["AscendersBane","Strike_G","Strike_G","Strike_G","Strike_G","Defend_G","Defend_G","Defend_G","Defend_G","Survivor","Neutralize","Dagger Throw","Calculated Gamble+1","Terror+1","Accuracy","Cloak And Dagger+1","Accuracy","Tools of the Trade+1","Phantasmal Killer+1","Blur","Footwork","Finisher","Malaise","Cloak And Dagger","Tactician","Caltrops"],"relics":["Ring of the Snake","Toy Ornithopter","Akabeko","Pear","Mercury Hourglass","Runic Pyramid","Nloth\u0027s Gift","Question Card","Smiling Mask"],"acts_visited":["Exordium","TheCity"],"potions_floor_usage":[22],"damage_taken":[{"damage":0.0,"enemies":"Jaw Worm","floor":1.0,"turns":1.0},{"damage":0.0,"enemies":"2 Louse","floor":2.0,"turns":1.0},{"damage":0.0,"enemies":"3 Sentries","floor":6.0,"turns":1.0},{"damage":0.0,"enemies":"Cultist","floor":8.0,"turns":2.0},{"damage":2.0,"enemies":"Lagavulin","floor":11.0,"turns":6.0},{"damage":0.0,"enemies":"3 Louse","floor":14.0,"turns":3.0},{"damage":23.0,"enemies":"The Guardian","floor":16.0,"turns":12.0},{"damage":23.0,"enemies":"3 Byrds","floor":18.0,"turns":5.0},{"damage":31,"enemies":"2 Thieves","floor":20,"turns":5},{"damage":5,"enemies":"Centurion and Healer","floor":22,"turns":6},{"damage":25,"enemies":"Book of Stabbing","floor":24,"turns":5},{"damage":19,"enemies":"Cultist and Chosen","floor":30,"turns":8},{"damage":11,"enemies":"Sentry and Sphere","floor":31,"turns":3}],"seed_played":"666364940348419623","potions_obtained":[{"floor":6.0,"key":"SpeedPotion"},{"floor":8.0,"key":"FearPotion"},{"floor":14.0,"key":"Swift Potion"},{"floor":20,"key":"Regen Potion"}],"is_trial":false,"path_per_floor":["M","M","$","?","T","E","R","M","T","R","E","R","?","M","R","B",null,"M","?","M","?","M","R","E","R","T","?","$","?","M","M"],"character_chosen":"THE_SILENT","items_purchased":["Terror","Accuracy","Cloak And Dagger","Tactician"],"campfire_rested":1,"item_purchase_floors":[3,3,28,28],"current_hp_per_floor":[59,59,59,52,52,52,52,52,62,62,65,65,65,65,65,47,69,46,46,15,15,30,30,5,27,27,27,27,27,8,0,0],"gold":79,"neow_bonus":"THREE_ENEMY_KILL","is_daily":false,"chose_seed":false,"campfire_upgraded":5,"win_rate":0.0,"timestamp":1608295177,"path_taken":["M","M","$","?","?","E","R","M","T","R","E","R","?","M","R","BOSS","M","?","M","?","?","R","E","R","T","?","$","?","M","M"],"items_purchased_type":["Card","Card","Card","Card"],"build_version":"2020-12-13","purchased_purges":1,"victory":false,"max_hp_per_floor":[66,66,66,66,66,66,66,66,76,76,76,76,76,76,76,76,76,76,76,76,76,76,76,76,76,76,76,76,76,76,76,76],"card_choices":[{"not_picked":["Flechettes","Quick Slash"],"picked":"Dagger Throw","floor":1.0},{"not_picked":["Outmaneuver","Acrobatics"],"picked":"Calculated Gamble","floor":2.0},{"not_picked":["Sucker Punch","Dagger Spray"],"picked":"Cloak And Dagger","floor":6.0},{"not_picked":["Flechettes","Deadly Poison"],"picked":"Accuracy","floor":8.0},{"not_picked":["Dash","Choke"],"picked":"Tools of the Trade","floor":11.0},{"not_picked":["Dagger Throw","Prepared","Acrobatics"],"picked":"SKIP","floor":14.0},{"not_picked":["A Thousand Cuts","Unload"],"picked":"Phantasmal Killer","floor":16.0},{"not_picked":["Outmaneuver","Dodge and Roll+1"],"picked":"Blur","floor":18.0},{"not_picked":["Prepared","Sucker Punch"],"picked":"Footwork","floor":20},{"not_picked":["Doppelganger","Outmaneuver"],"picked":"Finisher","floor":22},{"not_picked":["Doppelganger","Infinite Blades"],"picked":"Malaise","floor":24},{"not_picked":["Bane","Backstab","Poisoned Stab+1"],"picked":"Caltrops","floor":30}],"player_experience":922349,"relics_obtained":[{"floor":5.0,"key":"Toy Ornithopter"},{"floor":6.0,"key":"Akabeko"},{"floor":9.0,"key":"Pear"},{"floor":11.0,"key":"Mercury Hourglass"},{"floor":24,"key":"Question Card"},{"floor":26,"key":"Smiling Mask"}],"event_choices":[{"cards_removed":["Defend_G"],"damage_healed":0.0,"max_hp_gain":0.0,"max_hp_loss":0.0,"gold_gain":0.0,"event_name":"Golden Wing","player_choice":"Card Removal","floor":4.0,"gold_loss":0.0,"damage_taken":7.0},{"cards_removed":["Strike_G"],"damage_healed":0.0,"max_hp_gain":0.0,"max_hp_loss":0.0,"gold_gain":0.0,"event_name":"The Cleric","player_choice":"Card Removal","floor":13.0,"gold_loss":75.0,"damage_taken":0.0},{"damage_healed":0.0,"max_hp_gain":0.0,"max_hp_loss":0.0,"gold_gain":0.0,"event_name":"Cursed Tome","player_choice":"Ignored","floor":19.0,"gold_loss":0.0,"damage_taken":0.0},{"damage_healed":0,"gold_gain":0,"player_choice":"Traded Relic","damage_taken":0,"relics_obtained":["Nloth\u0027s Gift"],"max_hp_gain":0,"max_hp_loss":0,"event_name":"N\u0027loth","floor":21,"relics_lost":["NeowsBlessing"],"gold_loss":0},{"damage_healed":0,"gold_gain":0,"player_choice":"Smashed Altar","damage_taken":0,"max_hp_gain":0,"max_hp_loss":0,"event_name":"Forgotten Altar","floor":27,"gold_loss":0,"cards_obtained":["Decay"]},{"damage_healed":0,"gold_gain":50,"player_choice":"Stole From Cult","damage_taken":0,"max_hp_gain":0,"max_hp_loss":0,"event_name":"Nest","floor":29,"gold_loss":0}],"is_beta":false,"boss_relics":[{"not_picked":["Coffee Dripper","Tiny House"],"picked":"Runic Pyramid"}],"items_purged_floors":[28],"is_endless":false,"potions_floor_spawned":[6,8,14,20],"killed_by":"Sentry and Sphere","ascension_level":20}}