{"host":"qw1m3zcvi888b4j7","time":1608324426,"event":{"mods":["AchievementEnabler","Act Like it!","BaseMod","Best Route Mod","Block Reminder","Colored Map","Colored Powertips","Curses Come First","DeckTracker","Hermit","Highlight Path","Hubris","Minty Spire (QoL Compilation)","Quick Restart","Rare Cards Sparkle","Relic Sorter","Relic Stats","Replay The Spire","StSLib","SuperFastMode","The Blue Laboratory","The Cursed","The Servant 0.9.4","everything is the same but u backflip on backflip"],"gold_per_floor":[115,115,115,131,143,176,176,204,254,254,254,254,273,253,253,354,354,372,372,647,659,682,682,682],"floor_reached":23,"playtime":618,"items_purged":[],"score":207,"play_id":"f4397373-0c93-4743-a79d-4b1bc6ded077","local_time":"20201218214706","is_ascension_mode":true,"campfire_choices":[{"floor":7.0,"key":"RECALL"},{"floor":10.0,"key":"REST"},{"floor":12.0,"key":"REST"},{"data":"Zap","floor":15.0,"key":"SMITH"}],"circlet_count":0,"master_deck":["Strike_B","Strike_B","Strike_B","Strike_B+1","Defend_B","Defend_B","Defend_B+1","Defend_B","Zap+1","Dualcast","Cold Snap+1","Sweeping Beam","Crystallizer","Hello World","Go for the Eyes","Sweeping Beam","Meteor Strike","Go for the Eyes","Regret","Redo+1"],"relics":["Cracked Core","NeowsBlessing","Letter Opener","Smiling Mask","Vajra","Tiny Chest","hubris:ScarierMask","hubris:FunFungus","Ginger","Replay:Antivirus Software","hubris:EvacipatedBox","hubris:SlimyHat"],"acts_visited":["Exordium","TheCity"],"potions_floor_usage":[21,21,21,23],"damage_taken":[{"damage":0.0,"enemies":"Jaw Worm","floor":1.0,"turns":1.0},{"damage":0.0,"enemies":"Small Slimes","floor":4.0,"turns":1.0},{"damage":0.0,"enemies":"Cultist","floor":5.0,"turns":1.0},{"damage":26.0,"enemies":"Gremlin Nob","floor":6.0,"turns":4.0},{"damage":18.0,"enemies":"Lagavulin","floor":8.0,"turns":6.0},{"damage":0.0,"enemies":"Lots of Slimes","floor":13.0,"turns":2.0},{"damage":17.0,"enemies":"The Guardian","floor":16.0,"turns":9.0},{"damage":0.0,"enemies":"2 Thieves","floor":18.0,"turns":2.0},{"damage":2,"enemies":"Chosen","floor":21,"turns":4},{"damage":6,"enemies":"Book of Stabbing","floor":23,"turns":1}],"seed_played":"-7749343163579167335","potions_obtained":[{"floor":6.0,"key":"Adrenaline Potion"},{"floor":8.0,"key":"blueLaboratory:Moonshine"},{"floor":14.0,"key":"EssenceOfSteel"},{"floor":16.0,"key":"Strength Potion"},{"floor":21,"key":"PowerPotion"}],"is_trial":false,"path_per_floor":["M","?","?","M","M","E","R","E","T","R","?","R","M","?","R","B",null,"M","$","?","M","T","E"],"character_chosen":"DEFECT","items_purchased":["hubris:FunFungus","Ginger","Replay:Antivirus Software","hubris:EvacipatedBox"],"campfire_rested":2,"item_purchase_floors":[19,19,19,19],"current_hp_per_floor":[75,75,60,60,60,34,34,16,16,38,35,57,57,57,57,40,75,75,5,5,3,3,0,0],"gold":682,"neow_bonus":"THREE_ENEMY_KILL","is_daily":false,"chose_seed":false,"campfire_upgraded":1,"win_rate":0.0,"timestamp":1608324426,"path_taken":["M","?","?","M","?","E","R","E","T","R","?","R","M","?","R","BOSS","M","?","?","M","?","E"],"items_purchased_type":["Relic","Relic","Relic","Relic"],"build_version":"2020-12-13","purchased_purges":0,"victory":false,"max_hp_per_floor":[75,75,75,75,75,75,75,75,75,75,75,75,75,75,75,75,75,75,75,75,75,75,75,75],"relic_stats":{"counters":[10,31],"Tiny Chest":1,"Letter Opener":[15],"Ginger":[3],"Smiling Mask":0,"obtain_stats":[{"NeowsBlessing":0,"Vajra":9,"hubris:ScarierMask":17,"Tiny Chest":11,"hubris:FunFungus":19,"hubris:SlimyHat":22,"Letter Opener":6,"Ginger":19,"Replay:Antivirus Software":19,"Cracked Core":0,"Smiling Mask":8,"hubris:EvacipatedBox":19},{"NeowsBlessing":0,"Vajra":5,"hubris:ScarierMask":7,"Tiny Chest":5,"hubris:FunFungus":8,"hubris:SlimyHat":9,"Letter Opener":4,"Ginger":8,"Replay:Antivirus Software":8,"Cracked Core":0,"Smiling Mask":5,"hubris:EvacipatedBox":8},{"NeowsBlessing":0,"Vajra":13,"hubris:ScarierMask":24,"Tiny Chest":13,"hubris:FunFungus":26,"hubris:SlimyHat":30,"Letter Opener":7,"Ginger":26,"Replay:Antivirus Software":26,"Cracked Core":0,"Smiling Mask":13,"hubris:EvacipatedBox":26}]},"card_choices":[{"not_picked":["Compile Driver","Double Energy"],"picked":"Cold Snap","floor":1.0},{"not_picked":["Storm","Rebound"],"picked":"Sweeping Beam","floor":4.0},{"not_picked":["ReplayTheSpireMod:System Scan","Beam Cell"],"picked":"Crystallizer","floor":5.0},{"not_picked":["Steam","BasicCrystalCard"],"picked":"Hello World","floor":6.0},{"not_picked":["BasicCrystalCard","Machine Learning"],"picked":"Go for the Eyes","floor":8.0},{"not_picked":["Time Bomb","Force Field"],"picked":"Sweeping Beam","floor":13.0},{"not_picked":["Seek","hubris:Prefetch"],"picked":"Meteor Strike","floor":16.0},{"not_picked":["Ball Lightning","Compile Driver"],"picked":"Go for the Eyes","floor":18.0},{"not_picked":["Go for the Eyes","Time Bomb+1"],"picked":"Redo+1","floor":21}],"player_experience":115909,"relics_obtained":[{"floor":6.0,"key":"Letter Opener"},{"floor":8.0,"key":"Smiling Mask"},{"floor":9.0,"key":"Vajra"},{"floor":22,"key":"hubris:SlimyHat"}],"event_choices":[{"damage_healed":0.0,"max_hp_gain":0.0,"max_hp_loss":0.0,"gold_gain":0.0,"event_name":"Shining Light","player_choice":"Entered Light","floor":3.0,"gold_loss":0.0,"damage_taken":15.0,"cards_upgraded":["Defend_B","Strike_B"]},{"damage_healed":0.0,"max_hp_gain":0.0,"max_hp_loss":0.0,"gold_gain":0.0,"event_name":"Scrap Ooze","player_choice":"Success","floor":11.0,"gold_loss":0.0,"damage_taken":3.0,"relics_obtained":["Tiny Chest"]},{"damage_healed":0.0,"max_hp_gain":0.0,"max_hp_loss":0.0,"gold_gain":0.0,"event_name":"The Woman in Blue","player_choice":"Bought 1 Potion","floor":14.0,"gold_loss":0.0,"damage_taken":0.0},{"damage_healed":0,"gold_gain":275,"player_choice":"Desecrate","damage_taken":0,"max_hp_gain":0,"max_hp_loss":0,"event_name":"Golden Shrine","floor":20,"gold_loss":0,"cards_obtained":["Regret"]}],"is_beta":false,"boss_relics":[{"not_picked":["hubris:TerracottaHorce","Busted Crown"],"picked":"hubris:ScarierMask"}],"items_purged_floors":[],"is_endless":false,"potions_floor_spawned":[6,8,16,21],"killed_by":"Book of Stabbing","ascension_level":1}}