{"host":"5u4m3sklrpw6xc20","time":1608259642,"event":{"mods":["2.2 Compatiblity","BaseMod","Better Third Choice","CapriCore","Colored Map","Hermit","Hubris","Infinite Spire","Minty Spire (QoL Compilation)","Permanent Neow","Replay The Spire","Shade Mod","Spicy Shops","StSLib","SuperFastMode","The Cursed","The Gatherer","The Immortal","The Necromancer","The Runesmith"],"gold_per_floor":[115,115,125,140,140,140,140,140,165,165,165,129,154,168,168,168,168],"floor_reached":16,"playtime":1020,"items_purged":["Writhe"],"score":90,"play_id":"b3097d9d-44ed-4fef-ab64-757406439344","local_time":"20201217204722","is_ascension_mode":false,"campfire_choices":[{"data":"hermit:Snipe","floor":6,"key":"SMITH"},{"data":"hermit:Vantage","floor":8,"key":"SMITH"},{"data":"hermit:Covet","floor":10,"key":"SMITH"},{"data":"hermit:TakeAim","floor":15,"key":"SMITH"}],"circlet_count":0,"master_deck":["hermit:Strike_Hermit","hermit:Defend_Hermit","hermit:Defend_Hermit+1","hermit:Defend_Hermit+1","hermit:Snapshot","hermit:Covet+1","hermit:Vantage+1","hermit:Snipe+1","hermit:TakeAim+1","hermit:Midnight"],"relics":["hermit:Momento","Golden Idol","War Paint","ReplayTheSpireMod:CursedCoin"],"acts_visited":["Exordium"],"potions_floor_usage":[],"damage_taken":[{"damage":4,"enemies":"2 Louse","floor":1,"turns":3},{"damage":0,"enemies":"Cultist","floor":3,"turns":4},{"damage":1,"enemies":"Small Slimes","floor":4,"turns":3},{"damage":2,"enemies":"Looter","floor":13,"turns":3},{"damage":1,"enemies":"2 Fungi Beasts","floor":14,"turns":4},{"damage":22,"enemies":"Hexaghost","floor":16,"turns":7}],"seed_played":"3769425109970260658","potions_obtained":[{"floor":1,"key":"Swift Potion"},{"floor":13,"key":"LiquidMemories"},{"floor":14,"key":"SpeedPotion"}],"is_trial":false,"path_per_floor":["M","?","M","M","?","R","?","R","T","R","?","$","M","M","R","B"],"character_chosen":"HERMIT","items_purchased":["ReplayTheSpireMod:CursedCoin","hermit:TakeAim"],"campfire_rested":0,"item_purchase_floors":[12,12],"current_hp_per_floor":[50,50,50,49,42,42,24,24,24,24,24,24,22,21,21,0,0],"gold":168,"neow_bonus":"REMOVE_TWO","is_daily":false,"chose_seed":false,"campfire_upgraded":4,"win_rate":0.0,"timestamp":1608259642,"path_taken":["M","?","?","M","?","R","?","R","T","R","?","$","M","M","R","BOSS"],"items_purchased_type":["Relic","Card"],"build_version":"2020-12-13","purchased_purges":1,"victory":false,"max_hp_per_floor":[75,75,75,75,75,75,75,75,75,75,75,75,75,75,75,75,75],"card_choices":[{"not_picked":["hermit:Dive","hermit:Quickdraw"],"picked":"hermit:Vantage","floor":1},{"not_picked":["hermit:Shortfuse","hermit:Showdown"],"picked":"hermit:Snipe","floor":3},{"not_picked":["hermit:Misfire","hermit:Shortfuse","hermit:Horror"],"picked":"SKIP","floor":4},{"not_picked":["hermit:LowProfile","hermit:TakeCover"],"picked":"hermit:Midnight","floor":13},{"not_picked":["hermit:Quickdraw","hermit:Feint","hermit:CursedWeapon"],"picked":"SKIP","floor":14}],"player_experience":254312,"relics_obtained":[{"floor":9,"key":"War Paint"}],"event_choices":[{"damage_healed":0,"gold_gain":0,"player_choice":"Cursed","damage_taken":0,"max_hp_gain":0,"max_hp_loss":0,"event_name":"Wheel of Change","floor":2,"gold_loss":0,"cards_obtained":["Decay"]},{"cards_removed":["hermit:Strike_Hermit"],"damage_healed":0,"gold_gain":0,"player_choice":"Card Removal","damage_taken":7,"max_hp_gain":0,"max_hp_loss":0,"event_name":"Golden Wing","floor":5,"gold_loss":0},{"damage_healed":0,"gold_gain":0,"player_choice":"Take Damage","damage_taken":18,"relics_obtained":["Golden Idol"],"max_hp_gain":0,"max_hp_loss":0,"event_name":"Golden Idol","floor":7,"gold_loss":0}],"is_beta":false,"boss_relics":[],"items_purged_floors":[12],"is_endless":false,"potions_floor_spawned":[1,13,14],"killed_by":"Hexaghost","ascension_level":0}}