{"host":"ecr3kz287jr92u81","time":1608293107,"event":{"mods":["Act Like it!","BaseMod","Dota2Spire","GifTheSpireLib","Hallownest","Lobotomy","LobotomyExtend","Minty Spire (QoL Compilation)","Quick Restart","Replay The Spire","RumiaBox-露米娅的神秘盒子","Spicy Shops","StSLib","[IsaacMod]以撒尖塔","vexMod"],"gold_per_floor":[111,86,104,115,134,134,149,149,196,206,223,235,2,18,18,95,95,106,119,130,149,163,191,206,206],"floor_reached":24,"playtime":756,"items_purged":["ReplayTheSpireMod:Calculation Training"],"score":640,"play_id":"3db2dcb6-ae2a-4c84-ac01-3b66191ee5b8","local_time":"20201218200507","is_ascension_mode":true,"campfire_choices":[{"data":"Zap","floor":6,"key":"SMITH"},{"data":"Storm","floor":8,"key":"SMITH"},{"data":"White Noise","floor":15,"key":"SMITH"}],"circlet_count":0,"master_deck":["AscendersBane","Strike_B","Strike_B","Strike_B","Strike_B","Defend_B","Defend_B","Defend_B","Defend_B","Zap+1","Dualcast","Storm+1","White Noise+1","Double Energy","ElectricPowerLearning","Chill","Self Repair","Capacitor"],"relics":["Cracked Core","HushsDoor","SatanicBible","AddBug","SecretRecord","SecretRecord","SecretRecord","SecretRecord","SecretRecord"],"acts_visited":["Exordium","TheCity"],"potions_floor_usage":[16,16],"damage_taken":[{"damage":7,"enemies":"Cultist","floor":1,"turns":4},{"damage":3,"enemies":"Small Slimes","floor":3,"turns":2},{"damage":6,"enemies":"Jaw Worm","floor":4,"turns":4},{"damage":0,"enemies":"2 Fungi Beasts","floor":5,"turns":1},{"damage":0,"enemies":"Large Slime","floor":7,"turns":3},{"damage":2,"enemies":"Exordium Thugs","floor":10,"turns":4},{"damage":15,"enemies":"Lots of Slimes","floor":11,"turns":3},{"damage":0,"enemies":"Large Slime","floor":12,"turns":2},{"damage":0,"enemies":"Exordium Thugs","floor":14,"turns":1},{"damage":3,"enemies":"Slime Boss","floor":16,"turns":6},{"damage":0,"enemies":"Chosen","floor":18,"turns":2},{"damage":0,"enemies":"Shell Parasite","floor":19,"turns":2},{"damage":0,"enemies":"3 Cultists","floor":20,"turns":1},{"damage":0,"enemies":"Cultist and Chosen","floor":21,"turns":3},{"damage":18,"enemies":"Shelled Parasite and Fungi","floor":22,"turns":3},{"damage":13,"enemies":"Gremlin Leader","floor":23,"turns":2},{"damage":17,"enemies":"Snake Plant","floor":24,"turns":3}],"seed_played":"64201039302","potions_obtained":[{"floor":3,"key":"Elixir"},{"floor":7,"key":"EssenceOfSteel"},{"floor":11,"key":"Dota2Spire:Clarity"},{"floor":14,"key":"Block Potion"},{"floor":16,"key":"SkillPotion"},{"floor":21,"key":"Languid Potion"},{"floor":23,"key":"BlessingOfTheForge"}],"is_trial":true,"path_per_floor":["M","?","M","M","M","R","M","R","T","M","M","M","$","M","R","B",null,"M","M","M","M","M","E","M"],"character_chosen":"DEFECT","items_purchased":["War Paint"],"campfire_rested":0,"item_purchase_floors":[13],"current_hp_per_floor":[57,57,54,48,48,48,48,48,48,46,31,31,31,31,31,28,60,60,60,60,60,42,29,12,12],"gold":206,"neow_bonus":"","is_daily":false,"chose_seed":true,"campfire_upgraded":3,"win_rate":0.0,"timestamp":1608293107,"path_taken":["M","?","M","M","M","R","M","R","T","M","M","?","$","M","R","BOSS","M","M","M","M","M","E","M"],"items_purchased_type":["Relic"],"build_version":"2020-12-13","purchased_purges":1,"victory":false,"max_hp_per_floor":[71,71,71,71,71,71,71,71,71,71,71,71,71,71,71,71,71,71,71,71,71,71,71,71,71],"card_choices":[{"not_picked":[],"picked":"ChaosCard","floor":0},{"not_picked":["FTL","ReplaySort","Compile Driver"],"picked":"SKIP","floor":1},{"not_picked":["Rip and Tear","Ball Lightning"],"picked":"ReplayTheSpireMod:Calculation Training","floor":3},{"not_picked":["Redo","Rebound","Compile Driver"],"picked":"SKIP","floor":4},{"not_picked":["Panic Button","ReplaySort"],"picked":"Storm","floor":5},{"not_picked":["Barrage","Beam Cell","Sweeping Beam"],"picked":"SKIP","floor":7},{"not_picked":["Beam Cell","Conserve Battery"],"picked":"White Noise","floor":10},{"not_picked":["Echo Form","BasicCrystalCard"],"picked":"Bomb","floor":11},{"not_picked":["Bomb","Tempest"],"picked":"Double Energy","floor":12},{"not_picked":["Redo","Gash","ReplaySort"],"picked":"SKIP","floor":14},{"not_picked":["Meteor Strike","Thunder Strike"],"picked":"ElectricPowerLearning","floor":16},{"not_picked":["Compile Driver","Cold Snap","Streamline"],"picked":"SKIP","floor":18},{"not_picked":["Leap","Redo","Streamline"],"picked":"SKIP","floor":19},{"not_picked":["Hologram","Steam Power","Distribution"],"picked":"SKIP","floor":20},{"not_picked":["Consume","Beam Cell","Leap"],"picked":"SKIP","floor":21},{"not_picked":["ReplayTheSpireMod:Repulse","White Noise"],"picked":"Chill","floor":22},{"not_picked":["Streamline","Static Discharge"],"picked":"Self Repair","floor":23},{"not_picked":["Rebound","BasicCrystalCard"],"picked":"Capacitor","floor":24}],"player_experience":151445,"relics_obtained":[{"floor":1,"key":"AddBug"},{"floor":1,"key":"LetterFromLob"},{"floor":3,"key":"LetterFromLob"},{"floor":4,"key":"LetterFromLob"},{"floor":5,"key":"SecretRecord"},{"floor":5,"key":"LetterFromLob"},{"floor":7,"key":"LetterFromLob"},{"floor":9,"key":"SSSystem"},{"floor":10,"key":"LetterFromLob"},{"floor":11,"key":"SecretRecord"},{"floor":11,"key":"LetterFromLob"},{"floor":12,"key":"LetterFromLob"},{"floor":14,"key":"LetterFromLob"},{"floor":16,"key":"SecretRecord"},{"floor":16,"key":"LetterFromLob"},{"floor":18,"key":"LetterFromLob"},{"floor":19,"key":"LetterFromLob"},{"floor":20,"key":"LetterFromLob"},{"floor":21,"key":"LetterFromLob"},{"floor":22,"key":"SecretRecord"},{"floor":22,"key":"LetterFromLob"},{"floor":23,"key":"Oddly Smooth Stone"},{"floor":23,"key":"LetterFromLob"},{"floor":24,"key":"LetterFromLob"}],"event_choices":[],"is_beta":false,"boss_relics":[{"not_picked":["Calling Bell","AddBug"],"picked":"Sozu"},{"not_picked":[]}],"items_purged_floors":[13],"is_endless":true,"potions_floor_spawned":[3,7,11,14,16,21,22,23],"killed_by":"Snake Plant","ascension_level":20}}