{"host":"daa8jqyg4gqfaysm","time":1608313976,"event":{"mods":["BaseMod","Colored Powertips","Minty Spire (QoL Compilation)","StSLib"],"gold_per_floor":[118,118,118,118,118,118,138,167,219,265,277,323,349,42,42,113,113,123,123,135,41,58,58,91,108,162,262,276,276,305,77,77,151,151,161,179,229,79,79,109,109,60,60,70,70,98,109,50,50,50,50,50,0,0,0],"floor_reached":54,"playtime":2574,"items_purged":["Strike_B","Strike_B"],"score":1530,"play_id":"32aa94fa-510b-4144-993f-12366eefa3c5","local_time":"20201219015256","is_ascension_mode":true,"campfire_choices":[{"data":"Conserve Battery","floor":6.0,"key":"SMITH"},{"data":"Cold Snap","floor":11.0,"key":"SMITH"},{"data":"Chaos","floor":15.0,"key":"SMITH"},{"data":"Panacea","floor":23.0,"key":"SMITH"},{"floor":29.0,"key":"REST"},{"data":"Buffer","floor":32.0,"key":"SMITH"},{"data":"Defragment","floor":41.0,"key":"SMITH"},{"floor":45.0,"key":"REST"},{"floor":49,"key":"RECALL"},{"data":"Echo Form","floor":52,"key":"SMITH"}],"circlet_count":0,"master_deck":["AscendersBane","Strike_B+1","Strike_B+1","Defend_B","Defend_B","Defend_B","Defend_B","Zap+1","Dualcast","Conserve Battery+1","Cold Snap+1","BootSequence","Self Repair","Echo Form+1","Storm","Master of Strategy","Chaos+1","Seek","Static Discharge","Defragment+1","Panacea+1","Loop","Turbo","Defragment+1","Glacier+1","Buffer+1","Double Energy","Amplify","Tempest+1","Doubt","Multi-Cast","Consume","Turbo"],"relics":["Cracked Core","NeowsBlessing","Cables","Darkstone Periapt","MawBank","Anchor","Whetstone","Runic Pyramid","Centennial Puzzle","Oddly Smooth Stone","Ginger","Letter Opener","Question Card","Inserter","PreservedInsect","Blood Vial","Ornamental Fan","Nunchaku"],"acts_visited":["Exordium","TheCity","TheBeyond","TheEnding"],"potions_floor_usage":[],"damage_taken":[{"damage":0.0,"enemies":"Small Slimes","floor":1.0,"turns":1.0},{"damage":0.0,"enemies":"Jaw Worm","floor":7.0,"turns":1.0},{"damage":0.0,"enemies":"3 Sentries","floor":8.0,"turns":1.0},{"damage":25.0,"enemies":"Lagavulin","floor":10.0,"turns":7.0},{"damage":2.0,"enemies":"3 Sentries","floor":12.0,"turns":5.0},{"damage":7.0,"enemies":"Cultist","floor":13.0,"turns":4.0},{"damage":47.0,"enemies":"Hexaghost","floor":16.0,"turns":11.0},{"damage":0.0,"enemies":"3 Byrds","floor":18.0,"turns":5.0},{"damage":3.0,"enemies":"Shell Parasite","floor":20.0,"turns":5.0},{"damage":13.0,"enemies":"Snake Plant","floor":22.0,"turns":4.0},{"damage":7.0,"enemies":"Slavers","floor":24.0,"turns":6.0},{"damage":23.0,"enemies":"Snecko","floor":25.0,"turns":5.0},{"damage":23.0,"enemies":"Colosseum Slavers","floor":27.0,"turns":6.0},{"damage":24.0,"enemies":"Colosseum Nobs","floor":27.0,"turns":4.0},{"damage":10.0,"enemies":"Sentry and Sphere","floor":28.0,"turns":8.0},{"damage":0.0,"enemies":"Gremlin Leader","floor":30.0,"turns":7.0},{"damage":0.0,"enemies":"Champ","floor":33.0,"turns":13.0},{"damage":23.0,"enemies":"3 Darklings","floor":35.0,"turns":8.0},{"damage":10.0,"enemies":"3 Shapes","floor":36.0,"turns":4.0},{"damage":0.0,"enemies":"Nemesis","floor":40.0,"turns":11.0},{"damage":56.0,"enemies":"Sphere and 2 Shapes","floor":44.0,"turns":4.0},{"damage":35.0,"enemies":"Reptomancer","floor":46.0,"turns":4.0},{"damage":0.0,"enemies":"Writhing Mass","floor":47.0,"turns":8.0},{"damage":26,"enemies":"Time Eater","floor":50,"turns":19},{"damage":58,"enemies":"Shield and Spear","floor":54,"turns":6}],"seed_played":"-5192219625855308643","potions_obtained":[{"floor":1.0,"key":"LiquidBronze"},{"floor":10.0,"key":"FocusPotion"},{"floor":12.0,"key":"DistilledChaos"},{"floor":18.0,"key":"SkillPotion"},{"floor":27.0,"key":"Weak Potion"},{"floor":33.0,"key":"PowerPotion"}],"is_trial":false,"path_per_floor":["M","?","T","?","?","R","M","E","T","E","R","E","M","$","R","B",null,"M","?","M","$","M","R","E","M","T","?","M","R","E","$","R","B",null,"M","M","?","$","?","E","R","$","T","M","R","E","M","?","R","B",null,"R","$","E"],"character_chosen":"DEFECT","items_purchased":["Master of Strategy","Chaos","Panacea","Double Energy","SpeedPotion","PreservedInsect","BlessingOfTheForge","SteroidPotion"],"campfire_rested":2,"item_purchase_floors":[14,14,21,31,31,38,42,53],"current_hp_per_floor":[64,69,69,69,69,69,69,69,69,44,44,49,56,56,56,16,61,68,68,72,72,59,59,59,43,43,17,21,43,57,57,57,64,73,50,54,54,54,60,74,74,74,74,34,58,39,55,55,55,38,71,71,71,15,15],"gold":0,"neow_bonus":"THREE_ENEMY_KILL","is_daily":false,"chose_seed":false,"campfire_upgraded":7,"win_rate":0.0,"timestamp":1608313976,"path_taken":["M","?","?","?","?","R","M","E","T","E","R","E","M","$","R","BOSS","M","?","M","?","?","R","E","M","T","?","M","R","E","$","R","BOSS","M","M","?","?","?","E","R","$","T","M","R","E","?","?","R","BOSS","R","$","E"],"items_purchased_type":["Card","Card","Card","Card","Potion","Relic","Potion","Potion"],"build_version":"2020-12-13","purchased_purges":2,"victory":false,"max_hp_per_floor":[71,76,76,76,76,76,76,76,76,76,76,76,76,76,76,76,76,76,76,76,76,76,76,76,76,76,76,76,76,76,76,76,76,76,76,76,76,76,82,82,82,82,82,82,82,82,82,82,82,82,82,82,82,82,82],"card_choices":[{"not_picked":["Undo","Redo"],"picked":"Conserve Battery","floor":1.0},{"not_picked":["Hello World","Stack"],"picked":"Cold Snap","floor":7.0},{"not_picked":["Leap","Go for the Eyes"],"picked":"BootSequence","floor":8.0},{"not_picked":["Fusion","Thunder Strike"],"picked":"Self Repair","floor":10.0},{"not_picked":["Leap","Redo"],"picked":"Echo Form","floor":12.0},{"not_picked":["Beam Cell","Leap"],"picked":"Storm","floor":13.0},{"not_picked":["All For One","Echo Form"],"picked":"Seek","floor":16.0},{"not_picked":["Compile Driver","Cold Snap","Coolheaded"],"picked":"SKIP","floor":18.0},{"not_picked":["Double Energy","Rip and Tear+1"],"picked":"Defragment+1","floor":20.0},{"not_picked":["Coolheaded","Steam Power"],"picked":"Loop","floor":22.0},{"not_picked":["Chaos","Auto Shields"],"picked":"Turbo","floor":24.0},{"not_picked":["Leap","Hologram"],"picked":"Defragment","floor":25.0},{"not_picked":["Turbo","FTL"],"picked":"Glacier+1","floor":27.0},{"not_picked":["Sweeping Beam","Rebound","Reinforced Body"],"picked":"SKIP","floor":28.0},{"not_picked":["Tempest","Streamline"],"picked":"Buffer","floor":30.0},{"not_picked":["Core Surge","Hyperbeam","Machine Learning"],"picked":"Amplify","floor":33.0},{"not_picked":["Recycle","Static Discharge+1","Sweeping Beam+1"],"picked":"Tempest+1","floor":35.0},{"not_picked":["Stack","Cold Snap","Steam","Coolheaded"],"picked":"SKIP","floor":36.0},{"not_picked":["Steam","Ball Lightning","Rebound","Static Discharge"],"picked":"SKIP","floor":40.0},{"not_picked":["Leap","Conserve Battery+1","Ball Lightning+1"],"picked":"Consume","floor":44.0},{"not_picked":["Hologram","Steam","Sweeping Beam"],"picked":"Turbo","floor":46.0},{"not_picked":["Streamline","Steam+1","Hologram","Sweeping Beam+1"],"picked":"SKIP","floor":47.0}],"player_experience":696833,"relics_obtained":[{"floor":3.0,"key":"Cables"},{"floor":8.0,"key":"Darkstone Periapt"},{"floor":9.0,"key":"MawBank"},{"floor":10.0,"key":"Anchor"},{"floor":12.0,"key":"Whetstone"},{"floor":24.0,"key":"Centennial Puzzle"},{"floor":26.0,"key":"Oddly Smooth Stone"},{"floor":27.0,"key":"Ginger"},{"floor":27.0,"key":"Letter Opener"},{"floor":30.0,"key":"Question Card"},{"floor":40.0,"key":"Blood Vial"},{"floor":46.0,"key":"Ornamental Fan"}],"event_choices":[{"damage_healed":0.0,"max_hp_gain":5.0,"max_hp_loss":0.0,"gold_gain":0.0,"event_name":"Big Fish","player_choice":"Donut","floor":2.0,"gold_loss":0.0,"damage_taken":0.0},{"damage_healed":0.0,"max_hp_gain":0.0,"max_hp_loss":0.0,"gold_gain":0.0,"event_name":"Living Wall","player_choice":"Grow","floor":4.0,"gold_loss":0.0,"damage_taken":0.0,"cards_upgraded":["Zap"]},{"damage_healed":0.0,"max_hp_gain":0.0,"max_hp_loss":0.0,"gold_gain":0.0,"event_name":"Match and Keep!","player_choice":"0 cards matched","floor":5.0,"gold_loss":0.0,"damage_taken":0.0,"cards_obtained":[]},{"damage_healed":0.0,"max_hp_gain":0.0,"max_hp_loss":0.0,"gold_gain":0.0,"event_name":"Match and Keep!","player_choice":"1 cards matched","floor":19.0,"gold_loss":0.0,"damage_taken":0.0,"cards_obtained":["Static Discharge"]},{"damage_healed":0.0,"max_hp_gain":0.0,"max_hp_loss":0.0,"gold_gain":0.0,"event_name":"Colosseum","player_choice":"Fight","floor":27.0,"gold_loss":0.0,"damage_taken":0.0},{"damage_healed":0.0,"max_hp_gain":0.0,"max_hp_loss":0.0,"gold_gain":0.0,"event_name":"Colosseum","player_choice":"Fought Nobs","floor":27.0,"gold_loss":0.0,"damage_taken":0.0},{"damage_healed":0.0,"max_hp_gain":0.0,"max_hp_loss":0.0,"gold_gain":50.0,"event_name":"Golden Shrine","player_choice":"Pray","floor":37.0,"gold_loss":0.0,"damage_taken":0.0},{"damage_healed":0.0,"max_hp_gain":0.0,"max_hp_loss":0.0,"gold_gain":0.0,"event_name":"Match and Keep!","player_choice":"2 cards matched","floor":39.0,"gold_loss":0.0,"damage_taken":0.0,"cards_obtained":["Doubt","Multi-Cast"]},{"damage_healed":0.0,"max_hp_gain":0.0,"max_hp_loss":0.0,"gold_gain":0.0,"event_name":"WeMeetAgain","player_choice":"Paid Gold","floor":48.0,"gold_loss":59.0,"damage_taken":0.0,"relics_obtained":["Nunchaku"]}],"is_beta":false,"boss_relics":[{"not_picked":["Black Star","Philosopher\u0027s Stone"],"picked":"Runic Pyramid"},{"not_picked":["Nuclear Battery","Coffee Dripper"],"picked":"Inserter"}],"items_purged_floors":[14,31],"is_endless":false,"potions_floor_spawned":[1,10,12,18,20,27,33,35,36],"killed_by":"Shield and Spear","ascension_level":15}}