{"host":"v9gxvcjie94crmje","time":1608301254,"event":{"mods":["Aspiration","BaseMod","Downfall","Friendly Minions","GungeonMod","HololiveMod","KinomotoSakuraMod(木之本樱)","Kiyohime（清姬）","Lobotomy","Marisa（F雨　魔理沙）","Minty Spire (QoL Compilation)","Remilia（蕾米莉亚）","Replay The Spire","Shop Mod","Spicy Shops","StSLib","The Animator","The Bladedancer","The Bug Knight","The Construct","The Cursed","The Disciple","The Hierophant","The Poker Player","The Servant 0.9.4","WarShipGirlsR/战舰少女R mod","Youmu（魂魄妖梦）","Yuri Mod"],"gold_per_floor":[111,122,141,160,172,172,206,224,224,239,239,253,253,271,271,368,368,338,338],"floor_reached":18,"playtime":1126,"items_purged":[],"score":176,"play_id":"023a8f94-d0e6-497d-b41b-1a3644a1cad9","local_time":"20201218222054","is_ascension_mode":true,"campfire_choices":[{"data":"UpSweep","floor":6.0,"key":"SMITH"},{"floor":11.0,"key":"REST"},{"data":"MasterSpark","floor":15.0,"key":"SMITH"}],"circlet_count":0,"master_deck":["Strike_MRS","Strike_MRS","Strike_MRS","Strike_MRS","Defend_MRS","Defend_MRS","Defend_MRS","Defend_MRS","MasterSpark+1","UpSweep+1","GrandCross","PowerUp","WitchLeyline","AsteroidBelt","MagicAbsorber","MysteriousBeam","DarkMatter","MagicChant+1","GalacticHalo+1","GalacticHalo+1","SatelliteIllusion"],"relics":["MiniHakkero","aspiration:PocketMushroom","Toxic Egg 2","Replay:Bronze Core"],"acts_visited":["Exordium","TheCity"],"potions_floor_usage":[],"damage_taken":[{"damage":0.0,"enemies":"2 Louse","floor":1.0,"turns":3.0},{"damage":0.0,"enemies":"Cultist","floor":2.0,"turns":3.0},{"damage":6.0,"enemies":"Jaw Worm","floor":3.0,"turns":3.0},{"damage":1.0,"enemies":"Exordium Thugs","floor":4.0,"turns":3.0},{"damage":0.0,"enemies":"3 Louse","floor":5.0,"turns":2.0},{"damage":14.0,"enemies":"Replay:BlueRogue","floor":7.0,"turns":5.0},{"damage":5.0,"enemies":"Looter","floor":8.0,"turns":2.0},{"damage":0.0,"enemies":"Exordium Wildlife","floor":10.0,"turns":3.0},{"damage":0.0,"enemies":"3 Louse","floor":12.0,"turns":2.0},{"damage":0.0,"enemies":"Blue Slaver","floor":14.0,"turns":2.0},{"damage":34.0,"enemies":"The Guardian","floor":16.0,"turns":9.0},{"damage":9,"enemies":"2 Thieves","floor":18,"turns":2}],"seed_played":"2190561963966497886","potions_obtained":[{"floor":4.0,"key":"Guardian:BlockOnCardUsePotion"},{"floor":7.0,"key":"Reflective Coating"},{"floor":10.0,"key":"champ:CounterPotion"},{"floor":14.0,"key":"SteroidPotion"},{"floor":16.0,"key":"BlessingOfTheForge"}],"is_trial":false,"path_per_floor":["M","M","M","M","M","R","E","M","T","M","R","M","?","M","R","B",null,"M"],"character_chosen":"MARISA","items_purchased":[],"campfire_rested":1,"item_purchase_floors":[],"current_hp_per_floor":[82,82,76,75,75,75,61,56,56,56,80,80,82,82,82,48,82,73,73],"gold":338,"neow_bonus":"TEN_PERCENT_HP_BONUS","is_daily":false,"chose_seed":false,"campfire_upgraded":2,"win_rate":0.0,"timestamp":1608301254,"path_taken":["M","M","M","M","M","R","E","M","T","M","R","M","?","M","R","BOSS","M"],"items_purchased_type":[],"build_version":"2020-12-13","purchased_purges":0,"victory":false,"max_hp_per_floor":[82,82,82,82,82,82,82,82,82,82,82,82,82,82,82,82,82,82,82],"card_choices":[{"not_picked":["WitchLeyline","MilkyWay"],"picked":"GrandCross","floor":1.0},{"not_picked":["WitchOfGreed","UnstableBomb"],"picked":"PowerUp","floor":2.0},{"not_picked":["IllusionStar","OneTimeOff"],"picked":"WitchLeyline","floor":3.0},{"not_picked":["Acceleration","MachineGunSpark"],"picked":"AsteroidBelt","floor":4.0},{"not_picked":["WitchLeyline","Acceleration"],"picked":"MagicAbsorber","floor":5.0},{"not_picked":["MilkyWay","RefractionSpark"],"picked":"MysteriousBeam","floor":7.0},{"not_picked":["MilkyWay","DoubleSpark"],"picked":"DarkMatter","floor":8.0},{"not_picked":["AsteroidBelt+1","NonDirectionalLaser"],"picked":"MagicChant+1","floor":10.0},{"not_picked":["MilkyWay+1","6A"],"picked":"GalacticHalo+1","floor":12.0},{"not_picked":["UnstableBomb","6A"],"picked":"GalacticHalo+1","floor":14.0},{"not_picked":["AbsoluteMagnitude","MillisecondPulsars"],"picked":"SatelliteIllusion","floor":16.0}],"player_experience":843521,"relics_obtained":[{"floor":7.0,"key":"aspiration:PocketMushroom"},{"floor":9.0,"key":"Toxic Egg 2"}],"event_choices":[],"is_beta":false,"boss_relics":[{"not_picked":["Replay:Drink Me","Kintsugi"],"picked":"Replay:Bronze Core"}],"items_purged_floors":[],"is_endless":false,"potions_floor_spawned":[4,7,10,14,16],"killed_by":"2 Thieves","ascension_level":1}}