{"host":"q9718omregw4er46","time":1608320735,"event":{"mods":["BaseMod","Bestiary","Colored Powertips","Custom Start","Highlight Path","Minty Spire (QoL Compilation)","Practice Mode","Quick Restart","Relic Stats"],"gold_per_floor":[113,132,30,44,44,73,73,101,127,127,191,207,357,43,43,116,116,133,133,133,133,28,53,53,53,53],"floor_reached":25,"playtime":710,"items_purged":["Doubt"],"score":439,"play_id":"2d0d74e3-0e7c-4b00-ba3e-2943208bcf74","local_time":"20201219004535","is_ascension_mode":true,"campfire_choices":[{"data":"Defragment","floor":7.0,"key":"SMITH"},{"data":"Static Discharge","floor":10.0,"key":"SMITH"},{"data":"Defragment","floor":15.0,"key":"SMITH"},{"floor":24.0,"key":"REST"}],"circlet_count":0,"master_deck":["AscendersBane","Strike_B","Defend_B","Defend_B","Zap","Dualcast","Core Surge+1","Meteor Strike+1","Self Repair+1","Sunder+1","Defragment+1","Steam","Static Discharge+1","Ball Lightning","Conserve Battery","Defragment+1","Glacier","Seek","Undo","Thunder Strike","Defragment+1","Coolheaded"],"relics":["Astrolabe","Juzu Bracelet","Oddly Smooth Stone","Dream Catcher","OrangePellets","Sozu","Kunai"],"acts_visited":["Exordium","TheCity"],"potions_floor_usage":[25],"damage_taken":[{"damage":7.0,"enemies":"2 Louse","floor":1.0,"turns":2.0},{"damage":1.0,"enemies":"Cultist","floor":2.0,"turns":3.0},{"damage":9.0,"enemies":"Jaw Worm","floor":4.0,"turns":5.0},{"damage":39.0,"enemies":"Gremlin Nob","floor":6.0,"turns":4.0},{"damage":30.0,"enemies":"3 Sentries","floor":8.0,"turns":6.0},{"damage":5.0,"enemies":"2 Fungi Beasts","floor":12.0,"turns":3.0},{"damage":9.0,"enemies":"Hexaghost","floor":16.0,"turns":9.0},{"damage":7.0,"enemies":"Shell Parasite","floor":18.0,"turns":8.0},{"damage":56.0,"enemies":"Gremlin Leader","floor":23.0,"turns":8.0},{"damage":46,"enemies":"Slavers","floor":25,"turns":4}],"seed_played":"-5267630279191732594","potions_obtained":[{"floor":6.0,"key":"PowerPotion"},{"floor":12.0,"key":"GamblersBrew"}],"is_trial":false,"path_per_floor":["M","M","$","M","?","E","R","E","T","R","?","M","?","$","R","B",null,"M","?","?","?","$","E","R","E"],"character_chosen":"DEFECT","items_purchased":["Defragment","Steam","Defragment","OrangePellets","Glacier","Coolheaded"],"campfire_rested":1,"item_purchase_floors":[3,3,14,14,14,22],"current_hp_per_floor":[67,71,71,71,71,42,42,22,22,22,22,27,27,27,27,28,60,63,63,63,59,59,13,34,0,0],"gold":53,"neow_bonus":"BOSS_RELIC","is_daily":false,"chose_seed":false,"campfire_upgraded":3,"win_rate":0.0,"timestamp":1608320735,"path_taken":["M","M","$","M","?","E","R","E","T","R","?","M","?","$","R","BOSS","M","?","?","?","?","E","R","E"],"items_purchased_type":["Card","Card","Card","Relic","Card","Card"],"build_version":"2020-12-13","purchased_purges":1,"victory":false,"max_hp_per_floor":[71,71,71,71,71,71,71,71,71,71,71,71,71,71,71,71,71,71,71,71,71,71,71,71,71,71],"relic_stats":{"Sozu":0,"OrangePellets":[1],"Dream Catcher":1,"counters":[10,52],"Astrolabe":["Core Surge","Meteor Strike","Self Repair"],"Juzu Bracelet":2,"Kunai":[0],"obtain_stats":[{"Sozu":17,"OrangePellets":14,"Dream Catcher":9,"Astrolabe":0,"Oddly Smooth Stone":8,"Juzu Bracelet":6,"Kunai":23,"Cracked Core":0},{"Sozu":7,"OrangePellets":6,"Dream Catcher":5,"Astrolabe":0,"Oddly Smooth Stone":5,"Juzu Bracelet":4,"Kunai":9,"Cracked Core":0},{"Sozu":32,"OrangePellets":23,"Dream Catcher":20,"Astrolabe":0,"Oddly Smooth Stone":20,"Juzu Bracelet":14,"Kunai":48,"Cracked Core":0}]},"card_choices":[{"not_picked":["Barrage","Ball Lightning"],"picked":"Sunder","floor":1.0},{"not_picked":["Hello World","Streamline","Gash"],"picked":"SKIP","floor":2.0},{"not_picked":["Stack","Auto Shields","Aggregate"],"picked":"SKIP","floor":4.0},{"not_picked":["Leap","Hologram"],"picked":"Static Discharge","floor":6.0},{"not_picked":["Conserve Battery","Compile Driver"],"picked":"Ball Lightning","floor":8.0},{"not_picked":["Barrage","Multi-Cast"],"picked":"Conserve Battery","floor":12.0},{"not_picked":["Rainbow","Hyperbeam"],"picked":"Seek","floor":16.0},{"not_picked":["Compile Driver","Aggregate","Cold Snap"],"picked":"SKIP","floor":18.0},{"not_picked":["Ball Lightning","Gash","Sweeping Beam"],"picked":"SKIP","floor":23.0}],"player_experience":1050086,"relics_obtained":[{"floor":6.0,"key":"Juzu Bracelet"},{"floor":8.0,"key":"Oddly Smooth Stone"},{"floor":9.0,"key":"Dream Catcher"},{"floor":23.0,"key":"Kunai"}],"event_choices":[{"damage_healed":0.0,"max_hp_gain":0.0,"max_hp_loss":0.0,"gold_gain":0.0,"event_name":"Upgrade Shrine","player_choice":"Upgraded","floor":5.0,"gold_loss":0.0,"damage_taken":0.0,"cards_upgraded":["Sunder"]},{"damage_healed":0.0,"max_hp_gain":0.0,"max_hp_loss":0.0,"gold_gain":64.0,"event_name":"Golden Wing","player_choice":"Gained Gold","floor":11.0,"gold_loss":0.0,"damage_taken":0.0},{"damage_healed":0.0,"max_hp_gain":0.0,"max_hp_loss":0.0,"gold_gain":150.0,"event_name":"Liars Game","player_choice":"AGREE","floor":13.0,"gold_loss":0.0,"damage_taken":0.0,"cards_obtained":["Doubt"]},{"damage_healed":0.0,"max_hp_gain":0.0,"max_hp_loss":0.0,"gold_gain":0.0,"cards_transformed":["Strike_B","Defend_B"],"event_name":"Drug Dealer","player_choice":"Became Test Subject","floor":19.0,"gold_loss":0.0,"damage_taken":0.0,"cards_obtained":["Undo","Thunder Strike"]},{"damage_healed":0.0,"max_hp_gain":0.0,"max_hp_loss":0.0,"gold_gain":0.0,"event_name":"Duplicator","player_choice":"Copied","floor":20.0,"gold_loss":0.0,"damage_taken":0.0,"cards_obtained":["Defragment"]},{"damage_healed":0.0,"max_hp_gain":0.0,"max_hp_loss":0.0,"gold_gain":0.0,"event_name":"The Woman in Blue","player_choice":"Bought 0 Potions","floor":21.0,"gold_loss":0.0,"damage_taken":0.0}],"is_beta":false,"boss_relics":[{"not_picked":["Runic Dome","Tiny House"],"picked":"Sozu"}],"items_purged_floors":[22],"is_endless":false,"potions_floor_spawned":[6,12],"killed_by":"Slavers","ascension_level":19}}