{"host":"e1hsr9gtjq2d74pi","time":1608323992,"event":{"mods":["Act Like it!","BaseMod","Beaked The Cultist","BetterRewards","Clockwork Mod","Conspire","Downfall","Hermit","Hero for Fun","Hubris","Marisa????????","Minty Spire (QoL Compilation)","Shop Mod","Spicy Shops","StSLib","The Animator","The Construct","The Cursed","The Servant 0.9.4","UnlockEverythingMod"],"gold_per_floor":[117,136,136,155,168,168,184,184,210,244,244,244,258,276,276,406,406,427,446,361,361,361,361],"floor_reached":22,"playtime":974,"items_purged":[],"score":238,"play_id":"41cbed55-73b2-4f65-bd79-38cf5fb4f163","local_time":"20201218123952","is_ascension_mode":false,"campfire_choices":[{"data":"construct:FlameCore","floor":6,"key":"SMITH"},{"data":"construct:FlameCore+1","floor":8,"key":"SMITH"},{"data":"construct:PointDefense","floor":12,"key":"SMITH"},{"data":"construct:MetalShell","floor":15,"key":"SMITH"}],"circlet_count":0,"master_deck":["construct:Strike_Gold","construct:Strike_Gold","construct:Strike_Gold","construct:Strike_Gold","construct:Strike_Gold","construct:Defend_Gold","construct:Defend_Gold","construct:Defend_Gold","construct:Defend_Gold","construct:Defend_Gold","construct:AttackMode","construct:DefenseMode","construct:PointDefense+1","construct:FlameCore+2","construct:Synchronize","construct:MetalShell+1","construct:ForceCore"],"relics":["construct:ClockworkPhoenix","Golden Idol","Blood Vial","construct:MasterCore","conspire:RoyalGoblet","construct:PurpleEmber","Enchiridion"],"acts_visited":["Exordium","TheCity"],"potions_floor_usage":[10,16,16,16],"damage_taken":[{"damage":0,"enemies":"Jaw Worm","floor":1,"turns":9},{"damage":0,"enemies":"conspire:RoseBush","floor":2,"turns":5},{"damage":0,"enemies":"Small Slimes","floor":4,"turns":6},{"damage":15,"enemies":"3 Louse","floor":5,"turns":7},{"damage":2,"enemies":"Large Slime","floor":7,"turns":10},{"damage":15,"enemies":"Lagavulin","floor":10,"turns":6},{"damage":6,"enemies":"Exordium Wildlife","floor":13,"turns":4},{"damage":7,"enemies":"Blue Slaver","floor":14,"turns":4},{"damage":0,"enemies":"Slime Boss","floor":16,"turns":6},{"damage":26,"enemies":"Chosen","floor":18,"turns":5},{"damage":21,"enemies":"Spheric Guardian","floor":19,"turns":5},{"damage":27,"enemies":"Centurion and Healer","floor":22,"turns":2}],"seed_played":"2692134724402181778","potions_obtained":[{"floor":5,"key":"FearPotion"},{"floor":7,"key":"BlessingOfTheForge"},{"floor":10,"key":"construct:ShiftPotion"},{"floor":13,"key":"Dexterity Potion"},{"floor":18,"key":"construct:MegaPotion"}],"is_trial":false,"path_per_floor":["M","M","?","M","M","R","M","R","T","E","?","R","M","M","R","B",null,"M","M","?","?","M"],"character_chosen":"THE_CONSTRUCT_MOD","items_purchased":[],"campfire_rested":0,"item_purchase_floors":[],"current_hp_per_floor":[85,85,64,64,49,49,47,47,47,34,27,27,23,18,18,20,85,59,40,40,24,0,0],"gold":361,"neow_bonus":"THREE_CARDS","is_daily":false,"chose_seed":false,"campfire_upgraded":4,"win_rate":0.0,"timestamp":1608323992,"path_taken":["M","M","?","M","M","R","M","R","T","E","?","R","M","M","R","BOSS","M","M","?","?","M"],"items_purchased_type":[],"build_version":"2020-12-13","purchased_purges":0,"victory":false,"max_hp_per_floor":[85,85,85,85,85,85,85,85,85,85,85,85,85,85,85,85,85,85,85,85,85,85,85],"card_choices":[{"not_picked":["construct:SuppressiveFire","construct:Antimatter"],"picked":"construct:Reinforce","floor":0},{"not_picked":["construct:ScrapCannon","construct:Analyze","construct:Implosion"],"picked":"SKIP","floor":1},{"not_picked":["construct:Anticipate","construct:ScrapCannon"],"picked":"construct:PointDefense","floor":2},{"not_picked":["construct:Autoturret","construct:Impenetrable","construct:ClusterMines"],"picked":"SKIP","floor":4},{"not_picked":["construct:Hazardproof","construct:Impenetrable"],"picked":"construct:FlameCore","floor":5},{"not_picked":["construct:Analyze","construct:PhosphorStorm","construct:HyperBeam"],"picked":"SKIP","floor":7},{"not_picked":["construct:SweepLaser","construct:Chainstrike"],"picked":"construct:Synchronize","floor":10},{"not_picked":["construct:SweepLaser","construct:QuickAttack","construct:Anticipate"],"picked":"SKIP","floor":13},{"not_picked":["construct:ForceCore","construct:Overcharge"],"picked":"construct:MetalShell","floor":14},{"not_picked":["construct:HeavyBolt","construct:UnbalancingBlast","construct:VentSteam+1"],"picked":"SKIP","floor":18},{"not_picked":["construct:Accumulate","construct:Reinforce"],"picked":"construct:ForceCore","floor":19}],"player_experience":445569,"relics_obtained":[{"floor":9,"key":"Blood Vial"},{"floor":10,"key":"construct:MasterCore"},{"floor":21,"key":"Enchiridion"}],"event_choices":[{"damage_healed":0,"gold_gain":0,"player_choice":"Take Damage","damage_taken":21,"relics_obtained":["Golden Idol"],"max_hp_gain":0,"max_hp_loss":0,"event_name":"Golden Idol","floor":3,"gold_loss":0},{"cards_removed":["construct:Reinforce"],"damage_healed":0,"gold_gain":0,"player_choice":"Card Removal","damage_taken":7,"max_hp_gain":0,"max_hp_loss":0,"event_name":"Golden Wing","floor":11,"gold_loss":0},{"damage_healed":0,"gold_gain":0,"player_choice":"Obtained Relic","damage_taken":0,"relics_obtained":["construct:PurpleEmber"],"max_hp_gain":0,"max_hp_loss":0,"event_name":"Addict","floor":20,"gold_loss":85},{"damage_healed":0,"gold_gain":0,"player_choice":"Obtained Book","damage_taken":16,"max_hp_gain":0,"max_hp_loss":0,"event_name":"Cursed Tome","floor":21,"gold_loss":0}],"is_beta":false,"boss_relics":[{"not_picked":["Velvet Choker","Runic Dome"],"picked":"conspire:RoyalGoblet"}],"items_purged_floors":[],"is_endless":false,"potions_floor_spawned":[5,7,10,13,18],"killed_by":"Centurion and Healer","ascension_level":0}}