{"host":"x5a6cvihdukvwm3n","time":1608289433,"event":{"mods":["AlwaysNeverKeys","Aspiration","BaseMod","Beaked The Cultist","BetterRewards","Colored Map","Colored Powertips","Conspire","Curses Come First","Downfall","Friendly Minions","GifTheSpireLib","Gremlin Mod","Halation","Highlight Path","Hubris","Minty Spire (QoL Compilation)","Replay The Spire","Shop Mod","StSLib","Stuff the Spire","SuperFastMode","Synergy Search","Td1madao Mod","The Bladedancer","The Construct","The Disciple","The Jungle","The Servant 0.9.4","vexMod"],"gold_per_floor":[156,176,176,249,264,264,264,264,289,289,301,317,317,317,331,426,426,426,444,429,442,542,542,613,631,631,710,747,767,785,785,798,809,809],"floor_reached":33,"playtime":2560,"items_purged":[],"score":319,"play_id":"a9fa803b-5860-4d30-aba9-b0e0d5cc3789","local_time":"20201218120353","is_ascension_mode":false,"campfire_choices":[{"data":"Guardian:SpikerProtocol","floor":8,"key":"SMITH"},{"data":"Guardian:BaubleBeam","floor":10,"key":"SMITH"},{"data":"Guardian:AncientConstruct","floor":18,"key":"SMITH"},{"data":"Guardian:FloatingOrbs","floor":23,"key":"SMITH"},{"data":"Guardian:FloatingOrbs","floor":26,"key":"SMITH"}],"circlet_count":0,"master_deck":["Guardian:Strike_Guardian","Guardian:Strike_Guardian","Guardian:Strike_Guardian","Guardian:Strike_Guardian","Guardian:Defend_Guardian","Guardian:Defend_Guardian","Guardian:Defend_Guardian","Guardian:Defend_Guardian","Guardian:CurlUp","Guardian:TwinSlam","Guardian:SpikerProtocol+1","Guardian:TemporalStrike","Guardian:BaubleBeam+1","Guardian:ChargeUp","Guardian:FloatingOrbs+1","Guardian:Repulse","Guardian:AncientConstruct+1","Guardian:FloatingOrbs+1","Guardian:PiercingHide+1","Guardian:Clone","Guardian:TemporalStrike","Guardian:Gem_Blue","Guardian:Suspension","Guardian:PiercingHide","Guardian:Harden+1"],"relics":["Guardian:ModeShifter","Bag of Preparation","conspire:Dentures","aspiration:EmptySkull","hubris:Towel","vexMod:BigBerry","vexMod:ConsolationPrize","vexMod:BarristanHead","GremlinMask"],"acts_visited":["Exordium","TheCity"],"potions_floor_usage":[16,27,30,33],"damage_taken":[{"damage":4,"enemies":"Small Slimes","floor":2,"turns":4},{"damage":1,"enemies":"Jaw Worm","floor":5,"turns":5},{"damage":0,"enemies":"Cultist","floor":6,"turns":1},{"damage":19,"enemies":"3 Sentries","floor":9,"turns":10},{"damage":11,"enemies":"Exordium Wildlife","floor":11,"turns":5},{"damage":0,"enemies":"3 Louse","floor":12,"turns":3},{"damage":4,"enemies":"Large Slime","floor":15,"turns":4},{"damage":29,"enemies":"downfall:Silent","floor":16,"turns":8},{"damage":16,"enemies":"Shell Parasite","floor":19,"turns":6},{"damage":0,"enemies":"downfall:FleeingMerchant","floor":20,"turns":4},{"damage":6,"enemies":"Spheric Guardian","floor":21,"turns":5},{"damage":8,"enemies":"Centurion and Healer","floor":25,"turns":5},{"damage":44,"enemies":"Gremlin Leader","floor":27,"turns":7},{"damage":23,"enemies":"Cultist and Chosen","floor":28,"turns":7},{"damage":8,"enemies":"Chosen and Byrds","floor":29,"turns":7},{"damage":1,"enemies":"Shelled Parasite and Fungi","floor":30,"turns":5},{"damage":0,"enemies":"Centurion and Healer","floor":32,"turns":8},{"damage":21,"enemies":"downfall:Ironclad","floor":33,"turns":4}],"seed_played":"-140099074860165645","potions_obtained":[{"floor":9,"key":"Swift Potion"},{"floor":11,"key":"DistilledChaos"},{"floor":15,"key":"SmokeBomb"},{"floor":19,"key":"Regen Potion"},{"floor":25,"key":"Death Potion"},{"floor":29,"key":"Adrenaline Potion"},{"floor":32,"key":"Block Potion"}],"is_trial":false,"path_per_floor":["R_BF","M","?","T","M","M","T","R","E","R","M","M","?","?","M","B",null,"R","M","$","M","?","R","T","M","R","E","M","M","M","?","M","B"],"character_chosen":"GUARDIAN","items_purchased":[],"campfire_rested":0,"item_purchase_floors":[],"current_hp_per_floor":[80,76,76,76,75,75,75,75,56,56,45,45,45,60,56,27,110,110,94,94,88,88,88,88,80,80,51,28,20,19,19,19,0,0],"gold":809,"neow_bonus":"RANDOM_COMMON_RELIC","is_daily":false,"chose_seed":false,"campfire_upgraded":5,"win_rate":0.0,"timestamp":1608289433,"path_taken":["R_BF","M","?","?","M","M","T","R","E","R","M","?","?","?","M","BOSS","R","M","$","M","?","R","T","?","R","E","M","M","M","?","M","BOSS"],"items_purchased_type":[],"build_version":"2020-12-13","purchased_purges":0,"victory":false,"max_hp_per_floor":[80,80,80,80,80,80,80,80,80,80,80,80,80,80,80,80,110,110,110,110,110,110,110,110,110,110,110,110,110,110,110,110,110,110],"card_choices":[{"not_picked":["Guardian:WalkerClaw","Guardian:Harden"],"picked":"Guardian:SpikerProtocol","floor":2},{"not_picked":["Guardian:BronzeOrb","Guardian:CrystalBeam"],"picked":"Guardian:Gem_Fragmented","floor":5},{"not_picked":["Guardian:Incinerate","Guardian:Planning"],"picked":"Guardian:TemporalStrike","floor":6},{"not_picked":["Guardian:TemporalShield","Guardian:WalkerClaw"],"picked":"Guardian:BaubleBeam","floor":9},{"not_picked":["Guardian:VentSteam","Guardian:ShieldCharger"],"picked":"Guardian:ChargeUp","floor":11},{"not_picked":["Guardian:PrimingBeam","Guardian:Reroute"],"picked":"Guardian:FloatingOrbs","floor":12},{"not_picked":["Guardian:PrismaticBarrier","Guardian:VentSteam"],"picked":"Guardian:Repulse","floor":15},{"not_picked":["Guardian:ConstructionForm","Guardian:ExploitGems"],"picked":"Guardian:AncientConstruct","floor":16},{"not_picked":["Guardian:Incinerate","Guardian:Reroute"],"picked":"Guardian:Gem_Lightblue","floor":19},{"not_picked":["Guardian:Gem_Green","Guardian:Suspension"],"picked":"Guardian:FloatingOrbs","floor":20},{"not_picked":["Guardian:Emergency+1","Guardian:TimeBomb"],"picked":"Guardian:PiercingHide+1","floor":21},{"not_picked":["Guardian:RefractedBeam","Guardian:CrystalBeam"],"picked":"Guardian:Clone","floor":25},{"not_picked":["Guardian:Suspension+1","Guardian:HyperBeam_Guardian"],"picked":"Guardian:TemporalStrike","floor":27},{"not_picked":["Guardian:PrismaticBarrier","Guardian:Incinerate+1"],"picked":"Guardian:Gem_Blue","floor":28},{"not_picked":["Guardian:Planning","Guardian:PrimingBeam"],"picked":"Guardian:Suspension","floor":29},{"not_picked":["Guardian:TemporalStrike","Guardian:Recover"],"picked":"Guardian:PiercingHide","floor":30},{"not_picked":["Guardian:Planning","Guardian:TimeSifter"],"picked":"Guardian:Harden+1","floor":32}],"player_experience":265776,"relics_obtained":[{"floor":4,"key":"conspire:Dentures"},{"floor":9,"key":"aspiration:EmptySkull"},{"floor":24,"key":"vexMod:ConsolationPrize"},{"floor":27,"key":"vexMod:BarristanHead"}],"event_choices":[{"damage_healed":0,"gold_gain":0,"player_choice":"Trade","damage_taken":0,"relics_obtained":["GremlinMask"],"max_hp_gain":0,"max_hp_loss":0,"event_name":"FaceTrader","floor":31,"gold_loss":0}],"is_beta":false,"boss_relics":[{"not_picked":["halation:MonkeysPaw","Replay:Bronze Core"],"picked":"vexMod:BigBerry"}],"items_purged_floors":[],"is_endless":false,"potions_floor_spawned":[9,11,15,19,21,25,29,32],"killed_by":"downfall:Ironclad","ascension_level":0}}