{"host":"q9718omregw4er46","time":1608309944,"event":{"mods":["BaseMod","Bestiary","Colored Powertips","Custom Start","Highlight Path","Minty Spire (QoL Compilation)","Practice Mode","Quick Restart","Relic Stats"],"gold_per_floor":[118,118,138,149,31,57,73,85,85,96,96,115,115,146,146,223,223,238,255,138,153,78,78,78,78],"floor_reached":24,"playtime":730,"items_purged":["Strike_B"],"score":458,"play_id":"dc3b0b0c-43da-49fd-965d-93f6f8a88755","local_time":"20201218214544","is_ascension_mode":true,"campfire_choices":[{"data":"Hyperbeam","floor":11.0,"key":"SMITH"},{"data":"Defragment","floor":13.0,"key":"SMITH"},{"data":"Rainbow","floor":15.0,"key":"SMITH"},{"floor":23.0,"key":"REST"}],"circlet_count":0,"master_deck":["AscendersBane","Strike_B","Defend_B","Defend_B","Defend_B","Defend_B","Zap","Dualcast","Compile Driver","Steam","Rainbow+1","Self Repair","Melter","Hyperbeam+1","Chill","Defragment+1","Doom and Gloom+1","Core Surge+1","Defragment","Loop","Ball Lightning+1"],"relics":["Cracked Core","NeowsBlessing","Gremlin Horn","Matryoshka","Molten Egg 2","Snecko Eye"],"acts_visited":["Exordium","TheCity"],"potions_floor_usage":[24],"damage_taken":[{"damage":0.0,"enemies":"Jaw Worm","floor":1.0,"turns":1.0},{"damage":0.0,"enemies":"Cultist","floor":3.0,"turns":1.0},{"damage":0.0,"enemies":"Small Slimes","floor":4.0,"turns":1.0},{"damage":9.0,"enemies":"Lagavulin","floor":6.0,"turns":7.0},{"damage":11.0,"enemies":"Looter","floor":7.0,"turns":4.0},{"damage":0.0,"enemies":"3 Louse","floor":8.0,"turns":2.0},{"damage":10.0,"enemies":"Large Slime","floor":10.0,"turns":4.0},{"damage":0.0,"enemies":"Lots of Slimes","floor":12.0,"turns":2.0},{"damage":0.0,"enemies":"3 Sentries","floor":14.0,"turns":4.0},{"damage":29.0,"enemies":"The Guardian","floor":16.0,"turns":10.0},{"damage":29.0,"enemies":"3 Byrds","floor":18.0,"turns":4.0},{"damage":22.0,"enemies":"2 Thieves","floor":19.0,"turns":3.0},{"damage":0.0,"enemies":"Sentry and Sphere","floor":21.0,"turns":2.0},{"damage":49,"enemies":"Gremlin Leader","floor":24,"turns":4}],"seed_played":"-7700891886156841888","potions_obtained":[{"floor":6.0,"key":"BlessingOfTheForge"},{"floor":7.0,"key":"DistilledChaos"}],"is_trial":false,"path_per_floor":["M","?","M","M","$","E","M","M","T","M","R","M","R","E","R","B",null,"M","M","$","M","?","R","E"],"character_chosen":"DEFECT","items_purchased":["Self Repair","Melter","Loop"],"campfire_rested":1,"item_purchase_floors":[5,5,20],"current_hp_per_floor":[64,64,64,64,64,62,58,65,65,62,62,62,62,62,62,40,63,41,19,19,26,26,47,0,0],"gold":78,"neow_bonus":"THREE_ENEMY_KILL","is_daily":false,"chose_seed":false,"campfire_upgraded":3,"win_rate":0.0,"timestamp":1608309944,"path_taken":["M","?","?","M","$","E","M","M","T","M","R","M","R","E","R","BOSS","M","M","$","M","?","R","E"],"items_purchased_type":["Card","Card","Card"],"build_version":"2020-12-13","purchased_purges":1,"victory":false,"max_hp_per_floor":[71,71,71,71,71,71,71,71,71,71,71,71,71,71,71,71,71,71,71,71,71,71,71,71,71],"relic_stats":{"Gremlin Horn":[12,12],"counters":[14,49],"Snecko Eye":[19,21,27,28],"obtain_stats":[{"Matryoshka":9,"NeowsBlessing":0,"Gremlin Horn":6,"Snecko Eye":17,"Molten Egg 2":14,"Cracked Core":0},{"Matryoshka":6,"NeowsBlessing":0,"Gremlin Horn":4,"Snecko Eye":10,"Molten Egg 2":9,"Cracked Core":0},{"Matryoshka":16,"NeowsBlessing":0,"Gremlin Horn":10,"Snecko Eye":36,"Molten Egg 2":26,"Cracked Core":0}]},"card_choices":[{"not_picked":["Hologram","Streamline"],"picked":"Compile Driver","floor":1.0},{"not_picked":["Blizzard","Reprogram"],"picked":"Steam","floor":3.0},{"not_picked":["Compile Driver","Barrage"],"picked":"Rainbow","floor":4.0},{"not_picked":["Gash","Beam Cell"],"picked":"Hyperbeam","floor":6.0},{"not_picked":["Doom and Gloom","Coolheaded","Redo"],"picked":"SKIP","floor":7.0},{"not_picked":["Aggregate","Heatsinks"],"picked":"Chill","floor":8.0},{"not_picked":["Lockon","Turbo","Hologram"],"picked":"SKIP","floor":10.0},{"not_picked":["Heatsinks","Stack"],"picked":"Defragment","floor":12.0},{"not_picked":["Steam Power","Reinforced Body"],"picked":"Doom and Gloom+1","floor":14.0},{"not_picked":["Buffer","Multi-Cast"],"picked":"Core Surge+1","floor":16.0},{"not_picked":["Blizzard+1","Barrage+1","Gash+1"],"picked":"SKIP","floor":18.0},{"not_picked":["Rebound+1","Cold Snap+1"],"picked":"Defragment","floor":19.0},{"not_picked":["Sweeping Beam+1","Gash+1"],"picked":"Ball Lightning+1","floor":21.0}],"player_experience":1044462,"relics_obtained":[{"floor":6.0,"key":"Gremlin Horn"},{"floor":9.0,"key":"Matryoshka"},{"floor":14.0,"key":"Molten Egg 2"}],"event_choices":[{"cards_removed":["Strike_B"],"damage_healed":0.0,"max_hp_gain":0.0,"max_hp_loss":0.0,"gold_gain":0.0,"event_name":"Bonfire Elementals","player_choice":"Offered Basic","floor":2.0,"gold_loss":0.0,"damage_taken":0.0},{"cards_removed":["Strike_B"],"damage_healed":0.0,"max_hp_gain":0.0,"max_hp_loss":0.0,"gold_gain":0.0,"event_name":"Beggar","player_choice":"Gave Gold","floor":22.0,"gold_loss":75.0,"damage_taken":0.0}],"is_beta":false,"boss_relics":[{"not_picked":["Empty Cage","Ectoplasm"],"picked":"Snecko Eye"}],"items_purged_floors":[20],"is_endless":false,"potions_floor_spawned":[6,7,8,16],"killed_by":"Gremlin Leader","ascension_level":19}}