{"host":"0m7uut7ws4kj19nt","time":1608277672,"event":{"mods":["AchievementEnabler","BaseMod","Minty Spire (QoL Compilation)","Replay The Spire","StSLib","The Necromancer"],"gold_per_floor":[117,392,412,429,127,154,174,174,198,210,110,130,158,172,172,267,267,285,305,305,180,192,192,192],"floor_reached":23,"playtime":1507,"items_purged":["Regret","Strike_W","Strike_W"],"score":205,"play_id":"376ac41d-6392-4ffa-b9e9-c723fb76b932","local_time":"20201218144752","is_ascension_mode":false,"campfire_choices":[{"data":"Blood_Wake","floor":8.0,"key":"SMITH"},{"data":"Life_Drain","floor":15.0,"key":"SMITH"}],"circlet_count":0,"master_deck":["Strike_W","Strike_W","Defend_W","Defend_W","Defend_W","Negative_Energy_Arrows","Bone_Wall","Summon_Lich","Blood_Wake+1","Life_Drain+1","Bone_Armor","Death_March_Dance","Life_Tap","Hellfire","Blood_Wake","Shade_Step","Death_March_Dance+1","Vampiric_Strike"],"relics":["Vampire_Amulet","Vajra","Pet Ghost","Nunchaku","Ancient Tea Set","Sozu"],"acts_visited":["Exordium","TheCity"],"potions_floor_usage":[],"damage_taken":[{"damage":3.0,"enemies":"2 Louse","floor":1.0,"turns":3.0},{"damage":4.0,"enemies":"Cultist","floor":3.0,"turns":4.0},{"damage":9.0,"enemies":"Jaw Worm","floor":4.0,"turns":5.0},{"damage":21.0,"enemies":"3 Sentries","floor":6.0,"turns":6.0},{"damage":2.0,"enemies":"Red Slaver","floor":7.0,"turns":3.0},{"damage":0.0,"enemies":"Exordium Wildlife","floor":10.0,"turns":3.0},{"damage":7.0,"enemies":"Blue Slaver","floor":12.0,"turns":3.0},{"damage":32.0,"enemies":"Lagavulin","floor":13.0,"turns":8.0},{"damage":0.0,"enemies":"Lots of Slimes","floor":14.0,"turns":1.0},{"damage":32.0,"enemies":"Fading Forest","floor":16.0,"turns":11.0},{"damage":26.0,"enemies":"Spheric Guardian","floor":18.0,"turns":4.0},{"damage":30,"enemies":"Shell Parasite","floor":19,"turns":4},{"damage":29,"enemies":"Centurion and Healer","floor":22,"turns":4},{"damage":20,"enemies":"Slavers","floor":23,"turns":1}],"seed_played":"-4166905043812365590","potions_obtained":[{"floor":1.0,"key":"Block Potion"},{"floor":3.0,"key":"SteroidPotion"},{"floor":4.0,"key":"AttackPotion"},{"floor":7.0,"key":"Death Potion"}],"is_trial":false,"path_per_floor":["M","?","M","M","$","E","M","R","T","M","$","M","E","M","R","B",null,"M","M","?","$","M","E"],"character_chosen":"NECROMANCER","items_purchased":["Vajra","Life_Drain"],"campfire_rested":0,"item_purchase_floors":[5,5],"current_hp_per_floor":[75,75,73,66,66,57,67,67,67,71,71,72,49,59,59,63,75,55,33,33,33,14,0,0],"gold":192,"neow_bonus":"RANDOM_EVENT","is_daily":false,"chose_seed":false,"campfire_upgraded":2,"win_rate":0.0,"timestamp":1608277672,"path_taken":["M","?","M","?","$","E","M","R","T","M","$","M","E","M","R","BOSS","M","M","?","$","?","E"],"items_purchased_type":["Relic","Card"],"build_version":"2020-12-13","purchased_purges":3,"victory":false,"max_hp_per_floor":[75,75,75,75,75,75,75,75,75,75,75,75,75,75,75,75,75,75,75,75,75,75,75,75],"card_choices":[{"not_picked":["Scare","Bone_Armor"],"picked":"Summon_Lich","floor":1.0},{"not_picked":["Violent_Necrosis","Vampiric_Strike"],"picked":"Blood_Wake","floor":3.0},{"not_picked":["Siphon_Strength","Finger_Of_Death"],"picked":"Summon_Undead_Army","floor":4.0},{"not_picked":["Scare","Consume_Illness"],"picked":"Bone_Armor","floor":6.0},{"not_picked":["Bone_Spikes","Toxic_Smoke_Screen","Blood_Curse"],"picked":"SKIP","floor":7.0},{"not_picked":["Violent_Necrosis","Negative_Energy_Shield","Scare"],"picked":"SKIP","floor":10.0},{"not_picked":["Negative_Energy_Javelin","Thousand_Bone_Knives"],"picked":"Death_March_Dance","floor":12.0},{"not_picked":["Shackles_Of_Pain","Deaths_Shadow"],"picked":"Life_Tap","floor":13.0},{"not_picked":["Bone_Bullets","Bone_Spikes"],"picked":"Hellfire","floor":14.0},{"not_picked":["Cloudkill","Detonate_Bones"],"picked":"Blood_Wake","floor":16.0},{"not_picked":["Bone_Shift","Plague_Bolt"],"picked":"Shade_Step","floor":18.0},{"not_picked":["Necrotic_Claws","Violent_Necrosis"],"picked":"Death_March_Dance+1","floor":19},{"not_picked":["Toxic_Smoke_Screen","Shackles_Of_Pain"],"picked":"Vampiric_Strike","floor":22}],"player_experience":59374,"relics_obtained":[{"floor":6.0,"key":"Pet Ghost"},{"floor":9.0,"key":"Nunchaku"},{"floor":13.0,"key":"Ancient Tea Set"}],"event_choices":[{"damage_healed":0.0,"max_hp_gain":0.0,"max_hp_loss":0.0,"gold_gain":275.0,"event_name":"Golden Shrine","player_choice":"Desecrate","floor":2.0,"gold_loss":0.0,"damage_taken":0.0,"cards_obtained":["Regret"]},{"cards_removed":["Summon_Undead_Army"],"damage_healed":0,"gold_gain":0,"player_choice":"Purged","damage_taken":0,"max_hp_gain":0,"max_hp_loss":0,"event_name":"Purifier","floor":20,"gold_loss":0}],"is_beta":false,"boss_relics":[{"not_picked":["Runic Dome","Runic Pyramid"],"picked":"Sozu"}],"items_purged_floors":[5,11,21],"is_endless":false,"potions_floor_spawned":[1,3,4,7,12,22],"killed_by":"Slavers","ascension_level":0}}