{"host":"26je6g5b6jsd0prz","time":1608277360,"event":{"mods":["AchievementEnabler","BaseMod","Colored Map","Minty Spire (QoL Compilation)"],"gold_per_floor":[411,411,90,90,90,90,154,164,210,222,23,23,86,136,136,239,239,259,291,62,123,173,173,173,173],"floor_reached":24,"playtime":1443,"items_purged":[],"score":186,"play_id":"50bf7c8a-0390-45cb-93b1-fcf992b3d0b4","local_time":"20201218164240","is_ascension_mode":false,"campfire_choices":[{"data":"Chrysalis","floor":6.0,"key":"SMITH"},{"data":"Rupture","floor":12,"key":"SMITH"},{"data":"Anger","floor":15,"key":"SMITH"},{"data":"Inflame","floor":23,"key":"SMITH"}],"circlet_count":0,"master_deck":["Strike_R","Strike_R+1","Strike_R","Strike_R","Strike_R","Defend_R","Defend_R","Defend_R","Bash+1","Metallicize","Evolve","Chrysalis+1","Inflame+1","Heavy Blade","Shockwave","Combust","Uppercut","Rupture","Dropkick","Good Instincts+1","Rupture+1","Anger+1","Limit Break+1","Dropkick","Intimidate+1","Battle Trance+1","Iron Wave+1","Writhe"],"relics":["Burning Blood","Old Coin","Toxic Egg 2","SsserpentHead","Whetstone","Runic Pyramid","Toolbox","Mercury Hourglass"],"acts_visited":["Exordium","TheCity"],"potions_floor_usage":[10,16,16,16,19,24],"damage_taken":[{"damage":11.0,"enemies":"Small Slimes","floor":1.0,"turns":3.0},{"damage":3.0,"enemies":"Cultist","floor":7.0,"turns":4.0},{"damage":3.0,"enemies":"2 Louse","floor":8.0,"turns":3.0},{"damage":8,"enemies":"Lots of Slimes","floor":10,"turns":6},{"damage":21,"enemies":"Gremlin Gang","floor":13,"turns":4},{"damage":6,"enemies":"Hexaghost","floor":16,"turns":6},{"damage":30,"enemies":"Shell Parasite","floor":18,"turns":5},{"damage":26,"enemies":"2 Thieves","floor":19,"turns":4},{"damage":35,"enemies":"Snecko","floor":21,"turns":8},{"damage":19,"enemies":"Shelled Parasite and Fungi","floor":24,"turns":2}],"seed_played":"-4621187276172581103","potions_obtained":[{"floor":7.0,"key":"DuplicationPotion"},{"floor":13,"key":"EssenceOfSteel"},{"floor":14,"key":"HeartOfIron"},{"floor":14,"key":"Weak Potion"},{"floor":18,"key":"Regen Potion"},{"floor":21,"key":"LiquidBronze"}],"is_trial":false,"path_per_floor":["M","?","$","T","?","R","M","M","T","M","$","R","M","?","R","B",null,"M","M","$","M","?","R","M"],"character_chosen":"IRONCLAD","items_purchased":["Chrysalis","Inflame","Heavy Blade","Shockwave","Dropkick","Good Instincts+1","Rupture","Toolbox","Battle Trance+1"],"campfire_rested":0,"item_purchase_floors":[3,3,3,3,11,11,11,20,20],"current_hp_per_floor":[67,67,67,67,67,67,70,72,72,70,70,70,55,55,55,55,72,48,42,42,13,13,13,0,0],"gold":173,"neow_bonus":"ONE_RARE_RELIC","is_daily":false,"chose_seed":false,"campfire_upgraded":4,"win_rate":0.0,"timestamp":1608277360,"path_taken":["M","?","$","?","?","R","?","M","T","M","$","R","?","?","R","BOSS","M","?","$","?","?","R","M"],"items_purchased_type":["Card","Card","Card","Card","Card","Card","Card","Relic","Card"],"build_version":"2020-12-13","purchased_purges":0,"victory":false,"max_hp_per_floor":[72,72,72,72,72,72,72,72,72,72,72,72,72,72,72,72,72,72,72,72,72,72,72,72,72],"card_choices":[{"not_picked":["Twin Strike","True Grit"],"picked":"Metallicize","floor":1.0},{"not_picked":["Evolve","True Grit+1"],"picked":"Combust","floor":7.0},{"not_picked":["Clothesline","Evolve"],"picked":"Uppercut","floor":8},{"not_picked":["Entrench+1","Fire Breathing"],"picked":"Rupture","floor":10},{"not_picked":["Cleave","Spot Weakness+1"],"picked":"Anger","floor":13},{"not_picked":["Fiend Fire","Brutality"],"picked":"Limit Break+1","floor":16},{"not_picked":["Clash","Twin Strike"],"picked":"Dropkick","floor":18},{"not_picked":["Sever Soul","Combust+1"],"picked":"Intimidate+1","floor":19},{"not_picked":["Pummel+1","Intimidate+1"],"picked":"Iron Wave+1","floor":21}],"player_experience":140385,"relics_obtained":[{"floor":4.0,"key":"Toxic Egg 2"},{"floor":9,"key":"Whetstone"}],"event_choices":[{"damage_healed":0.0,"max_hp_gain":0.0,"max_hp_loss":0.0,"gold_gain":0.0,"cards_transformed":["Defend_R"],"event_name":"Transmorgrifier","player_choice":"Transformed","floor":2.0,"gold_loss":0.0,"damage_taken":0.0,"cards_obtained":["Evolve"]},{"damage_healed":0.0,"max_hp_gain":0.0,"max_hp_loss":0.0,"gold_gain":0.0,"event_name":"FaceTrader","player_choice":"Trade","floor":5.0,"gold_loss":0.0,"damage_taken":0.0,"relics_obtained":["SsserpentHead"]},{"damage_healed":0,"gold_gain":0,"player_choice":"Got Potions","damage_taken":0,"max_hp_gain":0,"max_hp_loss":0,"event_name":"Lab","floor":14,"gold_loss":0},{"damage_healed":0,"gold_gain":0,"player_choice":"Opened","damage_taken":0,"relics_obtained":["Mercury Hourglass"],"max_hp_gain":0,"max_hp_loss":0,"event_name":"The Mausoleum","floor":22,"gold_loss":0,"cards_obtained":["Writhe"]}],"is_beta":false,"boss_relics":[{"not_picked":["Runic Cube","Snecko Eye"],"picked":"Runic Pyramid"}],"items_purged_floors":[],"is_endless":false,"potions_floor_spawned":[7,13,18,21],"killed_by":"Shelled Parasite and Fungi","ascension_level":0}}