{"host":"e4hse1vg61zltgzv","time":1608273335,"event":{"mods":["AchievementEnabler","BaseMod","Block Reminder","Colored Map","DeckTracker","GifTheSpireLib","Minty Spire (QoL Compilation)","Rare Cards Sparkle","StSLib","SuperFastMode","everything is the same but u backflip on backflip"],"gold_per_floor":[110,110,26,26,26,26,65,90,138,138,152,152,166,39,39,133,133,147,147,168,168,128,128,153,172,172,172,172,172],"floor_reached":28,"playtime":525,"items_purged":[],"score":478,"play_id":"4f146bcd-9e7f-45f5-aa0a-224efbe5641c","local_time":"20201218153535","is_ascension_mode":true,"campfire_choices":[{"floor":6,"key":"REST"},{"data":"Coolheaded","floor":10,"key":"SMITH"},{"data":"Go for the Eyes","floor":12,"key":"SMITH"},{"data":"Zap","floor":15,"key":"SMITH"},{"data":"Consume","floor":23,"key":"SMITH"}],"circlet_count":0,"master_deck":["AscendersBane","Strike_B+1","Defend_B+1","Defend_B+1","Defend_B+1","Zap+1","Dualcast","Static Discharge","Storm+1","Conserve Battery","Coolheaded+1","Go for the Eyes+1","Cold Snap","Capacitor+1","Lockon","Creative AI+1","Beam Cell","Echo Form+1","Rainbow","Fusion","Consume+1","Hologram","Barrage"],"relics":["Cracked Core","NeowsBlessing","Frozen Egg 2","Golden Idol","War Paint","Lantern","Philosopher\u0027s Stone","Vajra","Nunchaku"],"acts_visited":["Exordium","TheCity"],"potions_floor_usage":[16,18],"damage_taken":[{"damage":0,"enemies":"Small Slimes","floor":1,"turns":1},{"damage":0,"enemies":"3 Sentries","floor":7,"turns":1},{"damage":0,"enemies":"Jaw Worm","floor":8,"turns":1},{"damage":5,"enemies":"2 Louse","floor":11,"turns":3},{"damage":0,"enemies":"Exordium Wildlife","floor":13,"turns":3},{"damage":8,"enemies":"The Guardian","floor":16,"turns":9},{"damage":24,"enemies":"2 Thieves","floor":18,"turns":3},{"damage":13,"enemies":"Chosen","floor":20,"turns":4},{"damage":29,"enemies":"Snake Plant","floor":25,"turns":5},{"damage":26,"enemies":"Snecko","floor":28,"turns":4}],"seed_played":"5168663871306011170","potions_obtained":[{"floor":1,"key":"Weak Potion"},{"floor":11,"key":"Fire Potion"},{"floor":20,"key":"FairyPotion"}],"is_trial":false,"path_per_floor":["M","?","$","?","?","R","E","M","T","R","M","R","M","$","R","B",null,"M","?","M","?","$","R","T","M","T","?","M"],"character_chosen":"DEFECT","items_purchased":["Storm+1","Capacitor+1","Lockon","Consume"],"campfire_rested":1,"item_purchase_floors":[3,14,14,22],"current_hp_per_floor":[64,59,59,38,14,35,35,35,35,35,30,30,30,30,30,22,59,35,35,22,22,22,22,22,21,21,21,0,0],"gold":172,"neow_bonus":"THREE_ENEMY_KILL","is_daily":false,"chose_seed":false,"campfire_upgraded":4,"win_rate":0.0,"timestamp":1608273335,"path_taken":["M","?","$","?","?","R","E","M","T","R","M","R","M","$","R","BOSS","M","?","M","?","?","R","?","M","T","?","M"],"items_purchased_type":["Card","Card","Card","Card"],"build_version":"2020-12-13","purchased_purges":0,"victory":false,"max_hp_per_floor":[71,71,71,71,71,71,71,71,71,71,71,71,71,71,71,71,71,71,71,71,71,71,71,71,71,71,71,71,71],"card_choices":[{"not_picked":["Double Energy","Turbo"],"picked":"Static Discharge","floor":1},{"not_picked":["Leap","Steam"],"picked":"Conserve Battery","floor":7},{"not_picked":["Cold Snap","Hyperbeam"],"picked":"Coolheaded","floor":8},{"not_picked":["Barrage","Steam"],"picked":"Go for the Eyes","floor":11},{"not_picked":["Steam Power","Turbo"],"picked":"Cold Snap","floor":13},{"not_picked":["Reboot","Machine Learning+1"],"picked":"Creative AI+1","floor":16},{"not_picked":["Streamline","Go for the Eyes"],"picked":"Beam Cell","floor":18},{"not_picked":["Beam Cell","Recycle"],"picked":"Fusion","floor":20},{"not_picked":["Go for the Eyes","Steam"],"picked":"Hologram","floor":25}],"player_experience":746692,"relics_obtained":[{"floor":7,"key":"War Paint"},{"floor":9,"key":"Lantern"},{"floor":24,"key":"Vajra"},{"floor":26,"key":"Nunchaku"}],"event_choices":[{"damage_healed":0,"gold_gain":0,"player_choice":"Success","damage_taken":5,"relics_obtained":["Frozen Egg 2"],"max_hp_gain":0,"max_hp_loss":0,"event_name":"Scrap Ooze","floor":2,"gold_loss":0},{"damage_healed":0,"gold_gain":0,"player_choice":"Entered Light","damage_taken":21,"max_hp_gain":0,"max_hp_loss":0,"event_name":"Shining Light","floor":4,"gold_loss":0,"cards_upgraded":["Strike_B","Defend_B"]},{"damage_healed":0,"gold_gain":0,"player_choice":"Take Damage","damage_taken":24,"relics_obtained":["Golden Idol"],"max_hp_gain":0,"max_hp_loss":0,"event_name":"Golden Idol","floor":5,"gold_loss":0},{"damage_healed":0,"gold_gain":0,"cards_transformed":["Strike_B","Strike_B"],"player_choice":"Became Test Subject","damage_taken":0,"max_hp_gain":0,"max_hp_loss":0,"event_name":"Drug Dealer","floor":19,"gold_loss":0,"cards_obtained":["Echo Form","Rainbow"]},{"cards_removed":["Strike_B"],"damage_healed":0,"gold_gain":0,"player_choice":"Elegance","damage_taken":0,"max_hp_gain":0,"max_hp_loss":0,"event_name":"Back to Basics","floor":21,"gold_loss":0},{"damage_healed":0,"gold_gain":0,"cards_transformed":["Defend_B"],"player_choice":"Transformed","damage_taken":0,"max_hp_gain":0,"max_hp_loss":0,"event_name":"Transmorgrifier","floor":27,"gold_loss":0,"cards_obtained":["Barrage"]}],"is_beta":false,"boss_relics":[{"not_picked":["Calling Bell","Pandora\u0027s Box"],"picked":"Philosopher\u0027s Stone"}],"items_purged_floors":[],"is_endless":false,"potions_floor_spawned":[1,11,13,20],"killed_by":"Snecko","ascension_level":20}}