{"host":"fqid566djxhwi0rl","time":1608314618,"event":{"mods":["2.2 Compatiblity","AchievementEnabler","Aspiration","BaseMod","Downfall","Energized Spire","Faster Ascension Climbing","GifTheSpireLib","Minty Spire (QoL Compilation)","Replay The Spire","StSLib","The Blackbeard","The Gatherer","Trackpad","Yuri Mod"],"gold_per_floor":[117,136,152,162,177,209,209,240,265,284,313,313,78,93,93,165,165,178,211,224,171,171,171,145,180,180,180,180,196,51,77,77,150,150,163,163,212,212,126,126,159,159,159,202,202,242,253,293,293,293],"floor_reached":51,"playtime":2742,"items_purged":["Normality","Delirium"],"score":1275,"play_id":"4158ed41-452e-448b-af75-16c0377c5910","local_time":"20201218200338","is_ascension_mode":true,"metric_token":977,"campfire_choices":[{"data":"Gatherer:CursedBlade","floor":7,"key":"SMITH"},{"floor":12,"key":"REST"},{"data":"Gatherer:FlowerBeam","floor":15,"key":"SMITH"},{"data":"Gatherer:FlowerBeam+1","floor":23,"key":"SMITH"},{"data":"Gatherer:FlowerBeam+2","floor":27,"key":"SMITH"},{"data":"Gatherer:AcidicSpray","floor":32,"key":"SMITH"},{"data":"Replay:SS_forest_6","floor":40,"key":"SMITH"},{"data":"Gatherer:Liquidism","floor":42,"key":"SMITH"},{"floor":49,"key":"REST"}],"circlet_count":0,"master_deck":["AscendersBane","Gatherer:Strike_Gatherer","Gatherer:Strike_Gatherer","Gatherer:Strike_Gatherer","Gatherer:Defend_Gatherer","Gatherer:Defend_Gatherer","Gatherer:Defend_Gatherer","Gatherer:Centralize","Gatherer:FlowerWhip","Gatherer:CursedBlade+1","Gatherer:AcidicSpray+1","Gatherer:FlowerFalling+1","Gatherer:BambuSword","Gatherer:FlowerBeam+3","Gatherer:VenomBarrier","Gatherer:TacticalStrike","Gatherer:RottenStipe","Gatherer:ScrollOfPurity+1","Gatherer:RecoveryHerb+1","Gatherer:MindSearch+1","Gatherer:WoolGloves+1","Gatherer:FruitForce","Gatherer:QuickSynthesis+1","Gatherer:QuickSynthesis+1","Gatherer:Convert+1","Replay:SS_forest_6+1","Gatherer:Liquidism+1","Gatherer:QuickSynthesis+1","White Noise+1","Gatherer:CollectorsShot+1"],"relics":["Gatherer:AlchemyBag","trackpad:AdjectivePendant","TungstenRod","Simple Rune","Toxic Egg 2","Cursed Key","Red Mask","aspiration:Stabinomicon","trackpad:BottledTsunami","Lizard Tail","Replay:Grab Bag","Busted Crown","energizedSpire:NeverEndingSparkler","Black Star","Empty Cage","Replay:Multitool","Mummified Hand","aspiration:FetidBarrel","CeramicFish","trackpad:SneckoScepter","trackpad:BottledShadow","Pet Ghost","BranchBurnRelic"],"acts_visited":["Exordium","TheCity","TheBeyond"],"potions_floor_usage":[6,8,8,33,33,47],"damage_taken":[{"damage":0,"enemies":"Jaw Worm","floor":1,"turns":2},{"damage":0,"enemies":"2 Louse","floor":2,"turns":2},{"damage":0,"enemies":"Small Slimes","floor":3,"turns":2},{"damage":13,"enemies":"Exordium Thugs","floor":4,"turns":5},{"damage":1,"enemies":"Looter","floor":5,"turns":2},{"damage":10,"enemies":"Gremlin Nob","floor":6,"turns":4},{"damage":10,"enemies":"3 Sentries","floor":8,"turns":2},{"damage":0,"enemies":"Blue Slaver","floor":10,"turns":3},{"damage":11,"enemies":"Replay:BlueRogue","floor":11,"turns":7},{"damage":1,"enemies":"2 Fungi Beasts","floor":14,"turns":3},{"damage":24,"enemies":"Hexaghost","floor":16,"turns":8},{"damage":5,"enemies":"2 Thieves","floor":18,"turns":4},{"damage":19,"enemies":"Masked Bandits","floor":19,"turns":4},{"damage":0,"enemies":"3 Byrds","floor":20,"turns":2},{"damage":0,"enemies":"Book of Stabbing","floor":25,"turns":3},{"damage":0,"enemies":"Centurion and Healer","floor":29,"turns":4},{"damage":16,"enemies":"Replay:Snechameleon","floor":31,"turns":3},{"damage":0,"enemies":"Champ","floor":33,"turns":5},{"damage":0,"enemies":"Orb Walker","floor":35,"turns":2},{"damage":5,"enemies":"2 Orb Walkers","floor":37,"turns":3},{"damage":0,"enemies":"Giant Head","floor":41,"turns":1},{"damage":0,"enemies":"Reptomancer","floor":46,"turns":2},{"damage":0,"enemies":"3 Darklings","floor":47,"turns":2},{"damage":32,"enemies":"Nemesis","floor":48,"turns":3},{"damage":21,"enemies":"Replay:Hell Engine","floor":50,"turns":4}],"seed_played":"1163648834286265295","potions_obtained":[{"floor":1,"key":"LiquidMemories"},{"floor":4,"key":"SkillPotion"},{"floor":6,"key":"champ:CounterPotion"},{"floor":8,"key":"SneckoOil"},{"floor":19,"key":"SmokeBomb"},{"floor":20,"key":"EssenceOfSteel"},{"floor":29,"key":"Explosive Potion"},{"floor":35,"key":"AttackPotion"},{"floor":41,"key":"Reflective Coating"}],"is_trial":false,"path_per_floor":["M","M","M","M","M","E","R","E","T","M","E","R","$","M","R","B",null,"M","?","M","$","?","R","$","E","T","R","?","M","$","E","R","B",null,"M","?","?","?","$","R","E","R","T","?","R","E","M","E","R","B",null],"character_chosen":"THE_GATHERER","items_purchased":["Gatherer:ScrollOfPurity+1","Gatherer:QuickSynthesis+1","Gatherer:QuickSynthesis+1","Gatherer:Convert+1","Replay:SS_forest_6"],"campfire_rested":2,"item_purchase_floors":[13,21,24,30,39],"current_hp_per_floor":[60,60,60,47,46,36,36,29,29,32,24,44,44,46,46,28,57,57,45,51,51,51,51,51,56,56,56,81,81,81,65,65,70,78,81,81,77,77,77,77,77,77,77,53,76,77,77,49,72,64],"gold":293,"neow_bonus":"ONE_RANDOM_RARE_CARD","is_daily":false,"chose_seed":false,"campfire_upgraded":7,"win_rate":0.0,"timestamp":1608314618,"path_taken":["M","M","M","M","M","E","R","E","T","M","E","R","$","M","R","BOSS","M","?","M","$","?","R","?","E","T","R","?","?","$","E","R","BOSS","M","?","?","?","$","R","E","R","T","?","R","E","?","E","R","BOSS"],"items_purchased_type":["Card","Card","Card","Card","Card"],"build_version":"2020-12-13","purchased_purges":2,"victory":true,"max_hp_per_floor":[67,67,67,67,67,67,67,67,67,67,67,67,67,67,67,67,67,67,71,71,71,71,71,71,71,71,71,81,81,81,81,81,81,81,81,81,81,77,77,77,77,77,77,77,77,77,77,77,77,77],"card_choices":[{"not_picked":["Gatherer:Frenzy","Gatherer:Duplicator"],"picked":"Gatherer:AcidicSpray","floor":1},{"not_picked":["Gatherer:OddSpoils","Gatherer:BambuSword"],"picked":"Gatherer:FlowerFalling","floor":2},{"not_picked":["Gatherer:EchoOfNature","Gatherer:FeelingFine"],"picked":"Gatherer:BambuSword","floor":3},{"not_picked":["Gatherer:Polymorphism","Gatherer:GatherMaterial"],"picked":"Gatherer:FlowerBeam","floor":4},{"not_picked":["Gatherer:SaveValuables","Gatherer:PotentialSlash","Gatherer:AlchemyTrial"],"picked":"SKIP","floor":5},{"not_picked":["Gatherer:BigPouch","Gatherer:Convert"],"picked":"Gatherer:VenomBarrier","floor":6},{"not_picked":["Gatherer:AcidicSpray","Gatherer:RecipeChange"],"picked":"Gatherer:TacticalStrike","floor":8},{"not_picked":["Gatherer:Convert","Gatherer:FlowerShield"],"picked":"Gatherer:RottenStipe","floor":10},{"not_picked":["Gatherer:Frenzy","Gatherer:GatherMaterial+1","Gatherer:ScherryThrow"],"picked":"SKIP","floor":11},{"not_picked":["Gatherer:ScentOfRosmari+1","Gatherer:ScrollOfWall+1"],"picked":"Gatherer:RecoveryHerb+1","floor":14},{"not_picked":["Gatherer:Examine+1","Gatherer:ColorfulGarden"],"picked":"Gatherer:MindSearch+1","floor":16},{"not_picked":["Gatherer:Uplift","Gatherer:DrugPower"],"picked":"Gatherer:WoolGloves+1","floor":18},{"not_picked":["Gatherer:AcidicSpray","Gatherer:CollectorsShot"],"picked":"Gatherer:FruitForce","floor":19},{"not_picked":["Gatherer:BalancedGrowth","Gatherer:PotentialSlash","Gatherer:EnergyBasket+1"],"picked":"SKIP","floor":20},{"not_picked":["Gatherer:PotentialSlash","Gatherer:BigPouch+1","Gatherer:FlowerBeam"],"picked":"SKIP","floor":25},{"not_picked":["Gatherer:TreeGrowth+1","Gatherer:ScrollOfPurity+1","Gatherer:EnergyBasket+1"],"picked":"SKIP","floor":29},{"not_picked":["Gatherer:MiningStrike","Gatherer:WitheringStrike","Gatherer:Convert+1"],"picked":"SKIP","floor":31},{"not_picked":["Gatherer:ScherryThrow"],"picked":"SKIP","floor":35},{"not_picked":[],"picked":"Gatherer:Liquidism","floor":41},{"not_picked":[],"picked":"Gatherer:QuickSynthesis+1","floor":44},{"not_picked":["Gatherer:FlowerBeam+1"],"picked":"SKIP","floor":46},{"not_picked":["Gatherer:GatherMaterial+1"],"picked":"SKIP","floor":47},{"not_picked":[],"picked":"Gatherer:CollectorsShot+1","floor":48}],"player_experience":715282,"relics_obtained":[{"floor":6,"key":"trackpad:AdjectivePendant"},{"floor":8,"key":"TungstenRod"},{"floor":9,"key":"Simple Rune"},{"floor":11,"key":"Toxic Egg 2"},{"floor":19,"key":"Red Mask"},{"floor":25,"key":"aspiration:Stabinomicon"},{"floor":26,"key":"trackpad:BottledTsunami"},{"floor":31,"key":"Lizard Tail"},{"floor":37,"key":"Replay:Multitool"},{"floor":41,"key":"Mummified Hand"},{"floor":41,"key":"aspiration:FetidBarrel"},{"floor":44,"key":"CeramicFish"},{"floor":46,"key":"trackpad:SneckoScepter"},{"floor":46,"key":"trackpad:BottledShadow"},{"floor":48,"key":"Pet Ghost"},{"floor":48,"key":"Dead Branch"}],"event_choices":[{"damage_healed":0,"gold_gain":0,"player_choice":"Fought Bandits","damage_taken":0,"max_hp_gain":0,"max_hp_loss":0,"event_name":"Masked Bandits","floor":19,"gold_loss":0},{"damage_healed":0,"gold_gain":0,"cards_transformed":["Gatherer:Strike_Gatherer","Gatherer:Strike_Gatherer"],"player_choice":"Became Test Subject","damage_taken":0,"max_hp_gain":0,"max_hp_loss":0,"event_name":"Drug Dealer","floor":22,"gold_loss":0,"cards_obtained":["Gatherer:GrowBook","Gatherer:StoneFence"]},{"cards_removed":["Gatherer:StoneFence"],"damage_healed":15,"gold_gain":0,"player_choice":"Offered Rare","damage_taken":0,"max_hp_gain":10,"max_hp_loss":0,"event_name":"Bonfire Elementals","floor":28,"gold_loss":0},{"damage_healed":0,"gold_gain":0,"player_choice":"Ignored","damage_taken":0,"max_hp_gain":0,"max_hp_loss":0,"event_name":"Tomb of Lord Red Mask","floor":36,"gold_loss":0},{"damage_healed":0,"gold_gain":0,"player_choice":"Fight","damage_taken":0,"max_hp_gain":0,"max_hp_loss":0,"event_name":"Mysterious Sphere","floor":37,"gold_loss":0},{"damage_healed":0,"gold_gain":0,"player_choice":"Max HP","damage_taken":0,"max_hp_gain":0,"max_hp_loss":4,"event_name":"Winding Halls","floor":38,"gold_loss":0}],"is_beta":false,"boss_relics":[{"not_picked":["Gatherer:MiracleBag","Kintsugi"],"picked":"Cursed Key"},{"not_picked":["energizedSpire:SpiderWeb","aspiration:RunicSpoon"],"picked":"Replay:Grab Bag"},{"not_picked":["Fusion Hammer","energizedSpire:MagnifyingGlass"],"picked":"Busted Crown"},{"not_picked":["energizedSpire:RedRose","Runic Dome"],"picked":"energizedSpire:NeverEndingSparkler"},{"not_picked":["aspiration:DefectSkillbook","Runic Pyramid"],"picked":"Black Star"},{"not_picked":["SlaversCollar","Ring of Chaos"],"picked":"Empty Cage"}],"items_purged_floors":[13,30],"is_endless":false,"potions_floor_spawned":[1,4,5,6,8,19,20,29,35,41,46],"ascension_level":15}}