{"host":"y76x98twjnyyxs83","time":1608328306,"event":{"mods":["BaseMod","Colored Powertips","Minty Spire (QoL Compilation)","Permanent Neow","Quick Restart","Rare Cards Sparkle","Relic Stats","StSLib"],"gold_per_floor":[115,115,115,135,154,154,167,200,227,246,276,294,294,327,327,401,401,419,419,469,507,15,15,15,15],"floor_reached":24,"playtime":838,"items_purged":["Fasting2"],"score":432,"play_id":"68402c64-9d86-4617-8d90-e279de6fb143","local_time":"20201219055146","is_ascension_mode":true,"campfire_choices":[{"data":"Eruption","floor":6.0,"key":"SMITH"},{"data":"WheelKick","floor":13.0,"key":"SMITH"},{"data":"FlurryOfBlows","floor":15.0,"key":"SMITH"},{"data":"J.A.X.","floor":23,"key":"SMITH"}],"circlet_count":0,"master_deck":["AscendersBane","Strike_P","Strike_P","Strike_P","Defend_P","Defend_P","Defend_P","Defend_P","Eruption+1","Vigilance","FearNoEvil","FlurryOfBlows+1","Wallop","CutThroughFate","EmptyBody","WheelKick+1","BowlingBash","Wish","J.A.X.+1","EmptyMind","MentalFortress"],"relics":["VioletLotus","Akabeko","MealTicket","Bag of Preparation","Blood Vial","SlaversCollar","Meat on the Bone"],"acts_visited":["Exordium","TheCity"],"potions_floor_usage":[24],"damage_taken":[{"damage":2.0,"enemies":"2 Louse","floor":1.0,"turns":3.0},{"damage":2.0,"enemies":"Small Slimes","floor":4.0,"turns":3.0},{"damage":7.0,"enemies":"Cultist","floor":5.0,"turns":5.0},{"damage":1.0,"enemies":"2 Fungi Beasts","floor":7.0,"turns":5.0},{"damage":4.0,"enemies":"Lagavulin","floor":8.0,"turns":5.0},{"damage":10.0,"enemies":"Large Slime","floor":10.0,"turns":3.0},{"damage":14.0,"enemies":"Gremlin Nob","floor":11.0,"turns":3.0},{"damage":3.0,"enemies":"Gremlin Gang","floor":12.0,"turns":3.0},{"damage":8.0,"enemies":"Lagavulin","floor":14.0,"turns":4.0},{"damage":10.0,"enemies":"Slime Boss","floor":16.0,"turns":8.0},{"damage":20.0,"enemies":"Shell Parasite","floor":18.0,"turns":4.0},{"damage":15.0,"enemies":"3 Byrds","floor":21.0,"turns":7.0},{"damage":39,"enemies":"Book of Stabbing","floor":24,"turns":4}],"seed_played":"-4116123910990940312","potions_obtained":[{"floor":4.0,"key":"PowerPotion"},{"floor":7.0,"key":"Block Potion"},{"floor":11.0,"key":"Block Potion"},{"floor":12.0,"key":"StancePotion"},{"floor":21.0,"key":"SpeedPotion"}],"is_trial":false,"path_per_floor":["M","?","?","M","M","R","M","E","T","M","E","M","R","E","R","B",null,"M","?","?","M","$","R","E"],"character_chosen":"WATCHER","items_purchased":["Meat on the Bone","MentalFortress","SteroidPotion"],"campfire_rested":0,"item_purchase_floors":[22,22,22],"current_hp_per_floor":[59,64,64,62,55,55,54,50,50,40,26,23,23,15,15,7,57,39,39,32,19,34,34,0,0],"gold":15,"neow_bonus":"BOSS_RELIC","is_daily":false,"chose_seed":false,"campfire_upgraded":4,"win_rate":0.0,"timestamp":1608328306,"path_taken":["M","?","?","M","M","R","M","E","T","M","E","?","R","E","R","BOSS","M","?","?","M","$","R","E"],"items_purchased_type":["Relic","Card","Potion"],"build_version":"2020-12-13","purchased_purges":1,"victory":false,"max_hp_per_floor":[68,73,73,73,73,73,73,73,73,73,73,73,73,73,73,73,73,73,73,73,73,73,73,73,73],"relic_stats":{"Blood Vial":8,"counters":[13,57],"MealTicket":15,"VioletLotus":[12],"Bag of Preparation":[12],"obtain_stats":[{"Blood Vial":14,"SlaversCollar":17,"MealTicket":9,"VioletLotus":0,"Bag of Preparation":11,"PureWater":0,"Akabeko":8,"Meat on the Bone":22},{"Blood Vial":9,"SlaversCollar":10,"MealTicket":5,"VioletLotus":0,"Bag of Preparation":7,"PureWater":0,"Akabeko":5,"Meat on the Bone":12},{"Blood Vial":34,"SlaversCollar":42,"MealTicket":21,"VioletLotus":0,"Bag of Preparation":27,"PureWater":0,"Akabeko":21,"Meat on the Bone":53}],"Meat on the Bone":0},"card_choices":[{"not_picked":["Evaluate","Halt"],"picked":"FearNoEvil","floor":1.0},{"not_picked":["Collect","JustLucky"],"picked":"FlurryOfBlows","floor":4.0},{"not_picked":["WreathOfFlame","Halt","JustLucky"],"picked":"SKIP","floor":5.0},{"not_picked":["WreathOfFlame","Halt","JustLucky"],"picked":"SKIP","floor":5.0},{"not_picked":["WreathOfFlame","Halt","JustLucky"],"picked":"SKIP","floor":5.0},{"not_picked":["Nirvana","SashWhip"],"picked":"Wallop","floor":7.0},{"not_picked":["Worship","Indignation","Consecrate"],"picked":"SKIP","floor":8.0},{"not_picked":["ConjureBlade","Consecrate"],"picked":"CutThroughFate","floor":10.0},{"not_picked":["ThirdEye","DeceiveReality"],"picked":"EmptyBody","floor":11.0},{"not_picked":["Prostrate","ThirdEye"],"picked":"WheelKick","floor":12.0},{"not_picked":["FlurryOfBlows","PathToVictory"],"picked":"BowlingBash","floor":14.0},{"not_picked":["SpiritShield","Omniscience"],"picked":"Wish","floor":16.0},{"not_picked":["EmptyFist","ReachHeaven+1","FlyingSleeves"],"picked":"SKIP","floor":18.0},{"not_picked":["CutThroughFate+1","SashWhip"],"picked":"EmptyMind","floor":21.0}],"player_experience":1097194,"relics_obtained":[{"floor":8.0,"key":"Akabeko"},{"floor":9.0,"key":"MealTicket"},{"floor":11.0,"key":"Bag of Preparation"},{"floor":14.0,"key":"Blood Vial"}],"event_choices":[{"damage_healed":0.0,"max_hp_gain":5.0,"max_hp_loss":0.0,"gold_gain":0.0,"event_name":"Big Fish","player_choice":"Donut","floor":2.0,"gold_loss":0.0,"damage_taken":0.0},{"damage_healed":0.0,"max_hp_gain":0.0,"max_hp_loss":0.0,"gold_gain":0.0,"cards_transformed":["Strike_P"],"event_name":"Transmorgrifier","player_choice":"Transformed","floor":3.0,"gold_loss":0.0,"damage_taken":0.0,"cards_obtained":["Fasting2"]},{"damage_healed":0.0,"max_hp_gain":0.0,"max_hp_loss":0.0,"gold_gain":0.0,"event_name":"Drug Dealer","player_choice":"Obtain J.A.X.","floor":19.0,"gold_loss":0.0,"damage_taken":0.0,"cards_obtained":["J.A.X."]},{"damage_healed":0.0,"max_hp_gain":0.0,"max_hp_loss":0.0,"gold_gain":50.0,"event_name":"FaceTrader","player_choice":"Touch","floor":20.0,"gold_loss":0.0,"damage_taken":7.0}],"is_beta":false,"boss_relics":[{"not_picked":["Ectoplasm","Velvet Choker"],"picked":"SlaversCollar"}],"items_purged_floors":[22],"is_endless":false,"potions_floor_spawned":[4,7,11,12,21],"killed_by":"Book of Stabbing","ascension_level":20}}