{"host":"nmjik3bzoelmmajy","time":1608291807,"event":{"mods":["BaseMod","Better Third Choice","Colored Map","DeckTracker","Minty Spire (QoL Compilation)","Quick Restart","Say the Spire","StSLib","SuperFastMode"],"gold_per_floor":[15,15,34,34,10,10,25,37,63,74,74,108,119,148,148,148,148],"floor_reached":16,"playtime":701,"items_purged":[],"score":202,"play_id":"176a1819-4079-4f81-95e5-403ed7a58a02","local_time":"20201218204327","is_ascension_mode":true,"campfire_choices":[{"data":"Backflip","floor":6,"key":"SMITH"},{"data":"Cloak And Dagger","floor":11,"key":"SMITH"},{"data":"After Image","floor":15,"key":"SMITH"}],"circlet_count":0,"master_deck":["AscendersBane","Strike_G+1","Strike_G","Strike_G","Strike_G","Defend_G","Defend_G","Defend_G","Defend_G","Defend_G","Survivor","Neutralize+1","Mayhem+1","Blur","Poisoned Stab","Accuracy","Backflip+1","Crippling Poison","Cloak And Dagger+1","PiercingWail","Terror","After Image+1"],"relics":["Ring of the Snake","Whetstone","Nunchaku","Matryoshka"],"acts_visited":["Exordium"],"potions_floor_usage":[13,14,16],"damage_taken":[{"damage":4,"enemies":"Small Slimes","floor":1,"turns":5},{"damage":0,"enemies":"2 Louse","floor":3,"turns":4},{"damage":0,"enemies":"Cultist","floor":7,"turns":4},{"damage":0,"enemies":"3 Louse","floor":8,"turns":6},{"damage":0,"enemies":"Exordium Wildlife","floor":10,"turns":5},{"damage":17,"enemies":"Lagavulin","floor":12,"turns":9},{"damage":4,"enemies":"Large Slime","floor":13,"turns":7},{"damage":4,"enemies":"3 Sentries","floor":14,"turns":10},{"damage":35,"enemies":"Slime Boss","floor":16,"turns":11}],"seed_played":"7498145860914436365","potions_obtained":[{"floor":1,"key":"Energy Potion"},{"floor":7,"key":"SpeedPotion"},{"floor":14,"key":"GamblersBrew"}],"is_trial":false,"path_per_floor":["M","?","M","?","$","R","M","M","T","M","R","E","M","E","R","B"],"character_chosen":"THE_SILENT","items_purchased":["Backflip"],"campfire_rested":0,"item_purchase_floors":[5],"current_hp_per_floor":[55,55,55,55,55,55,55,55,55,55,55,38,34,30,30,0,0],"gold":148,"neow_bonus":"RANDOM_COLORLESS_2","is_daily":false,"chose_seed":false,"campfire_upgraded":3,"win_rate":0.0,"timestamp":1608291807,"path_taken":["M","?","M","?","$","R","?","M","T","M","R","E","M","E","R","BOSS"],"items_purchased_type":["Card"],"build_version":"2020-12-13","purchased_purges":0,"victory":false,"max_hp_per_floor":[66,66,66,66,66,66,66,66,66,66,66,66,66,66,66,66,66],"card_choices":[{"not_picked":["Secret Technique","Thinking Ahead"],"picked":"Mayhem","floor":0},{"not_picked":["Acrobatics","Reflex"],"picked":"Blur","floor":1},{"not_picked":["Riddle With Holes","Quick Slash"],"picked":"Poisoned Stab","floor":3},{"not_picked":["Backstab","Deadly Poison"],"picked":"Crippling Poison","floor":7},{"not_picked":["Dagger Throw","Poisoned Stab"],"picked":"Cloak And Dagger","floor":8},{"not_picked":["Bane","Dagger Throw"],"picked":"PiercingWail","floor":10},{"not_picked":["Poisoned Stab","Deadly Poison","Slice"],"picked":"SKIP","floor":12},{"not_picked":["Dagger Spray","Flying Knee"],"picked":"Terror","floor":13},{"not_picked":["Backflip","Envenom"],"picked":"After Image","floor":14}],"player_experience":814094,"relics_obtained":[{"floor":9,"key":"Whetstone"},{"floor":12,"key":"Nunchaku"},{"floor":14,"key":"Matryoshka"}],"event_choices":[{"damage_healed":0,"gold_gain":0,"player_choice":"Grow","damage_taken":0,"max_hp_gain":0,"max_hp_loss":0,"event_name":"Living Wall","floor":2,"gold_loss":0,"cards_upgraded":["Mayhem"]},{"damage_healed":0,"gold_gain":0,"cards_transformed":["Strike_G"],"player_choice":"Transformed","damage_taken":0,"max_hp_gain":0,"max_hp_loss":0,"event_name":"Transmorgrifier","floor":4,"gold_loss":0,"cards_obtained":["Accuracy"]}],"is_beta":false,"boss_relics":[],"items_purged_floors":[],"is_endless":false,"potions_floor_spawned":[1,7,14],"killed_by":"Slime Boss","ascension_level":16}}