{"host":"g75gtovmj0ine2rf","time":1608292443,"event":{"mods":["2.2 Compatiblity","AchievementEnabler","Act Like it!","Aspiration","Astrologer","Bard","BaseMod","Better Match","BetterRewards","CapriCore","Challenge The Spire","ChefMod","Colored Map","Conspire","Energized Spire","Friendly Minions","Gensokyo","Halation","Hallownest","Hermit","HexUI Lib","Highlight Path","Hubris","Infinite Spire","Jedi Mod","Lobotomy","Minty Spire (QoL Compilation)","Puzzle Mod","Quick Restart","Rare Cards Sparkle","Relic Stats","Replay The Spire","Shade Mod","Shop Mod","Spicy Shops","StSLib","SuperFastMode","The Construct","The Cursed","The Factory","The Jungle","The Runesmith","TheBandit","TheFirefly","TheSwordswoman","TheVacant","Transform Curses","Wandering Minibosses","thorton","vexMod"],"gold_per_floor":[212,230,230,64,64,64,90,90,90,90,90,107,118,150,150,150,150,150],"floor_reached":16,"playtime":1033,"items_purged":[],"score":183,"play_id":"e02fd8e0-90fd-42ca-af8d-e95dadd55863","local_time":"20201218225403","is_ascension_mode":true,"campfire_choices":[{"data":"wariomod:BigUpgrade","floor":6,"key":"SMITH"},{"floor":8,"key":"REST"},{"data":"wariomod:TrekTime","floor":10,"key":"SMITH"},{"data":"wariomod:BoomForm","floor":15,"key":"SMITH"}],"circlet_count":0,"master_deck":["AscendersBane","wariomod:Strike","wariomod:Strike","wariomod:Strike","wariomod:Strike","wariomod:Defend","wariomod:Defend","wariomod:Defend","wariomod:Defend","wariomod:Step","wariomod:Leap","wariomod:BigUpgrade+1","wariomod:OctoJump","Violence","wariomod:TrekTime+1","wariomod:RacingSpeed","wariomod:BoomForm+1"],"relics":["wariomod:TheHat","Strange Spoon","halation:KoshaPiece","ReplayTheSpireMod:Lightbulb","conspire:TopHat"],"acts_visited":["Exordium"],"potions_floor_usage":[7,16,16],"damage_taken":[{"damage":5,"enemies":"Hallownest:2_MossCreeps","floor":1,"turns":6},{"damage":0,"enemies":"Hallownest:monsterHuskGuard","floor":2,"turns":4},{"damage":25,"enemies":"Hallownest:eliteCrystalGuardian","floor":7,"turns":8},{"damage":0,"enemies":"2_ Uuma","floor":12,"turns":7},{"damage":0,"enemies":"Hallownest:MossCreep_and_Mosskin","floor":13,"turns":7},{"damage":14,"enemies":"Hallownest:eliteVengeflyKing","floor":14,"turns":8},{"damage":45,"enemies":"Hallownest:BossFalseKnight","floor":16,"turns":7}],"seed_played":"4124481368335186193","potions_obtained":[{"floor":1,"key":"jedi:StrikingPotion"},{"floor":7,"key":"LifebloodPotion"},{"floor":14,"key":"SneckoOil"}],"is_trial":false,"path_per_floor":["M","M","?","$","?","R","E","R","T","R","$","M","M","E","R","B"],"character_chosen":"THE_BANDIT","items_purchased":["Strange Spoon"],"campfire_rested":1,"item_purchase_floors":[4],"current_hp_per_floor":[60,60,60,60,60,60,35,56,56,56,56,56,56,42,42,0,0,0],"gold":150,"neow_bonus":"HUNDRED_GOLD","is_daily":false,"chose_seed":false,"campfire_upgraded":3,"win_rate":0.0,"timestamp":1608292443,"path_taken":["M","M","?","$","?","R","E","R","T","R","$","M","M","E","R","BOSS"],"items_purchased_type":["Relic"],"build_version":"2020-12-13","purchased_purges":0,"victory":false,"max_hp_per_floor":[72,72,72,72,72,72,72,72,72,72,72,72,72,72,72,72,72,72],"relic_stats":{"Strange Spoon":[35],"counters":[7,47],"obtain_stats":[{"Strange Spoon":4,"wariomod:TheHat":0,"halation:KoshaPiece":7,"ReplayTheSpireMod:Lightbulb":9,"conspire:TopHat":14},{"Strange Spoon":2,"wariomod:TheHat":0,"halation:KoshaPiece":3,"ReplayTheSpireMod:Lightbulb":3,"conspire:TopHat":6},{"Strange Spoon":10,"wariomod:TheHat":0,"halation:KoshaPiece":18,"ReplayTheSpireMod:Lightbulb":18,"conspire:TopHat":40}]},"card_choices":[{"not_picked":["wariomod:BodyBlock","wariomod:SmallSprint"],"picked":"wariomod:BigUpgrade","floor":1},{"not_picked":["wariomod:TheGrandJourney","wariomod:ChargeForth","wariomod:AwfulLook"],"picked":"SKIP","floor":2},{"not_picked":["wariomod:SpaceSwap","wariomod:DisarmingMoves"],"picked":"wariomod:OctoJump","floor":3},{"not_picked":["Replay:Bootleg Shield Generator","Good Instincts"],"picked":"Violence","floor":3},{"not_picked":["wariomod:HastyRush","wariomod:BoomBoom"],"picked":"wariomod:TrekTime","floor":7},{"not_picked":["wariomod:Game","wariomod:SmackSlam"],"picked":"wariomod:RacingSpeed","floor":12},{"not_picked":["wariomod:Hopshield","wariomod:HastyRush","wariomod:AwfulLook"],"picked":"SKIP","floor":13},{"not_picked":["wariomod:SpikeSlash","wariomod:Game"],"picked":"wariomod:BoomForm","floor":14}],"player_experience":1325584,"relics_obtained":[{"floor":7,"key":"halation:KoshaPiece"},{"floor":9,"key":"ReplayTheSpireMod:Lightbulb"},{"floor":14,"key":"conspire:TopHat"}],"event_choices":[],"is_beta":false,"boss_relics":[],"items_purged_floors":[],"is_endless":false,"potions_floor_spawned":[1,7,14],"killed_by":"Hallownest:BossFalseKnight","ascension_level":17}}