{"host":"7r6bd5ce6zscnmwq","time":1608309466,"event":{"mods":["BaseMod","Better Altar","Better Match","Better Note","Better Sensory Stone","Better Skull","Better Third Choice","Better Vampires","Block Reminder","Colored Powertips","Displayed Cursed Tome","Minty Spire (QoL Compilation)","Permanent Neow","Quick Restart","Shop Mod","Spicy Shops","StSLib"],"gold_per_floor":[113,9,28,28,42,42,71,84,84,158,158,186,186,186,186,312,312,327,31,54,69,119,155,155,176,228,252,252,292,307,326,326,326,326],"floor_reached":33,"playtime":1536,"items_purged":["Defend_B"],"score":521,"play_id":"f7db5fc2-517e-4e93-ac43-c84ae2634836","local_time":"20201219013746","is_ascension_mode":true,"campfire_choices":[{"data":"Go for the Eyes","floor":6.0,"key":"SMITH"},{"floor":11.0,"key":"REST"},{"floor":15.0,"key":"REST"},{"data":"1","floor":24.0,"key":"LIFT"},{"data":"2","floor":28.0,"key":"LIFT"},{"floor":32.0,"key":"REST"}],"circlet_count":0,"master_deck":["AscendersBane","Strike_B","Strike_B","Strike_B","Strike_B","Defend_B","Defend_B","Defend_B","Zap+1","Dualcast","Streamline","Go for the Eyes+1","Hologram+1","Reinforced Body","Melter","Hyperbeam","Injury","Fission","Beam Cell+1","Double Energy","Shame","Undo"],"relics":["Cracked Core","MealTicket","Du-Vu Doll","StrikeDummy","Mercury Hourglass","Regal Pillow","Golden Idol","Girya","Cursed Key","FossilizedHelix","Akabeko","Lantern","HornCleat"],"acts_visited":["Exordium","TheCity"],"potions_floor_usage":[33],"damage_taken":[{"damage":2.0,"enemies":"Jaw Worm","floor":1.0,"turns":3.0},{"damage":6.0,"enemies":"2 Louse","floor":3.0,"turns":2.0},{"damage":1.0,"enemies":"Cultist","floor":5.0,"turns":3.0},{"damage":36.0,"enemies":"Lagavulin","floor":7.0,"turns":7.0},{"damage":13.0,"enemies":"Lots of Slimes","floor":8.0,"turns":3.0},{"damage":16.0,"enemies":"Gremlin Nob","floor":12.0,"turns":3.0},{"damage":0.0,"enemies":"Slime Boss","floor":16.0,"turns":7.0},{"damage":0.0,"enemies":"Spheric Guardian","floor":18.0,"turns":2.0},{"damage":5.0,"enemies":"Shell Parasite","floor":20.0,"turns":2.0},{"damage":20.0,"enemies":"Snecko","floor":21.0,"turns":4.0},{"damage":10.0,"enemies":"Slavers","floor":23.0,"turns":2.0},{"damage":0.0,"enemies":"Cultist and Chosen","floor":25.0,"turns":4.0},{"damage":0.0,"enemies":"Shelled Parasite and Fungi","floor":27.0,"turns":2.0},{"damage":14.0,"enemies":"Book of Stabbing","floor":29.0,"turns":4.0},{"damage":0.0,"enemies":"3 Cultists","floor":30.0,"turns":4.0},{"damage":17.0,"enemies":"Chosen and Byrds","floor":31.0,"turns":2.0},{"damage":86,"enemies":"Collector","floor":33,"turns":10}],"seed_played":"837593884112887117","potions_obtained":[{"floor":7.0,"key":"EssenceOfDarkness"},{"floor":12.0,"key":"PotionOfCapacity"},{"floor":16.0,"key":"Dexterity Potion"},{"floor":18.0,"key":"FairyPotion"},{"floor":25.0,"key":"Fruit Juice"},{"floor":29.0,"key":"Regen Potion"},{"floor":31.0,"key":"BlessingOfTheForge"}],"is_trial":false,"path_per_floor":["M","$","M","?","M","R","E","M","T","?","R","E","?","T","R","B",null,"M","$","M","M","?","E","R","M","T","M","R","E","M","M","R","B"],"character_chosen":"DEFECT","items_purchased":["Du-Vu Doll","Go for the Eyes","FossilizedHelix","Akabeko"],"campfire_rested":3,"item_purchase_floors":[2,2,19,19],"current_hp_per_floor":[66,75,69,54,53,53,17,4,4,4,26,10,10,10,47,47,68,68,75,70,50,50,40,40,45,45,45,45,31,31,19,58,0,0],"gold":326,"neow_bonus":"RANDOM_COMMON_RELIC","is_daily":false,"chose_seed":false,"campfire_upgraded":1,"win_rate":0.0,"timestamp":1608309466,"path_taken":["M","$","M","?","M","R","E","M","T","?","R","E","?","?","R","BOSS","M","$","M","M","?","E","R","M","T","M","R","E","?","M","R","BOSS"],"items_purchased_type":["Relic","Card","Relic","Relic"],"build_version":"2020-12-13","purchased_purges":1,"victory":false,"max_hp_per_floor":[75,75,75,75,75,75,75,75,75,75,75,75,75,75,75,75,75,75,75,75,75,75,75,75,80,80,80,80,80,80,80,80,80,80],"card_choices":[{"not_picked":["Redo","Skim"],"picked":"Streamline","floor":1.0},{"not_picked":["Gash","Beam Cell"],"picked":"Hologram","floor":3.0},{"not_picked":["Compile Driver","Self Repair"],"picked":"Reinforced Body","floor":5.0},{"not_picked":["Barrage","White Noise"],"picked":"Melter","floor":7.0},{"not_picked":["Stack","Turbo","Compile Driver"],"picked":"SKIP","floor":8.0},{"not_picked":["Conserve Battery","Ball Lightning"],"picked":"Hyperbeam","floor":12.0},{"not_picked":["Thunder Strike","Echo Form"],"picked":"Fission","floor":16.0},{"not_picked":["Cold Snap","Streamline+1"],"picked":"Beam Cell+1","floor":18.0},{"not_picked":["Ball Lightning+1","Turbo","Cold Snap"],"picked":"SKIP","floor":20.0},{"not_picked":["Redo","Stack","Steam"],"picked":"SKIP","floor":21.0},{"not_picked":["Scrape+1","Stack"],"picked":"Double Energy","floor":23.0},{"not_picked":["Gash","FTL","Force Field"],"picked":"SKIP","floor":25.0},{"not_picked":["Go for the Eyes","Coolheaded","Streamline"],"picked":"SKIP","floor":27.0},{"not_picked":["Beam Cell","Coolheaded","Hologram"],"picked":"SKIP","floor":29.0},{"not_picked":["Lockon","Capacitor","Redo"],"picked":"SKIP","floor":30.0},{"not_picked":["Static Discharge+1","Defragment+1"],"picked":"Undo","floor":31.0}],"player_experience":598828,"relics_obtained":[{"floor":7.0,"key":"StrikeDummy"},{"floor":9.0,"key":"Mercury Hourglass"},{"floor":12.0,"key":"Regal Pillow"},{"floor":14.0,"key":"Girya"},{"floor":23.0,"key":"Lantern"},{"floor":29.0,"key":"HornCleat"}],"event_choices":[{"damage_healed":69.0,"max_hp_gain":0.0,"max_hp_loss":75.0,"gold_gain":0.0,"event_name":"betterThird:BetterShining","player_choice":"Upgrade","floor":4.0,"gold_loss":0.0,"damage_taken":15.0,"cards_upgraded":["Hologram","Zap"]},{"damage_healed":0.0,"max_hp_gain":0.0,"max_hp_loss":0.0,"gold_gain":74.0,"event_name":"Golden Wing","player_choice":"Gained Gold","floor":10.0,"gold_loss":0.0,"damage_taken":0.0},{"damage_healed":0.0,"max_hp_gain":0.0,"max_hp_loss":0.0,"gold_gain":0.0,"event_name":"Golden Idol","player_choice":"Take Wound","floor":13.0,"gold_loss":0.0,"damage_taken":0.0,"relics_obtained":["Golden Idol"],"cards_obtained":["Injury"]},{"damage_healed":0.0,"max_hp_gain":0.0,"max_hp_loss":0.0,"gold_gain":100.0,"event_name":"The Joust","player_choice":"Bet on Murderer","floor":22.0,"gold_loss":50.0,"damage_taken":0.0}],"is_beta":false,"boss_relics":[{"not_picked":["Inserter","Runic Pyramid"],"picked":"Cursed Key"}],"items_purged_floors":[19],"is_endless":false,"potions_floor_spawned":[7,12,16,18,20,25,29,30,31],"killed_by":"Collector","ascension_level":10}}