{"host":"onmzcmq5a68cxj3d","time":1608250710,"event":{"mods":["BaseMod","Colored Map","Minty Spire (QoL Compilation)","Remove Card Discount Mod"],"gold_per_floor":[111,127,139,58,58,58,58,58,58,58,58,58,68,33,33,133,133,152,152,1,13,13,13,13,13],"floor_reached":24,"playtime":1374,"items_purged":["Strike_R","Strike_R","Wraith Form v2","Strike_R"],"score":182,"play_id":"8a0062cd-6484-4e7f-849b-76c4c4fc8f26","local_time":"20201217171830","daily_mods":["Heirloom","Time Dilation","Flight"],"is_ascension_mode":false,"campfire_choices":[{"data":"DevaForm","floor":6.0,"key":"SMITH"},{"data":"Echo Form","floor":7.0,"key":"SMITH"},{"data":"Ghostly Armor","floor":12.0,"key":"SMITH"},{"data":"Demon Form","floor":15.0,"key":"SMITH"},{"data":"Feed","floor":23,"key":"SMITH"}],"circlet_count":0,"master_deck":["Demon Form+1","Echo Form+1","DevaForm+1","Strike_R","Strike_R","Defend_R","Defend_R","Defend_R","Bash","Thunderclap","Cleave","Ghostly Armor+1","Feed+1","Whirlwind","Shrug It Off+1"],"relics":["Unceasing Top","FossilizedHelix","Question Card","Letter Opener","Nloth\u0027s Gift","Lee\u0027s Waffle"],"acts_visited":["Exordium","TheCity"],"potions_floor_usage":[21,21,24],"damage_taken":[{"damage":2.0,"enemies":"Cultist","floor":1.0,"turns":5.0},{"damage":0.0,"enemies":"Jaw Worm","floor":2.0,"turns":5.0},{"damage":7.0,"enemies":"2 Louse","floor":3.0,"turns":4.0},{"damage":25.0,"enemies":"Gremlin Gang","floor":13.0,"turns":5.0},{"damage":8.0,"enemies":"The Guardian","floor":16.0,"turns":8.0},{"damage":51.0,"enemies":"3 Byrds","floor":18.0,"turns":6.0},{"damage":30,"enemies":"2 Thieves","floor":21,"turns":3},{"damage":69,"enemies":"Slavers","floor":24,"turns":4}],"seed_played":"7685480489351453512","potions_obtained":[{"floor":1.0,"key":"SkillPotion"},{"floor":13.0,"key":"LiquidMemories"},{"floor":18.0,"key":"Fire Potion"}],"is_trial":true,"path_per_floor":["M","M","M","$","$","R","R","?","T","T","$","R","M","?","R","B",null,"M","?","$","M","?","R","E"],"character_chosen":"IRONCLAD","items_purchased":["Ghostly Armor","Lee\u0027s Waffle"],"campfire_rested":0,"item_purchase_floors":[4,20],"current_hp_per_floor":[78,78,71,71,71,71,71,71,71,71,71,71,46,66,66,58,80,32,32,90,63,63,63,0,0],"gold":13,"neow_bonus":"","is_daily":false,"chose_seed":false,"campfire_upgraded":5,"win_rate":0.0,"timestamp":1608250710,"path_taken":["M","M","M","$","$","R","R","?","T","?","$","R","?","?","R","BOSS","M","?","$","?","?","R","E"],"items_purchased_type":["Card","Relic"],"build_version":"2020-12-13","purchased_purges":4,"victory":false,"max_hp_per_floor":[80,80,80,80,80,80,80,80,80,80,80,80,80,80,80,80,80,83,83,90,93,93,93,93,93],"card_choices":[{"not_picked":["Dark Embrace","Armaments","Twin Strike"],"picked":"SKIP","floor":1.0},{"not_picked":["Sever Soul","Seeing Red"],"picked":"Thunderclap","floor":2.0},{"not_picked":["Havoc","Spot Weakness"],"picked":"Cleave","floor":3.0},{"not_picked":["Seeing Red+1","Twin Strike","Pommel Strike","Armaments+1"],"picked":"SKIP","floor":13.0},{"not_picked":["Fiend Fire","Berserk","Impervious+1"],"picked":"Feed","floor":16.0},{"not_picked":["Twin Strike","Flame Barrier+1","Rupture"],"picked":"Whirlwind","floor":18.0},{"not_picked":["Heavy Blade","Immolate","Whirlwind+1"],"picked":"Shrug It Off+1","floor":21}],"player_experience":429188,"relics_obtained":[{"floor":9.0,"key":"Letter Opener"},{"floor":10.0,"key":"Toxic Egg 2"}],"event_choices":[{"damage_healed":0.0,"max_hp_gain":0.0,"max_hp_loss":0.0,"gold_gain":0.0,"event_name":"Dead Adventurer","player_choice":"Searched \u00272\u0027 times","floor":8.0,"gold_loss":0.0,"damage_taken":0.0,"relics_obtained":["Question Card"]},{"damage_healed":20.0,"max_hp_gain":0.0,"max_hp_loss":0.0,"gold_gain":0.0,"event_name":"The Cleric","player_choice":"Healed","floor":14.0,"gold_loss":35.0,"damage_taken":0.0},{"damage_healed":0.0,"max_hp_gain":0.0,"max_hp_loss":0.0,"gold_gain":0.0,"event_name":"N\u0027loth","player_choice":"Traded Relic","floor":19.0,"relics_lost":["Toxic Egg 2"],"gold_loss":0.0,"damage_taken":0.0,"relics_obtained":["Nloth\u0027s Gift"]},{"cards_removed":["Defend_R"],"damage_healed":0,"gold_gain":0,"player_choice":"Offered Basic","damage_taken":0,"max_hp_gain":0,"max_hp_loss":0,"event_name":"Bonfire Elementals","floor":22,"gold_loss":0}],"is_beta":false,"boss_relics":[{"not_picked":["Astrolabe","Sozu","Calling Bell"]}],"items_purged_floors":[4,4,4,20],"is_endless":false,"potions_floor_spawned":[1,13,18],"killed_by":"Slavers","ascension_level":0}}