{"host":"4lebci84u2l5u89t","time":1608327216,"event":{"mods":["AchievementEnabler","Aspiration","Bard","BaseMod","Beaked The Cultist","Better Altar","Better Match","Better Note","Better Sensory Stone","Better Skull","Better Third Choice","BetterRewards","CCEM","Colored Map","Conspire","Downfall","GifTheSpireLib","Googly Eyes","Halation","Hermit","Highlight Path","Hubris","Hunter ??","Jedi Mod","Jorbs\u0027s Wanderer Trilogy","Lobotomy","Mad Scientist","Marisa????????","Mimic Mod","Minty Spire (QoL Compilation)","Permanent Neow","Replay The Spire","Shade Mod","Spicy Shops","StSLib","Stuff the Spire","Unceasing Turn Reminder"],"gold_per_floor":[117,117,132,148,223,223,252,266,302,317,335,351,351,366,366,366,366],"floor_reached":16,"playtime":1574,"items_purged":[],"score":106,"play_id":"c9886c5c-7ec4-47f4-9fe0-42d78875082e","local_time":"20201218223336","is_ascension_mode":false,"campfire_choices":[{"data":"MadScienceMod:HideBehindJunk","floor":6,"key":"SMITH"},{"floor":15,"key":"REST"}],"circlet_count":0,"master_deck":["MadScienceMod:Strike_MadScience","MadScienceMod:Strike_MadScience","MadScienceMod:Strike_MadScience","MadScienceMod:Strike_MadScience","MadScienceMod:Defend_MadScience","MadScienceMod:Defend_MadScience","MadScienceMod:Defend_MadScience","MadScienceMod:Defend_MadScience","MadScienceMod:PoweredStrike","MadScienceMod:HideBehindJunk+1","CherryBlossoms","MadScienceMod:Strafe","Injury","Mercenary","MadScienceMod:Poke","Wellcheers","MadScienceMod:ExploreOptions+1","Murderer","OldLady","MadScienceMod:BandageBot","QueenOfHatred","MadScienceMod:OilDrum+1","MadScienceMod:FlameCannon","CrumblingArmor","MadScienceMod:CaptureMomentum+1","MadScienceMod:Sprocket+1","PunishingBird","MadScienceMod:Bombardment+1","Scarecrow"],"relics":["MadScienceMod:FuelTank","CogitoBucket","Toxic Egg 2","Strawberry","Bronze Scales","ResearcherNote","halation:Pancakes","CCEMRelics:OverlyComfyChair"],"acts_visited":["Exordium"],"potions_floor_usage":[8,8,10,14,16],"damage_taken":[{"damage":2,"enemies":"Jaw Worm","floor":1,"turns":4},{"damage":2,"enemies":"Small Slimes","floor":3,"turns":3},{"damage":0,"enemies":"Cultist","floor":4,"turns":3},{"damage":63,"enemies":"3 Sentries","floor":7,"turns":13},{"damage":0,"enemies":"Large Slime","floor":8,"turns":1},{"damage":6,"enemies":"Exordium Wildlife","floor":9,"turns":8},{"damage":12,"enemies":"Exordium Wildlife","floor":10,"turns":5},{"damage":7,"enemies":"3 Louse","floor":11,"turns":3},{"damage":0,"enemies":"Lots of Slimes","floor":12,"turns":2},{"damage":10,"enemies":"Gremlin Gang","floor":14,"turns":5},{"damage":30,"enemies":"Hexaghost","floor":16,"turns":7}],"seed_played":"-3407782920326473625","potions_obtained":[{"floor":1,"key":"Energy Potion"},{"floor":3,"key":"SteroidPotion"},{"floor":7,"key":"AttackPotion"},{"floor":11,"key":"Regen Potion"},{"floor":14,"key":"SneckoOil"}],"is_trial":false,"path_per_floor":["M","?","M","M","?","R","E","M","MIM","M","M","M","?","M","R","B"],"character_chosen":"MAD_SCIENTIST","items_purchased":[],"campfire_rested":1,"item_purchase_floors":[],"current_hp_per_floor":[73,73,71,71,64,64,17,20,17,23,19,19,31,46,70,46,46],"gold":366,"neow_bonus":"","is_daily":false,"chose_seed":false,"campfire_upgraded":1,"win_rate":0.0,"timestamp":1608327216,"path_taken":["M","?","M","M","?","R","E","M","MIM","M","?","M","?","M","R","BOSS"],"items_purchased_type":[],"build_version":"2020-12-13","purchased_purges":0,"victory":false,"max_hp_per_floor":[75,75,75,75,75,75,82,82,82,82,82,82,82,82,82,82,82],"card_choices":[{"not_picked":["SpiderBud","ShyLook"],"picked":"CherryBlossoms","floor":1},{"not_picked":["MadScienceMod:LightOnFire","MadScienceMod:FlammableWall"],"picked":"MadScienceMod:Strafe","floor":1},{"not_picked":["ShyLook","OldLady"],"picked":"Mercenary","floor":3},{"not_picked":["MadScienceMod:LightOnFire","MadScienceMod:FlameCannon"],"picked":"MadScienceMod:Poke","floor":3},{"not_picked":["OldLady","UniverseFragment"],"picked":"Wellcheers","floor":4},{"not_picked":["MadScienceMod:Virus","MadScienceMod:FumeBlast"],"picked":"MadScienceMod:ExploreOptions+1","floor":4},{"not_picked":["LongBird","OldLady"],"picked":"Murderer","floor":7},{"not_picked":["MadScienceMod:Probe","MadScienceMod:Strafe","MadScienceMod:LightOnFire"],"picked":"SKIP","floor":7},{"not_picked":["MadScienceMod:Probe","MadScienceMod:Strafe","MadScienceMod:LightOnFire"],"picked":"SKIP","floor":7},{"not_picked":["BeautyBeast","WallGazer"],"picked":"OldLady","floor":8},{"not_picked":["MadScienceMod:Lightbulb+1","MadScienceMod:Strafe"],"picked":"MadScienceMod:BandageBot","floor":8},{"not_picked":["WallGazer","Variant"],"picked":"QueenOfHatred","floor":9},{"not_picked":["MadScienceMod:LightOnFire","MadScienceMod:SelfDestruct"],"picked":"MadScienceMod:OilDrum+1","floor":9},{"not_picked":["MadScienceMod:ParticleBeam","MadScienceMod:SoftenUp"],"picked":"MadScienceMod:FlameCannon","floor":10},{"not_picked":["Yin","VoidDream"],"picked":"CrumblingArmor","floor":10},{"not_picked":["MadScienceMod:FumeBlast","MadScienceMod:ExploreOptions+1"],"picked":"MadScienceMod:CaptureMomentum+1","floor":11},{"not_picked":["MadScienceMod:NowOrNever+1","MadScienceMod:AcidSpray"],"picked":"MadScienceMod:Sprocket+1","floor":12},{"not_picked":["BlueStar","LaLuna"],"picked":"PunishingBird","floor":12},{"not_picked":["MadScienceMod:Strafe","MadScienceMod:BandageBot"],"picked":"MadScienceMod:Bombardment+1","floor":14},{"not_picked":["Bloodbath","BeautyBeast"],"picked":"Scarecrow","floor":14}],"player_experience":259304,"relics_obtained":[{"floor":7,"key":"Strawberry"},{"floor":9,"key":"Bronze Scales"}],"event_choices":[{"damage_healed":0,"gold_gain":75,"player_choice":"Touch","damage_taken":7,"max_hp_gain":0,"max_hp_loss":0,"event_name":"FaceTrader","floor":5,"gold_loss":0},{"damage_healed":0,"gold_gain":1,"player_choice":"Relic Relic ","damage_taken":48,"max_hp_gain":0,"max_hp_loss":0,"event_name":"betterThird:BetterScrap","floor":13,"gold_loss":0,"cards_obtained":["Electrodynamics"]}],"is_beta":false,"boss_relics":[],"items_purged_floors":[],"is_endless":false,"potions_floor_spawned":[1,3,7,11,14],"killed_by":"Hexaghost","ascension_level":0}}