{"host":"TheHustler","time":1608300152,"event":{"mods":["BaseMod","Block Reminder","Colored Map","Colored Powertips","Minty Spire (QoL Compilation)","Quick Restart","StSLib","SuperFastMode","Unceasing Turn Reminder"],"gold_per_floor":[19,19,32,32,0,0,24,24,79,143,143,10,31,75,75,75,75],"floor_reached":16,"playtime":268,"items_purged":["Strike_R"],"score":186,"play_id":"92a02462-ab61-4119-98dd-baef20d9ec8b","local_time":"20201218150232","is_ascension_mode":true,"campfire_choices":[{"data":"Injury","floor":6,"key":"PURGE"},{"data":"Strike_R","floor":8,"key":"PURGE"},{"data":"Strike_R","floor":11,"key":"PURGE"},{"data":"Strike_R","floor":15,"key":"PURGE"}],"circlet_count":0,"master_deck":["AscendersBane","Strike_R","Defend_R","Defend_R","Defend_R","Defend_R","Bash","Shrug It Off","Rampage","Inflame","Cleave","Seeing Red"],"relics":["Burning Blood","Peace Pipe","Golden Idol","Lantern","Centennial Puzzle","Paper Frog"],"acts_visited":["Exordium"],"potions_floor_usage":[10,14,16],"damage_taken":[{"damage":12,"enemies":"Small Slimes","floor":1,"turns":5},{"damage":1,"enemies":"2 Louse","floor":3,"turns":4},{"damage":13,"enemies":"Jaw Worm","floor":7,"turns":4},{"damage":24,"enemies":"Gremlin Nob","floor":10,"turns":4},{"damage":6,"enemies":"Large Slime","floor":13,"turns":6},{"damage":31,"enemies":"Gremlin Nob","floor":14,"turns":4},{"damage":33,"enemies":"Slime Boss","floor":16,"turns":3}],"seed_played":"-8897014502879798215","potions_obtained":[{"floor":3,"key":"Strength Potion"},{"floor":7,"key":"Block Potion"},{"floor":13,"key":"SteroidPotion"}],"is_trial":false,"path_per_floor":["M","?","M","?","?","R","M","R","T","?","R","$","M","E","R","B"],"character_chosen":"IRONCLAD","items_purchased":["Cleave"],"campfire_rested":0,"item_purchase_floors":[12],"current_hp_per_floor":[62,62,67,67,67,67,60,60,60,42,42,42,42,17,17,0,0],"gold":75,"neow_bonus":"ONE_RARE_RELIC","is_daily":false,"chose_seed":false,"campfire_upgraded":0,"win_rate":0.0,"timestamp":1608300152,"path_taken":["M","?","M","?","?","R","M","R","T","?","R","?","M","E","R","BOSS"],"items_purchased_type":["Card"],"build_version":"2020-12-17","purchased_purges":1,"victory":false,"max_hp_per_floor":[75,75,75,75,75,75,75,75,75,75,75,75,75,75,75,75,75],"card_choices":[{"not_picked":["Blood for Blood","Rage"],"picked":"Shrug It Off","floor":1},{"not_picked":["Sword Boomerang","Evolve","Perfected Strike"],"picked":"SKIP","floor":3},{"not_picked":["Sword Boomerang","True Grit"],"picked":"Rampage","floor":7},{"not_picked":["Rupture","Clothesline"],"picked":"Inflame","floor":10},{"not_picked":["Wild Strike","Flex","Uppercut"],"picked":"SKIP","floor":13},{"not_picked":["Heavy Blade","Cleave"],"picked":"Seeing Red","floor":14}],"player_experience":600907,"relics_obtained":[{"floor":9,"key":"Lantern"},{"floor":10,"key":"Centennial Puzzle"},{"floor":14,"key":"Paper Frog"}],"event_choices":[{"damage_healed":0,"gold_gain":0,"player_choice":"Take Wound","damage_taken":0,"relics_obtained":["Golden Idol"],"max_hp_gain":0,"max_hp_loss":0,"event_name":"Golden Idol","floor":2,"gold_loss":0,"cards_obtained":["Injury"]},{"damage_healed":0,"gold_gain":0,"player_choice":"Ignored","damage_taken":0,"max_hp_gain":0,"max_hp_loss":0,"event_name":"Liars Game","floor":4,"gold_loss":0},{"damage_healed":0,"gold_gain":0,"player_choice":"Left Gold","damage_taken":0,"max_hp_gain":0,"max_hp_loss":0,"event_name":"World of Goop","floor":5,"gold_loss":32},{"damage_healed":0,"gold_gain":30,"player_choice":"Searched \u00272\u0027 times","damage_taken":0,"max_hp_gain":0,"max_hp_loss":0,"event_name":"Dead Adventurer","floor":10,"gold_loss":0}],"is_beta":true,"boss_relics":[],"items_purged_floors":[12],"is_endless":false,"potions_floor_spawned":[3,7,13],"killed_by":"Slime Boss","ascension_level":18}}