{"host":"agbyy69nq62afhwx","time":1608257012,"event":{"mods":["BaseMod","Colored Map","Highlight Path","Keyboard Shortcuts","Minty Spire (QoL Compilation)","Quick Restart","StSLib","everything is the same but u backflip on backflip"],"gold_per_floor":[110,123,143,143,162,162,178,178,178],"floor_reached":8,"playtime":343,"items_purged":[],"score":55,"play_id":"5593eead-ee26-4796-80d9-a09624205668","local_time":"20201218110332","is_ascension_mode":true,"campfire_choices":[{"data":"Acrobatics","floor":6,"key":"SMITH"}],"circlet_count":0,"master_deck":["Strike_G","Strike_G","Strike_G","Strike_G","Defend_G","Defend_G","Defend_G","Defend_G","Defend_G","Survivor","Neutralize","Reflex","Backflip","Acrobatics+1","Tactician"],"relics":["Ring of the Snake","Orichalcum"],"acts_visited":["Exordium"],"potions_floor_usage":[7],"damage_taken":[{"damage":1,"enemies":"Small Slimes","floor":1,"turns":3},{"damage":1,"enemies":"2 Louse","floor":2,"turns":3},{"damage":3,"enemies":"Jaw Worm","floor":3,"turns":7},{"damage":9,"enemies":"Red Slaver","floor":5,"turns":8},{"damage":31,"enemies":"Exordium Wildlife","floor":7,"turns":8},{"damage":0,"enemies":"3 Sentries","floor":8,"turns":1}],"seed_played":"-3862385099775463197","potions_obtained":[{"floor":1,"key":"Explosive Potion"},{"floor":3,"key":"Ancient Potion"}],"is_trial":false,"path_per_floor":["M","M","M","?","M","R","M","E"],"character_chosen":"THE_SILENT","items_purchased":[],"campfire_rested":0,"item_purchase_floors":[],"current_hp_per_floor":[69,68,65,58,49,49,18,18,18],"gold":178,"neow_bonus":"RANDOM_COMMON_RELIC","is_daily":false,"chose_seed":false,"campfire_upgraded":1,"win_rate":0.0,"timestamp":1608257012,"path_taken":["M","M","M","?","M","R","M","E"],"items_purchased_type":[],"build_version":"2020-12-13","purchased_purges":0,"victory":false,"max_hp_per_floor":[70,70,70,70,70,70,70,70,70],"card_choices":[{"not_picked":["Finisher","Backstab"],"picked":"Reflex","floor":1},{"not_picked":["Bane","Quick Slash"],"picked":"Backflip","floor":2},{"not_picked":["Riddle With Holes","Dodge and Roll","Heel Hook"],"picked":"SKIP","floor":3},{"not_picked":["Caltrops","Cloak And Dagger"],"picked":"Acrobatics","floor":5},{"not_picked":["Deadly Poison","Quick Slash"],"picked":"Tactician","floor":7}],"player_experience":308549,"relics_obtained":[],"event_choices":[{"cards_removed":["Strike_G"],"damage_healed":0,"gold_gain":0,"player_choice":"Card Removal","damage_taken":7,"max_hp_gain":0,"max_hp_loss":0,"event_name":"Golden Wing","floor":4,"gold_loss":0}],"is_beta":false,"boss_relics":[],"items_purged_floors":[],"is_endless":false,"potions_floor_spawned":[1,3],"killed_by":"3 Sentries","ascension_level":2}}