{"host":"6p0attdrtjqaih7v","time":1608270249,"event":{"mods":["2.2 Compatiblity","AchievementEnabler","Bard","BaseMod","Better Skull","Better Third Choice","Colored Powertips","Hermit","Highlight Path","Jorbs\u0027s Wanderer Trilogy","Key Reminder","Minty Spire (QoL Compilation)","Permanent Neow","Quick Restart","Random Character Button","Relic Stats","Replay The Spire","StSLib","The Construct"],"gold_per_floor":[112,112,131,142,17,17,52,52,127,161,179,159,159,178,178,250,250,261,261,271,291,216,216,153,153,177,7,37,37,37,51,51,125,125,139,13,13,338,251,281,281,309,309,237,237,237,59,77,77,77],"floor_reached":51,"playtime":3235,"items_purged":["Strike_B","Languid"],"score":1397,"play_id":"fbb34445-f467-472b-ae2f-a25e0c862a0e","local_time":"20201218004409","is_ascension_mode":true,"campfire_choices":[{"data":"Sweeping Beam","floor":6,"key":"SMITH"},{"floor":8,"key":"REST"},{"data":"Static Discharge","floor":13,"key":"SMITH"},{"floor":15,"key":"REST"},{"data":"Defragment","floor":23,"key":"SMITH"},{"data":"Biased Cognition","floor":25,"key":"SMITH"},{"floor":29,"key":"REST"},{"floor":32,"key":"REST"},{"data":"Fission","floor":41,"key":"SMITH"},{"data":"Defragment","floor":45,"key":"SMITH"},{"data":"BasicCrystalCard","floor":49,"key":"SMITH"}],"circlet_count":0,"master_deck":["AscendersBane","Defend_B+2","Defend_B+2","Defend_B+1","Zap+1","Dualcast","Cold Snap","Glacier","Sweeping Beam+1","Cold Snap+1","Static Discharge+1","Doom and Gloom","Compile Driver","Compile Driver","Biased Cognition+1","Cold Snap","Defragment+1","FTL+1","FIFO Queue","Gash","Gash","Fission+1","Steam+1","BasicCrystalCard+1","Defragment+1","Steam","Barrage+1","Capacitor","Hologram+1"],"relics":["Cracked Core","Bag of Marbles","Replay:Bottled Eggs","WingedGreaves","Replay:Drink Me","Ancient Tea Set","Replay:Wax Seal","Bird Faced Urn","Cursed Key","Toolbox","Old Coin","Simple Rune","Pocketwatch","Happy Flower","Whetstone"],"acts_visited":["Exordium","TheCity","TheBeyond"],"potions_floor_usage":[7,16,20,28,50,50],"damage_taken":[{"damage":7,"enemies":"Jaw Worm","floor":1,"turns":2},{"damage":0,"enemies":"Cultist","floor":3,"turns":3},{"damage":2,"enemies":"2 Louse","floor":4,"turns":2},{"damage":33,"enemies":"Gremlin Nob","floor":7,"turns":7},{"damage":10,"enemies":"Lagavulin","floor":10,"turns":9},{"damage":9,"enemies":"Looter","floor":11,"turns":3},{"damage":9,"enemies":"Exordium Thugs","floor":14,"turns":3},{"damage":8,"enemies":"Hexaghost","floor":16,"turns":8},{"damage":11,"enemies":"3 Byrds","floor":18,"turns":7},{"damage":2,"enemies":"Shell Parasite","floor":20,"turns":8},{"damage":7,"enemies":"Snake Plant","floor":21,"turns":3},{"damage":23,"enemies":"Book of Stabbing","floor":28,"turns":6},{"damage":26,"enemies":"3 Cultists","floor":31,"turns":5},{"damage":25,"enemies":"Champ","floor":33,"turns":14},{"damage":7,"enemies":"Orb Walker","floor":35,"turns":5},{"damage":0,"enemies":"Mind Bloom Boss Battle","floor":38,"turns":11},{"damage":11,"enemies":"3 Darklings","floor":39,"turns":7},{"damage":5,"enemies":"Giant Head","floor":40,"turns":10},{"damage":9,"enemies":"Nemesis","floor":42,"turns":8},{"damage":11,"enemies":"Giant Head","floor":44,"turns":9},{"damage":0,"enemies":"4 Shapes","floor":48,"turns":6},{"damage":6,"enemies":"Awakened One","floor":50,"turns":17}],"seed_played":"-194918885659491821","potions_obtained":[{"floor":1,"key":"Fire Potion"},{"floor":2,"key":"LiquidBronze"},{"floor":12,"key":"Energy Potion"},{"floor":21,"key":"ColorlessPotion"},{"floor":38,"key":"FocusPotion"}],"is_trial":false,"path_per_floor":["M","?","M","M","$","R","E","R","T","E","M","?","R","M","R","B",null,"M","?","M","M","?","R","?","R","T","$","E","R","T","M","R","B",null,"M","$","?","?","M","E","R","E","T","E","R","?","$","M","R","B",null],"character_chosen":"DEFECT","items_purchased":["Cold Snap","FTL","FIFO Queue","Toolbox","Block Potion","Capacitor"],"campfire_rested":4,"item_purchase_floors":[5,27,27,36,36,47],"current_hp_per_floor":[57,57,57,55,55,55,22,43,43,33,24,24,24,15,36,28,48,37,23,21,14,14,14,34,34,34,34,11,28,28,6,23,18,49,59,59,59,59,59,59,59,59,59,59,59,59,59,59,59,59],"gold":77,"neow_bonus":"UPGRADE_CARD","is_daily":false,"chose_seed":false,"campfire_upgraded":7,"win_rate":0.0,"timestamp":1608270249,"path_taken":["M","?","M","?","$","R","E","R","T","E","M","?","R","?","R","BOSS","M","?","M","M","?","R","?","R","T","$","E","R","?","M","R","BOSS","M","$","?","?","M","E","R","E","T","E","R","?","$","M","R","BOSS"],"items_purchased_type":["Card","Card","Card","Relic","Potion","Card"],"build_version":"2020-12-13","purchased_purges":2,"victory":true,"max_hp_per_floor":[71,71,71,71,71,71,71,71,71,71,71,71,71,71,71,71,54,54,59,59,59,59,59,59,59,59,59,59,59,59,59,59,59,59,59,59,59,59,59,59,59,59,59,59,59,59,59,59,59,59],"relic_stats":{"Happy Flower":[10],"counters":[22,153],"Bird Faced Urn":[47],"Whetstone":["Cold Snap","FTL"],"Cursed Key":1,"obtain_stats":[{"Happy Flower":43,"Whetstone":44,"Ancient Tea Set":26,"Cursed Key":34,"Old Coin":38,"Bird Faced Urn":30,"Toolbox":36,"Simple Rune":40,"WingedGreaves":10,"Bag of Marbles":7,"Replay:Bottled Eggs":9,"Replay:Wax Seal":28,"Cracked Core":0,"Replay:Drink Me":17,"Pocketwatch":42},{"Happy Flower":19,"Whetstone":20,"Ancient Tea Set":11,"Cursed Key":14,"Old Coin":16,"Bird Faced Urn":12,"Toolbox":15,"Simple Rune":18,"WingedGreaves":5,"Bag of Marbles":4,"Replay:Bottled Eggs":4,"Replay:Wax Seal":12,"Cracked Core":0,"Replay:Drink Me":8,"Pocketwatch":19},{"Happy Flower":121,"Whetstone":130,"Ancient Tea Set":55,"Cursed Key":80,"Old Coin":96,"Bird Faced Urn":61,"Toolbox":85,"Simple Rune":113,"WingedGreaves":23,"Bag of Marbles":14,"Replay:Bottled Eggs":14,"Replay:Wax Seal":61,"Cracked Core":0,"Replay:Drink Me":37,"Pocketwatch":121}],"Pocketwatch":[15]},"card_choices":[{"not_picked":["FIFO Queue","Beam Cell"],"picked":"Cold Snap","floor":1},{"not_picked":["Leap","Chaos"],"picked":"Glacier","floor":3},{"not_picked":["Fusion","Redo"],"picked":"Sweeping Beam","floor":4},{"not_picked":["Skim","Streamline"],"picked":"Static Discharge","floor":7},{"not_picked":["Conserve Battery","Beam Cell"],"picked":"Doom and Gloom","floor":10},{"not_picked":["Redo","Self Repair"],"picked":"Compile Driver","floor":11},{"not_picked":["Beam Cell","Conserve Battery"],"picked":"Compile Driver","floor":14},{"not_picked":["Thunder Strike","Buffer"],"picked":"Biased Cognition","floor":16},{"not_picked":["Redo","Darkness"],"picked":"Cold Snap","floor":18},{"not_picked":["BootSequence","Beam Cell"],"picked":"Defragment","floor":20},{"not_picked":["Hologram","Beam Cell"],"picked":"Self Repair+1","floor":21},{"not_picked":["Steam Power","Storm"],"picked":"Gash","floor":28},{"not_picked":["Ball Lightning","Conserve Battery"],"picked":"Gash","floor":31},{"not_picked":["Thunder Strike","Creative AI"],"picked":"Fission","floor":33},{"not_picked":["Streamline+1","Coolheaded+1"],"picked":"Steam+1","floor":35},{"not_picked":["Coolheaded","BootSequence"],"picked":"BasicCrystalCard","floor":38},{"not_picked":["Genetic Algorithm","Recycle+1"],"picked":"Defragment","floor":39},{"not_picked":["Cold Snap","Rainbow"],"picked":"Steam","floor":40},{"not_picked":["Reprogram+1","ReplaySort"],"picked":"Barrage+1","floor":42},{"not_picked":["BasicCrystalCard","Cold Snap","Fusion"],"picked":"SKIP","floor":44},{"not_picked":["Melter","Auto Shields+1"],"picked":"Hologram+1","floor":48}],"player_experience":868488,"relics_obtained":[{"floor":7,"key":"Bag of Marbles"},{"floor":9,"key":"Replay:Bottled Eggs"},{"floor":10,"key":"WingedGreaves"},{"floor":26,"key":"Ancient Tea Set"},{"floor":28,"key":"Replay:Wax Seal"},{"floor":30,"key":"Bird Faced Urn"},{"floor":38,"key":"Old Coin"},{"floor":40,"key":"Simple Rune"},{"floor":42,"key":"Pocketwatch"},{"floor":43,"key":"Happy Flower"},{"floor":44,"key":"Whetstone"}],"event_choices":[{"damage_healed":0,"gold_gain":0,"player_choice":"Got Potions","damage_taken":0,"max_hp_gain":0,"max_hp_loss":0,"event_name":"Lab","floor":2,"gold_loss":0},{"damage_healed":0,"gold_gain":0,"player_choice":"Bought 1 Potion","damage_taken":0,"max_hp_gain":0,"max_hp_loss":0,"event_name":"The Woman in Blue","floor":12,"gold_loss":0},{"damage_healed":0,"gold_gain":0,"player_choice":"Shed Blood","damage_taken":19,"max_hp_gain":5,"max_hp_loss":0,"event_name":"Forgotten Altar","floor":19,"gold_loss":0},{"cards_removed":["Defend_B"],"damage_healed":0,"gold_gain":0,"player_choice":"Gave Gold","damage_taken":0,"max_hp_gain":0,"max_hp_loss":0,"event_name":"Beggar","floor":22,"gold_loss":75},{"damage_healed":0,"gold_gain":0,"player_choice":"Fight","damage_taken":0,"max_hp_gain":0,"max_hp_loss":0,"event_name":"MindBloom","floor":38,"gold_loss":0},{"cards_removed":["Self Repair"],"damage_healed":0,"gold_gain":0,"player_choice":"Removed Power","damage_taken":0,"max_hp_gain":0,"max_hp_loss":0,"event_name":"Falling","floor":46,"gold_loss":0}],"is_beta":false,"boss_relics":[{"not_picked":["Snecko Heart","SlaversCollar"],"picked":"Replay:Drink Me"},{"not_picked":["Ring of Chaos","Replay:Ancient Bell"],"picked":"Cursed Key"}],"items_purged_floors":[5,47],"is_endless":false,"potions_floor_spawned":[1,3,14,21,38,40,42],"ascension_level":18}}