{"host":"9c969dq3azt3tjy5","time":1608286354,"event":{"mods":["AchievementEnabler","BaseMod","Colored Powertips","Minty Spire (QoL Compilation)","Quick Restart","Rare Cards Sparkle","Waifu the Spire"],"gold_per_floor":[111,111,111,132,132,171,189,189,240,252,208,220,245,272,284,425,437,472,484,344,443,196,196,196,215,215,239,259,283,283,303,303,431,431,447,463,338,361,461,461,4,18,43,61,61,0,0,20,20,20,20,20,20,60,60,60],"floor_reached":55,"playtime":2695,"items_purged":["Strike_G","Strike_G","Malaise","Well Laid Plans"],"score":719,"play_id":"2d88b692-ee00-417f-9756-0e586098bbcf","local_time":"20201218221234","is_ascension_mode":false,"campfire_choices":[{"data":"Neutralize","floor":8,"key":"SMITH"},{"data":"Survivor","floor":10,"key":"SMITH"},{"floor":12,"key":"REST"},{"data":"Cloak And Dagger","floor":15,"key":"SMITH"},{"data":"Accuracy","floor":23,"key":"SMITH"},{"data":"Cloak And Dagger","floor":30,"key":"SMITH"},{"data":"Footwork","floor":32,"key":"SMITH"},{"data":"Storm of Steel","floor":40,"key":"SMITH"},{"floor":45,"key":"RECALL"},{"data":"Blade Dance","floor":47,"key":"SMITH"},{"floor":49,"key":"REST"},{"data":"Accuracy","floor":52,"key":"SMITH"}],"circlet_count":0,"master_deck":["Survivor+1","Neutralize+1","Cloak And Dagger+1","Cloak And Dagger+1","Slice","CurseOfTheBell","Footwork+1","Accuracy+1","Cloak And Dagger+1","Accuracy+1","Cloak And Dagger","Backflip+1","Venomology","Storm of Steel","Dash","Catalyst","Storm of Steel+1","Corpse Explosion","PiercingWail","Backflip+1","Terror+1","Blade Dance+1"],"relics":["Ring of the Snake","NeowsBlessing","Golden Idol","Centennial Puzzle","MawBank","Bird Faced Urn","Calling Bell","Pen Nib","Pantograph","Pocketwatch","Lantern","Happy Flower","Pandora\u0027s Box","Ginger","Red Mask","Paper Crane"],"acts_visited":["Exordium","TheCity","TheBeyond","TheEnding"],"potions_floor_usage":[16,28,33,35,36,38,42,48,50,50,50,50,50,55,55,55],"damage_taken":[{"damage":0,"enemies":"Jaw Worm","floor":1,"turns":1},{"damage":0,"enemies":"Small Slimes","floor":4,"turns":1},{"damage":0,"enemies":"Gremlin Nob","floor":6,"turns":1},{"damage":0,"enemies":"2 Louse","floor":7,"turns":2},{"damage":11,"enemies":"Gremlin Gang","floor":13,"turns":5},{"damage":1,"enemies":"Looter","floor":14,"turns":3},{"damage":42,"enemies":"Slime Boss","floor":16,"turns":14},{"damage":7,"enemies":"Shell Parasite","floor":18,"turns":6},{"damage":9,"enemies":"Chosen","floor":25,"turns":5},{"damage":12,"enemies":"Shelled Parasite and Fungi","floor":27,"turns":4},{"damage":3,"enemies":"Chosen and Byrds","floor":28,"turns":5},{"damage":11,"enemies":"Snake Plant","floor":29,"turns":5},{"damage":0,"enemies":"Centurion and Healer","floor":31,"turns":8},{"damage":28,"enemies":"Champ","floor":33,"turns":11},{"damage":17,"enemies":"3 Darklings","floor":35,"turns":2},{"damage":4,"enemies":"3 Shapes","floor":36,"turns":3},{"damage":11,"enemies":"Maw","floor":38,"turns":7},{"damage":7,"enemies":"Transient","floor":42,"turns":5},{"damage":0,"enemies":"3 Darklings","floor":44,"turns":1},{"damage":15,"enemies":"Maw","floor":48,"turns":4},{"damage":66,"enemies":"Awakened One","floor":50,"turns":8},{"damage":37,"enemies":"Shield and Spear","floor":54,"turns":3},{"damage":82,"enemies":"The Heart","floor":55,"turns":6}],"seed_played":"6789864099900943854","potions_obtained":[{"floor":4,"key":"Dexterity Potion"},{"floor":7,"key":"FairyPotion"},{"floor":13,"key":"BlessingOfTheForge"},{"floor":25,"key":"AttackPotion"},{"floor":33,"key":"CunningPotion"},{"floor":35,"key":"Dexterity Potion"}],"is_trial":false,"path_per_floor":["M","?","?","M","?","E","M","R","T","R","?","R","M","M","R","B",null,"M","?","$","?","$","R","?","M","T","M","M","M","R","M","R","B",null,"M","M","$","M","?","R","$","M","T","M","R","?","R","M","R","B",null,"R","$","E","B"],"character_chosen":"THE_SILENT","items_purchased":["Accuracy","Lantern","Ginger"],"campfire_rested":2,"item_purchase_floors":[20,22,41],"current_hp_per_floor":[70,56,56,56,56,56,56,56,56,56,56,65,54,53,53,11,65,58,58,58,58,58,58,58,53,53,45,48,43,43,49,49,37,65,48,48,48,43,43,43,43,42,42,44,44,44,44,35,54,1,65,65,65,28,0,0],"gold":60,"neow_bonus":"THREE_ENEMY_KILL","is_daily":false,"chose_seed":false,"campfire_upgraded":9,"win_rate":0.0,"timestamp":1608286354,"path_taken":["M","?","?","M","?","E","?","R","T","R","?","R","?","M","R","BOSS","M","?","$","?","?","R","?","M","T","?","M","M","R","M","R","BOSS","M","M","$","M","?","R","$","?","T","M","R","?","R","M","R","BOSS","R","$","E","BOSS"],"items_purchased_type":["Card","Relic","Relic"],"build_version":"2020-12-13","purchased_purges":4,"victory":false,"max_hp_per_floor":[70,70,65,65,65,65,65,65,65,65,65,65,65,65,65,65,65,65,65,65,65,65,65,65,65,65,65,65,65,65,65,65,65,65,65,65,65,65,65,65,65,65,65,65,65,65,65,65,65,65,65,65,65,65,65,65],"card_choices":[{"not_picked":["Sucker Punch","Underhanded Strike","Flying Knee"],"picked":"SKIP","floor":1},{"not_picked":["Quick Slash","Dodge and Roll"],"picked":"Cloak And Dagger","floor":4},{"not_picked":["Envenom","Riddle With Holes","Well Laid Plans"],"picked":"SKIP","floor":6},{"not_picked":["Crippling Poison","Quick Slash","PiercingWail"],"picked":"SKIP","floor":7},{"not_picked":["Sucker Punch","Deflect"],"picked":"Cloak And Dagger","floor":13},{"not_picked":["Deflect","Deadly Poison"],"picked":"Slice","floor":14},{"not_picked":["Leg Sweep+1","Infinite Blades","Calculated Gamble"],"picked":"SKIP","floor":18},{"not_picked":["Bane","Acrobatics"],"picked":"Cloak And Dagger","floor":25},{"not_picked":["All Out Attack","Distraction+1"],"picked":"Accuracy","floor":27},{"not_picked":["Dagger Throw","Well Laid Plans"],"picked":"Cloak And Dagger","floor":28},{"not_picked":["Dagger Spray","Distraction","Underhanded Strike"],"picked":"SKIP","floor":29},{"not_picked":["Deflect","Dash"],"picked":"Backflip+1","floor":31},{"not_picked":["Storm of Steel","Glass Knife"],"picked":"Venomology","floor":33},{"not_picked":["Slice+1","Infinite Blades"],"picked":"Backflip+1","floor":35},{"not_picked":["Masterful Stab+1","Bane+1","Acrobatics"],"picked":"SKIP","floor":36},{"not_picked":["Infinite Blades+1","A Thousand Cuts"],"picked":"Terror+1","floor":38},{"not_picked":["Masterful Stab","Deadly Poison+1","Acrobatics"],"picked":"SKIP","floor":42},{"not_picked":["Deflect+1","Accuracy"],"picked":"Blade Dance","floor":44},{"not_picked":["Underhanded Strike","Flying Knee","A Thousand Cuts"],"picked":"SKIP","floor":48},{"not_picked":["Deflect","Well Laid Plans","Dagger Spray"],"picked":"SKIP","floor":54}],"player_experience":174018,"relics_obtained":[{"floor":6,"key":"Centennial Puzzle"},{"floor":9,"key":"MawBank"},{"floor":17,"key":"Pen Nib"},{"floor":17,"key":"Pantograph"},{"floor":17,"key":"Pocketwatch"},{"floor":26,"key":"Happy Flower"},{"floor":54,"key":"Paper Crane"}],"event_choices":[{"damage_healed":0,"gold_gain":0,"player_choice":"Entered Light","damage_taken":14,"max_hp_gain":0,"max_hp_loss":0,"event_name":"Shining Light","floor":2,"gold_loss":0,"cards_upgraded":["Strike_G","Strike_G"]},{"damage_healed":0,"gold_gain":0,"player_choice":"Lose Max HP","damage_taken":0,"relics_obtained":["Golden Idol"],"max_hp_gain":0,"max_hp_loss":5,"event_name":"Golden Idol","floor":3,"gold_loss":0},{"damage_healed":0,"gold_gain":0,"player_choice":"Grow","damage_taken":0,"max_hp_gain":0,"max_hp_loss":0,"event_name":"Living Wall","floor":5,"gold_loss":0,"cards_upgraded":["Cloak And Dagger"]},{"damage_healed":0,"gold_gain":0,"player_choice":"Paid Gold","damage_taken":0,"relics_obtained":["Bird Faced Urn"],"max_hp_gain":0,"max_hp_loss":0,"event_name":"WeMeetAgain","floor":11,"gold_loss":56},{"damage_healed":0,"gold_gain":0,"player_choice":"Read","damage_taken":0,"max_hp_gain":0,"max_hp_loss":0,"event_name":"The Library","floor":19,"gold_loss":0,"cards_obtained":["Footwork"]},{"damage_healed":0,"gold_gain":99,"player_choice":"Stole From Cult","damage_taken":0,"max_hp_gain":0,"max_hp_loss":0,"event_name":"Nest","floor":21,"gold_loss":0},{"damage_healed":0,"gold_gain":0,"player_choice":"Ignored","damage_taken":0,"max_hp_gain":0,"max_hp_loss":0,"event_name":"Vampires","floor":24,"gold_loss":0},{"damage_healed":0,"gold_gain":100,"player_choice":"Pray","damage_taken":0,"max_hp_gain":0,"max_hp_loss":0,"event_name":"Golden Shrine","floor":39,"gold_loss":0},{"damage_healed":0,"gold_gain":0,"player_choice":"Paid","damage_taken":0,"relics_obtained":["Red Mask"],"max_hp_gain":0,"max_hp_loss":0,"event_name":"Tomb of Lord Red Mask","floor":46,"gold_loss":61}],"is_beta":false,"boss_relics":[{"not_picked":["Coffee Dripper","Ring of the Serpent"],"picked":"Calling Bell"},{"not_picked":["Fusion Hammer","Sozu"],"picked":"Pandora\u0027s Box"}],"items_purged_floors":[20,22,37,41],"is_endless":false,"potions_floor_spawned":[4,7,13,25,33,35,38],"killed_by":"The Heart","ascension_level":0}}