{"host":"2e3z4r48quhw80cc","time":1608271958,"event":{"mods":["BaseMod","Minty Spire (QoL Compilation)","Quick Restart","StSLib","SuperFastMode"],"gold_per_floor":[109,109,121,121,71,105,117,140,230,242,270,309,334,366,378,491,503,535,747,778,294,317,317,161,161,161,192,192,192,192,227,227,325,325,343,354,31,31,49,49,0,10,10,10,10,10,37,56,56,56],"floor_reached":51,"playtime":1613,"items_purged":["Strike_R"],"score":996,"play_id":"a6a65176-9594-4872-9c18-49710c48fea5","local_time":"20201218151238","is_ascension_mode":true,"campfire_choices":[{"data":"Shockwave","floor":7.0,"key":"SMITH"},{"data":"Sword Boomerang","floor":10.0,"key":"SMITH"},{"data":"Rampage","floor":15.0,"key":"SMITH"},{"data":"Apotheosis","floor":23.0,"key":"SMITH"},{"data":"Enlightenment","floor":25.0,"key":"SMITH"},{"data":"Disarm","floor":30.0,"key":"SMITH"},{"data":"Barricade","floor":32.0,"key":"SMITH"},{"floor":40.0,"key":"REST"},{"data":"Impervious","floor":45.0,"key":"SMITH"},{"data":"Flex","floor":49.0,"key":"SMITH"}],"circlet_count":0,"master_deck":["Bash+1","Flex+1","Carnage","Cleave+1","Shockwave+1","Sword Boomerang+1","Pommel Strike","Rampage+1","Disarm+1","Feed","Second Wind","Apotheosis+1","Enlightenment+1","Combust","Barricade+1","Shrug It Off","Impervious+1","Ghostly Armor","Perfected Strike","Offering","Disarm+1","Feel No Pain+1","Panacea","Good Instincts","Forethought","Flame Barrier+1"],"relics":["Burning Blood","NeowsBlessing","MawBank","Pantograph","Oddly Smooth Stone","Velvet Choker","Happy Flower","Ancient Tea Set","Centennial Puzzle","Ice Cream","Vajra","Pear","Pandora\u0027s Box","Frozen Egg 2","Red Mask","Letter Opener","StoneCalendar","Nunchaku"],"acts_visited":["Exordium","TheCity","TheBeyond"],"potions_floor_usage":[50,50,50],"damage_taken":[{"damage":0.0,"enemies":"Jaw Worm","floor":1.0,"turns":1.0},{"damage":0.0,"enemies":"Small Slimes","floor":3.0,"turns":1.0},{"damage":0.0,"enemies":"Gremlin Nob","floor":6.0,"turns":1.0},{"damage":0.0,"enemies":"Cultist","floor":8.0,"turns":2.0},{"damage":8.0,"enemies":"Large Slime","floor":11.0,"turns":4.0},{"damage":4.0,"enemies":"Exordium Thugs","floor":13.0,"turns":4.0},{"damage":14.0,"enemies":"Blue Slaver","floor":14.0,"turns":4.0},{"damage":37.0,"enemies":"Hexaghost","floor":16.0,"turns":8.0},{"damage":12.0,"enemies":"Chosen","floor":18.0,"turns":5.0},{"damage":28.0,"enemies":"Spheric Guardian","floor":20.0,"turns":6.0},{"damage":10.0,"enemies":"Book of Stabbing","floor":27.0,"turns":5.0},{"damage":5.0,"enemies":"Slavers","floor":31.0,"turns":4.0},{"damage":0.0,"enemies":"Champ","floor":33.0,"turns":10.0},{"damage":17.0,"enemies":"3 Shapes","floor":35.0,"turns":5.0},{"damage":14.0,"enemies":"3 Darklings","floor":36.0,"turns":4.0},{"damage":52.0,"enemies":"Sphere and 2 Shapes","floor":39.0,"turns":7.0},{"damage":22.0,"enemies":"4 Shapes","floor":42.0,"turns":5.0},{"damage":63.0,"enemies":"Nemesis","floor":47.0,"turns":7.0},{"damage":15.0,"enemies":"Transient","floor":48.0,"turns":5.0},{"damage":12,"enemies":"Time Eater","floor":50,"turns":15}],"seed_played":"-1446823165596597984","potions_obtained":[{"floor":13.0,"key":"BlessingOfTheForge"},{"floor":14.0,"key":"EntropicBrew"},{"floor":20.0,"key":"SpeedPotion"},{"floor":27.0,"key":"SneckoOil"},{"floor":31.0,"key":"Dexterity Potion"},{"floor":42.0,"key":"BloodPotion"}],"is_trial":false,"path_per_floor":["M","?","M","?","?","E","R","M","T","R","M","T","M","M","R","B",null,"M","?","M","$","T","R","$","R","T","E","?","?","R","E","R","B",null,"M","M","$","?","M","R","?","M","T","T","R","?","E","M","R","B",null],"character_chosen":"IRONCLAD","items_purchased":["Apotheosis","Happy Flower","Ancient Tea Set","Enlightenment","Frozen Egg 2","Feel No Pain+1"],"campfire_rested":1,"item_purchase_floors":[21,21,21,24,37,37],"current_hp_per_floor":[80,80,80,64,64,70,70,76,76,76,74,74,76,68,68,49,80,77,77,58,58,58,58,58,58,58,54,54,54,54,68,68,99,99,92,84,84,74,32,64,64,74,74,74,74,121,64,55,55,74],"gold":56,"neow_bonus":"THREE_ENEMY_KILL","is_daily":false,"chose_seed":false,"campfire_upgraded":9,"win_rate":0.0,"timestamp":1608271958,"path_taken":["M","?","M","?","?","E","R","M","T","R","?","?","M","?","R","BOSS","M","?","M","$","?","R","?","R","T","E","?","?","R","E","R","BOSS","M","M","$","?","M","R","?","M","T","?","R","?","E","M","R","BOSS"],"items_purchased_type":["Card","Relic","Relic","Card","Relic","Card"],"build_version":"2020-12-13","purchased_purges":1,"victory":true,"max_hp_per_floor":[80,80,80,80,80,80,80,80,80,80,80,80,80,80,80,80,80,83,83,86,86,86,86,86,86,86,86,86,86,86,99,99,99,99,103,103,103,103,107,107,107,111,111,111,111,121,121,121,121,121],"card_choices":[{"not_picked":["Sword Boomerang","Thunderclap"],"picked":"Flex","floor":1.0},{"not_picked":["Anger","Flex"],"picked":"Cleave","floor":3.0},{"not_picked":["Shrug It Off","Clash"],"picked":"Shockwave","floor":6.0},{"not_picked":["Havoc","Shrug It Off"],"picked":"Sword Boomerang","floor":8.0},{"not_picked":["Headbutt","Heavy Blade"],"picked":"Pommel Strike","floor":11.0},{"not_picked":["Dark Embrace","Brutality"],"picked":"Rampage","floor":13.0},{"not_picked":["Wild Strike","Hemokinesis"],"picked":"Disarm","floor":14.0},{"not_picked":["Berserk","Exhume"],"picked":"Feed","floor":16.0},{"not_picked":["Flex","Clash","Headbutt"],"picked":"SKIP","floor":18.0},{"not_picked":["Anger","Perfected Strike"],"picked":"Second Wind","floor":20.0},{"not_picked":["Iron Wave+1","Rampage","Wild Strike"],"picked":"SKIP","floor":27.0},{"not_picked":["Second Wind","Hemokinesis"],"picked":"Shrug It Off","floor":31.0},{"not_picked":["Feed","Barricade"],"picked":"Impervious","floor":33.0},{"not_picked":["Armaments","Warcry+1"],"picked":"Disarm+1","floor":35.0},{"not_picked":["Uppercut","Headbutt","Twin Strike"],"picked":"SKIP","floor":36.0},{"not_picked":["Madness","Mayhem+1"],"picked":"Panacea","floor":38.0},{"not_picked":["Impatience","Violence"],"picked":"Good Instincts","floor":38.0},{"not_picked":["Jack Of All Trades","Impatience"],"picked":"Forethought","floor":38.0},{"not_picked":["Clash","Bloodletting","Pommel Strike"],"picked":"SKIP","floor":39.0},{"not_picked":["Warcry","Twin Strike+1","Evolve+1"],"picked":"SKIP","floor":42.0},{"not_picked":["Rampage+1","Carnage","Brutality+1"],"picked":"SKIP","floor":47.0},{"not_picked":["Flex","Twin Strike"],"picked":"Flame Barrier+1","floor":48.0}],"player_experience":74831,"relics_obtained":[{"floor":6.0,"key":"MawBank"},{"floor":9.0,"key":"Pantograph"},{"floor":12.0,"key":"Oddly Smooth Stone"},{"floor":22.0,"key":"Centennial Puzzle"},{"floor":26.0,"key":"Ice Cream"},{"floor":27.0,"key":"Vajra"},{"floor":31.0,"key":"Pear"},{"floor":43.0,"key":"Letter Opener"},{"floor":44.0,"key":"StoneCalendar"},{"floor":47.0,"key":"Nunchaku"}],"event_choices":[{"damage_healed":0.0,"max_hp_gain":0.0,"max_hp_loss":0.0,"gold_gain":0.0,"cards_transformed":["Strike_R"],"event_name":"Living Wall","player_choice":"Change","floor":2.0,"gold_loss":0.0,"damage_taken":0.0,"cards_obtained":["Carnage"]},{"damage_healed":0.0,"max_hp_gain":0.0,"max_hp_loss":0.0,"gold_gain":0.0,"event_name":"Shining Light","player_choice":"Entered Light","floor":4.0,"gold_loss":0.0,"damage_taken":16.0,"cards_upgraded":["Cleave","Bash"]},{"cards_removed":["Strike_R"],"damage_healed":0.0,"max_hp_gain":0.0,"max_hp_loss":0.0,"gold_gain":0.0,"event_name":"The Cleric","player_choice":"Card Removal","floor":5.0,"gold_loss":50.0,"damage_taken":0.0},{"damage_healed":0.0,"max_hp_gain":0.0,"max_hp_loss":0.0,"gold_gain":250.0,"event_name":"The Joust","player_choice":"Bet on Owner","floor":19.0,"gold_loss":50.0,"damage_taken":0.0},{"damage_healed":0.0,"max_hp_gain":0.0,"max_hp_loss":0.0,"gold_gain":0.0,"event_name":"Ghosts","player_choice":"Ignored","floor":28.0,"gold_loss":0.0,"damage_taken":0.0},{"damage_healed":0.0,"max_hp_gain":0.0,"max_hp_loss":0.0,"gold_gain":0.0,"cards_transformed":["Strike_R","Defend_R"],"event_name":"Drug Dealer","player_choice":"Became Test Subject","floor":29.0,"gold_loss":0.0,"damage_taken":0.0,"cards_obtained":["Combust","Barricade"]},{"damage_healed":0.0,"max_hp_gain":0.0,"max_hp_loss":0.0,"gold_gain":0.0,"event_name":"SensoryStone","player_choice":"Memory 3","floor":38.0,"gold_loss":0.0,"damage_taken":10.0},{"damage_healed":0.0,"max_hp_gain":0.0,"max_hp_loss":0.0,"gold_gain":0.0,"event_name":"Tomb of Lord Red Mask","player_choice":"Paid","floor":41.0,"gold_loss":49.0,"damage_taken":0.0,"relics_obtained":["Red Mask"]},{"cards_removed":["Barricade"],"damage_healed":37.0,"max_hp_gain":10.0,"max_hp_loss":0.0,"gold_gain":0.0,"event_name":"Bonfire Elementals","player_choice":"Offered Rare","floor":46.0,"gold_loss":0.0,"damage_taken":0.0}],"is_beta":false,"boss_relics":[{"not_picked":["Fusion Hammer","Calling Bell"],"picked":"Velvet Choker"},{"not_picked":["Snecko Eye","Sozu"],"picked":"Pandora\u0027s Box"}],"items_purged_floors":[24],"is_endless":false,"potions_floor_spawned":[13,14,20,27,31,36,42],"ascension_level":3}}