{"host":"0kaxg9rjckhp4v2r","time":1608320236,"event":{"mods":["AchievementEnabler","BaseMod","Bestiary","Better Altar","Better Match","Better Note","Better Sensory Stone","Better Silent Start","Better Skull","Better Third Choice","Better-Laid Plans","Colored Powertips","Disable Question Mark Monsters","Emptier Cage","Minty Spire (QoL Compilation)","Quick Restart","SacredBarkPlus","StSLib","The Dragon Tamer","Unceasing Turn Reminder","yUi"],"gold_per_floor":[359,378,388,158,158,158,177,190,190,204,204,220,64,76,76,175,225,238,64,64,64,76,91,190,221,266,266,301,317,348,366,366,467,467,486,69,69,86,106,122,134,167,191,224,234,234,234,261,261,261],"floor_reached":51,"playtime":2553,"items_purged":["Strike_G","Defend_G"],"score":1185,"play_id":"292e7d6b-265a-4036-b627-4065da03c226","local_time":"20201218143716","is_ascension_mode":true,"campfire_choices":[{"data":"Neutralize","floor":6,"key":"SMITH"},{"data":"Cloak And Dagger","floor":11,"key":"SMITH"},{"data":"Envenom","floor":15,"key":"SMITH"},{"data":"Footwork","floor":27,"key":"SMITH"},{"data":"A Thousand Cuts","floor":32,"key":"SMITH"},{"data":"Backflip","floor":46,"key":"SMITH"},{"floor":49,"key":"REST"}],"circlet_count":0,"master_deck":["Strike_G","Strike_G","Strike_G","Defend_G","Defend_G","Defend_G","Survivor+1","Neutralize+1","Backstab","Slice","Cloak And Dagger+1","Backflip+1","PiercingWail","Blade Dance","Escape Plan","Footwork+1","Escape Plan","Envenom+1","A Thousand Cuts+1","All Out Attack","Deflect+1","Escape Plan","Acrobatics","Dodge and Roll","Cloak And Dagger+1","Finisher","CurseOfTheBell","Blur+1","Distraction+1","Prepared+1","Adrenaline","Backflip+1","Sucker Punch+1","Reflex+1","Deflect+1","Heel Hook","Escape Plan","Caltrops+1"],"relics":["Ring of the Snake","Oddly Smooth Stone","Shuriken","Tiny House","MutagenicStrength","Enchiridion","Red Mask","Bag of Preparation","Bottled Lightning","Darkstone Periapt","Calling Bell","Juzu Bracelet","Mercury Hourglass","Dead Branch","Kunai","Orrery","Strawberry","Boot","Ginger","Incense Burner"],"acts_visited":["Exordium","TheCity","TheBeyond"],"potions_floor_usage":[40],"damage_taken":[{"damage":9,"enemies":"Cultist","floor":1,"turns":6},{"damage":0,"enemies":"2 Louse","floor":2,"turns":2},{"damage":2,"enemies":"Jaw Worm","floor":3,"turns":4},{"damage":15,"enemies":"Large Slime","floor":7,"turns":9},{"damage":0,"enemies":"3 Louse","floor":8,"turns":3},{"damage":0,"enemies":"Looter","floor":10,"turns":3},{"damage":0,"enemies":"2 Fungi Beasts","floor":12,"turns":3},{"damage":0,"enemies":"Blue Slaver","floor":14,"turns":2},{"damage":0,"enemies":"Hexaghost","floor":16,"turns":8},{"damage":0,"enemies":"Shell Parasite","floor":18,"turns":6},{"damage":0,"enemies":"Chosen","floor":22,"turns":3},{"damage":18,"enemies":"Centurion and Healer","floor":23,"turns":6},{"damage":5,"enemies":"Masked Bandits","floor":25,"turns":4},{"damage":10,"enemies":"Book of Stabbing","floor":28,"turns":5},{"damage":13,"enemies":"Cultist and Chosen","floor":29,"turns":8},{"damage":0,"enemies":"Gremlin Leader","floor":30,"turns":5},{"damage":8,"enemies":"3 Cultists","floor":31,"turns":4},{"damage":31,"enemies":"Automaton","floor":33,"turns":8},{"damage":14,"enemies":"3 Shapes","floor":35,"turns":3},{"damage":0,"enemies":"Orb Walker","floor":38,"turns":1},{"damage":0,"enemies":"Sphere and 2 Shapes","floor":39,"turns":4},{"damage":8,"enemies":"Writhing Mass","floor":40,"turns":8},{"damage":0,"enemies":"3 Darklings","floor":41,"turns":3},{"damage":1,"enemies":"Reptomancer","floor":42,"turns":6},{"damage":0,"enemies":"Giant Head","floor":44,"turns":6},{"damage":0,"enemies":"Jaw Worm Horde","floor":45,"turns":3},{"damage":3,"enemies":"Reptomancer","floor":48,"turns":4},{"damage":5,"enemies":"Donu and Deca","floor":50,"turns":7}],"seed_played":"-7602749611603606420","potions_obtained":[{"floor":1,"key":"FairyPotion"},{"floor":8,"key":"Explosive Potion"},{"floor":10,"key":"SkillPotion"},{"floor":17,"key":"FairyPotion"},{"floor":25,"key":"FairyPotion"},{"floor":33,"key":"DuplicationPotion"},{"floor":35,"key":"SkillPotion"},{"floor":40,"key":"BlessingOfTheForge"}],"is_trial":false,"path_per_floor":["M","M","M","$","?","R","M","M","T","M","R","M","$","M","R","B",null,"M","$","?","?","M","M","?","?","T","R","E","M","E","M","R","B",null,"M","$","?","M","M","M","M","E","T","E","M","R","?","E","R","B",null],"character_chosen":"THE_SILENT","items_purchased":["Oddly Smooth Stone","Footwork","Escape Plan","Escape Plan","Kunai","Orrery"],"campfire_rested":1,"item_purchase_floors":[4,13,13,19,36,36],"current_hp_per_floor":[40,40,38,38,42,42,27,27,27,27,27,27,27,27,27,27,64,64,64,64,48,48,30,30,25,25,25,15,2,2,16,16,22,68,54,54,54,54,54,46,46,52,52,52,52,52,52,49,74,69],"gold":261,"neow_bonus":"TWO_FIFTY_GOLD","is_daily":false,"chose_seed":false,"campfire_upgraded":6,"win_rate":0.0,"timestamp":1608320236,"path_taken":["M","M","?","$","?","R","M","M","T","M","R","M","$","M","R","BOSS","M","$","?","?","M","M","?","?","T","R","E","M","E","M","R","BOSS","M","$","?","M","M","M","M","E","T","E","M","R","?","E","R","BOSS"],"items_purchased_type":["Relic","Card","Card","Card","Relic","Relic"],"build_version":"2020-12-13","purchased_purges":2,"victory":true,"max_hp_per_floor":[70,70,70,70,70,70,70,70,70,70,70,70,70,70,70,70,75,75,75,75,75,75,75,75,75,75,75,75,75,75,75,75,75,81,81,81,81,81,81,81,81,88,88,88,88,88,84,84,84,84],"card_choices":[{"not_picked":["Setup","Flying Knee"],"picked":"Backstab","floor":1},{"not_picked":["Deadly Poison","Underhanded Strike"],"picked":"Slice","floor":2},{"not_picked":["Blade Dance","Slice"],"picked":"Cloak And Dagger","floor":3},{"not_picked":["Backstab","Setup"],"picked":"Backflip","floor":7},{"not_picked":["Bane","Deadly Poison"],"picked":"PiercingWail","floor":8},{"not_picked":["Acrobatics","Outmaneuver"],"picked":"Blade Dance","floor":10},{"not_picked":["Underhanded Strike","Deadly Poison"],"picked":"Escape Plan","floor":12},{"not_picked":["Underhanded Strike","Quick Slash"],"picked":"Envenom","floor":14},{"not_picked":["Unload","Malaise"],"picked":"A Thousand Cuts","floor":16},{"not_picked":["Accuracy","Backflip"],"picked":"All Out Attack","floor":17},{"not_picked":["Dagger Spray+1","Blade Dance"],"picked":"Deflect+1","floor":18},{"not_picked":["Slice","Dagger Spray"],"picked":"Masterful Stab+1","floor":22},{"not_picked":["Cloak And Dagger","Underhanded Strike"],"picked":"Acrobatics","floor":23},{"not_picked":["Outmaneuver","Quick Slash"],"picked":"Dodge and Roll","floor":25},{"not_picked":["Sucker Punch","Dodge and Roll+1","Dagger Spray+1"],"picked":"SKIP","floor":28},{"not_picked":["Crippling Poison","Quick Slash","Endless Agony"],"picked":"SKIP","floor":29},{"not_picked":["Blade Dance","Envenom"],"picked":"Cloak And Dagger+1","floor":30},{"not_picked":["Dodge and Roll","Backstab+1"],"picked":"Finisher","floor":31},{"not_picked":["Dagger Spray+1","Outmaneuver+1"],"picked":"Blur+1","floor":35},{"not_picked":["Cloak And Dagger","Sucker Punch"],"picked":"Distraction+1","floor":36},{"not_picked":["Blade Dance","PiercingWail"],"picked":"Prepared+1","floor":36},{"not_picked":["Deadly Poison+1","Underhanded Strike"],"picked":"Adrenaline","floor":36},{"not_picked":["Riddle With Holes+1","Blade Dance"],"picked":"Backflip+1","floor":36},{"not_picked":["Flying Knee","PiercingWail"],"picked":"Sucker Punch+1","floor":36},{"not_picked":["Night Terror","Deadly Poison+1","PiercingWail"],"picked":"SKIP","floor":38},{"not_picked":["Backflip","Sucker Punch","Envenom"],"picked":"SKIP","floor":39},{"not_picked":["Expertise+1","Bouncing Flask+1"],"picked":"Reflex+1","floor":40},{"not_picked":["PiercingWail+1","Underhanded Strike"],"picked":"Deflect+1","floor":41},{"not_picked":["Acrobatics","Deflect+1"],"picked":"Heel Hook","floor":42},{"not_picked":["Underhanded Strike+1","All Out Attack","PiercingWail"],"picked":"SKIP","floor":44},{"not_picked":["Choke","Poisoned Stab"],"picked":"Escape Plan","floor":45},{"not_picked":["Predator+1","Malaise"],"picked":"Caltrops+1","floor":48}],"player_experience":277663,"relics_obtained":[{"floor":9,"key":"Shuriken"},{"floor":21,"key":"Enchiridion"},{"floor":25,"key":"Red Mask"},{"floor":26,"key":"Bag of Preparation"},{"floor":28,"key":"Bottled Lightning"},{"floor":30,"key":"Darkstone Periapt"},{"floor":34,"key":"Juzu Bracelet"},{"floor":34,"key":"Mercury Hourglass"},{"floor":34,"key":"Dead Branch"},{"floor":42,"key":"Strawberry"},{"floor":43,"key":"Boot"},{"floor":44,"key":"Ginger"},{"floor":48,"key":"Incense Burner"}],"event_choices":[{"damage_healed":4,"gold_gain":0,"player_choice":"LEAVE ","damage_taken":0,"relics_obtained":[],"max_hp_gain":0,"max_hp_loss":0,"event_name":"betterSkull:BetterSkull","floor":5,"gold_loss":0,"cards_upgraded":[]},{"damage_healed":0,"gold_gain":0,"player_choice":"Inject Mutagens","damage_taken":0,"relics_obtained":["MutagenicStrength"],"max_hp_gain":0,"max_hp_loss":0,"event_name":"Drug Dealer","floor":20,"gold_loss":0},{"damage_healed":0,"gold_gain":0,"player_choice":"Obtained Book","damage_taken":16,"max_hp_gain":0,"max_hp_loss":0,"event_name":"Cursed Tome","floor":21,"gold_loss":0},{"damage_healed":0,"gold_gain":99,"player_choice":"Steal","damage_taken":0,"max_hp_gain":0,"max_hp_loss":0,"event_name":"betterThird:BetterNest","floor":24,"gold_loss":0},{"damage_healed":0,"gold_gain":0,"player_choice":"Fought Bandits","damage_taken":0,"max_hp_gain":0,"max_hp_loss":0,"event_name":"Masked Bandits","floor":25,"gold_loss":0},{"cards_removed":["Masterful Stab"],"damage_healed":0,"gold_gain":0,"player_choice":"Removed Attack","damage_taken":0,"max_hp_gain":0,"max_hp_loss":0,"event_name":"Falling","floor":37,"gold_loss":0},{"damage_healed":0,"gold_gain":0,"player_choice":"Max HP","damage_taken":0,"max_hp_gain":0,"max_hp_loss":4,"event_name":"Winding Halls","floor":47,"gold_loss":0}],"is_beta":false,"boss_relics":[{"not_picked":["Velvet Choker","Busted Crown"],"picked":"Tiny House"},{"not_picked":["Runic Pyramid","SlaversCollar"],"picked":"Calling Bell"}],"items_purged_floors":[4,19],"is_endless":false,"potions_floor_spawned":[1,8,10,12,16,25,28,30,33,35,40,41,44,48],"ascension_level":5}}