{"host":"dlyy4wv9zatha4f7","time":1608310286,"event":{"mods":["BaseMod","Better Third Choice","Colored Map","GifTheSpireLib","Minty Spire (QoL Compilation)","Spicy Shops","StSLib","SuperFastMode","Unceasing Turn Reminder"],"gold_per_floor":[109,119,119,131,142,142,44,44,68,143,169,169,169,196,196,292,292,305,4,4,19,32,59,59,91,91,190,190,209,209,241,241,341,341,358,358,368,10,0,0,33,50,50,35,53,63,90,90,90,90],"floor_reached":51,"playtime":1115,"items_purged":["Strike_B"],"score":1204,"play_id":"0373cf34-7594-4f8c-be04-000513ad0089","local_time":"20201218185126","is_ascension_mode":true,"campfire_choices":[{"data":"Biased Cognition","floor":6.0,"key":"SMITH"},{"data":"Tempest","floor":12.0,"key":"SMITH"},{"data":"Capacitor","floor":15.0,"key":"SMITH"},{"data":"Biased Cognition","floor":24.0,"key":"SMITH"},{"data":"Lockon","floor":28.0,"key":"SMITH"},{"data":"Zap","floor":30.0,"key":"SMITH"},{"data":"Storm","floor":32.0,"key":"SMITH"},{"data":"Amplify","floor":40.0,"key":"SMITH"},{"floor":49,"key":"REST"}],"circlet_count":0,"master_deck":["Defend_B","Defend_B","Defend_B","Defend_B","Zap+1","Dualcast","Biased Cognition+1","Ball Lightning","Cold Snap","Tempest+1","Ball Lightning","Undo","Capacitor+1","Biased Cognition+1","Lockon+1","Leap+1","Cold Snap+1","Storm+1","Amplify+1","Steam Power","Chill","Shame","Buffer","Glacier","Force Field+1"],"relics":["Cracked Core","Sundial","PreservedInsect","Calipers","Ancient Tea Set","Sozu","DataDisk","ClockworkSouvenir","Orichalcum","Lizard Tail","Molten Egg 2","Pen Nib","Cursed Key","Bottled Tornado","Red Mask","Unceasing Top","Bottled Lightning","Lantern"],"acts_visited":["Exordium","TheCity","TheBeyond"],"potions_floor_usage":[],"damage_taken":[{"damage":6.0,"enemies":"Jaw Worm","floor":1.0,"turns":4.0},{"damage":0.0,"enemies":"Cultist","floor":2.0,"turns":2.0},{"damage":0.0,"enemies":"2 Louse","floor":4.0,"turns":1.0},{"damage":0.0,"enemies":"Large Slime","floor":5.0,"turns":3.0},{"damage":9.0,"enemies":"3 Sentries","floor":11.0,"turns":3.0},{"damage":0.0,"enemies":"Lagavulin","floor":14.0,"turns":3.0},{"damage":15.0,"enemies":"Hexaghost","floor":16.0,"turns":6.0},{"damage":0.0,"enemies":"Chosen","floor":18.0,"turns":3.0},{"damage":0.0,"enemies":"Spheric Guardian","floor":21.0,"turns":3.0},{"damage":6.0,"enemies":"Snake Plant","floor":22.0,"turns":3.0},{"damage":18.0,"enemies":"Slavers","floor":23.0,"turns":2.0},{"damage":0.0,"enemies":"Gremlin Leader","floor":25.0,"turns":2.0},{"damage":2.0,"enemies":"Cultist and Chosen","floor":29.0,"turns":4.0},{"damage":10.0,"enemies":"Slavers","floor":31.0,"turns":3.0},{"damage":16.0,"enemies":"Champ","floor":33.0,"turns":6.0},{"damage":0.0,"enemies":"Orb Walker","floor":35.0,"turns":2.0},{"damage":14.0,"enemies":"3 Shapes","floor":37.0,"turns":2.0},{"damage":8.0,"enemies":"Nemesis","floor":41.0,"turns":3.0},{"damage":0,"enemies":"Spire Growth","floor":42,"turns":2},{"damage":0,"enemies":"Sphere and 2 Shapes","floor":45,"turns":2},{"damage":0,"enemies":"3 Darklings","floor":46,"turns":2},{"damage":0,"enemies":"Reptomancer","floor":47,"turns":2},{"damage":13,"enemies":"Time Eater","floor":50,"turns":4}],"seed_played":"-1462159788855359188","potions_obtained":[{"floor":14.0,"key":"FearPotion"},{"floor":16.0,"key":"EssenceOfSteel"}],"is_trial":false,"path_per_floor":["M","M","?","M","M","R","$","T","T","?","E","R","?","E","R","B",null,"M","$","?","M","M","E","R","E","T","?","R","M","R","E","R","B",null,"M","?","M","$","?","R","E","M","T","$","M","M","E","?","R","B",null],"character_chosen":"DEFECT","items_purchased":["Ball Lightning","DataDisk","ClockworkSouvenir","Lockon","Bottled Tornado","Chill","Buffer"],"campfire_rested":1,"item_purchase_floors":[7,19,19,19,38,38,44],"current_hp_per_floor":[62,62,62,62,62,62,62,62,62,51,42,42,42,42,42,27,58,58,58,58,58,52,34,34,34,34,34,34,32,32,22,22,6,53,53,53,39,39,39,39,31,31,31,31,31,31,31,31,51,38],"gold":90,"neow_bonus":"THREE_RARE_CARDS","is_daily":false,"chose_seed":false,"campfire_upgraded":8,"win_rate":0.0,"timestamp":1608310286,"path_taken":["M","M","?","?","M","R","$","?","T","?","E","R","?","E","R","BOSS","M","?","?","M","M","E","R","E","T","?","R","?","R","E","R","BOSS","M","?","M","$","?","R","E","M","T","$","M","M","E","?","R","BOSS"],"items_purchased_type":["Card","Relic","Relic","Card","Relic","Card","Card"],"build_version":"2020-12-13","purchased_purges":1,"victory":true,"max_hp_per_floor":[68,68,68,68,68,68,68,68,68,68,68,68,68,68,68,68,68,68,68,68,68,68,68,68,68,68,68,68,68,68,68,68,68,68,68,68,68,68,68,68,68,68,68,68,68,68,68,68,68,68],"card_choices":[{"not_picked":["Creative AI","Seek"],"picked":"Biased Cognition","floor":0.0},{"not_picked":["Hologram","Leap"],"picked":"Ball Lightning","floor":1.0},{"not_picked":["Hello World","Melter"],"picked":"Cold Snap","floor":2.0},{"not_picked":["Coolheaded","Rebound"],"picked":"Tempest","floor":4.0},{"not_picked":["Rebound","Double Energy","Stack"],"picked":"SKIP","floor":5.0},{"not_picked":["Rip and Tear","Creative AI"],"picked":"Undo","floor":11.0},{"not_picked":["Sweeping Beam","Go for the Eyes"],"picked":"Capacitor","floor":14.0},{"not_picked":["Hyperbeam","Rainbow"],"picked":"Biased Cognition","floor":16.0},{"not_picked":["Steam","Go for the Eyes","Fusion+1"],"picked":"SKIP","floor":18.0},{"not_picked":["Steam","Go for the Eyes","Fusion+1"],"picked":"SKIP","floor":18.0},{"not_picked":["Gash","Compile Driver","Force Field"],"picked":"SKIP","floor":21.0},{"not_picked":["Hologram","Sweeping Beam","Defragment"],"picked":"SKIP","floor":22.0},{"not_picked":["Stack","Static Discharge"],"picked":"Leap+1","floor":23.0},{"not_picked":["Chill","Sweeping Beam","Turbo+1"],"picked":"SKIP","floor":25.0},{"not_picked":["Rebound+1","Genetic Algorithm"],"picked":"Cold Snap+1","floor":29.0},{"not_picked":["Reprogram","Leap"],"picked":"Storm","floor":31.0},{"not_picked":["Hyperbeam+1","Electrodynamics"],"picked":"Amplify","floor":33.0},{"not_picked":["Redo+1","Sweeping Beam+1","Compile Driver+1"],"picked":"SKIP","floor":35.0},{"not_picked":["Redo+1","BootSequence+1"],"picked":"Steam Power","floor":37.0},{"not_picked":["Rebound+1","Sweeping Beam+1","BootSequence+1"],"picked":"SKIP","floor":41.0},{"not_picked":["Compile Driver+1","Leap+1","Ball Lightning+1"],"picked":"SKIP","floor":42},{"not_picked":["Defragment","Lockon+1"],"picked":"Glacier","floor":45},{"not_picked":["Leap","Rebound+1"],"picked":"Force Field+1","floor":46},{"not_picked":["Stack","Recycle+1","Streamline+1"],"picked":"SKIP","floor":47}],"player_experience":2211430,"relics_obtained":[{"floor":8.0,"key":"Sundial"},{"floor":9.0,"key":"PreservedInsect"},{"floor":11.0,"key":"Calipers"},{"floor":14.0,"key":"Ancient Tea Set"},{"floor":23.0,"key":"Orichalcum"},{"floor":25.0,"key":"Lizard Tail"},{"floor":26.0,"key":"Molten Egg 2"},{"floor":31.0,"key":"Pen Nib"},{"floor":41.0,"key":"Unceasing Top"},{"floor":43,"key":"Bottled Lightning"},{"floor":47,"key":"Lantern"}],"event_choices":[{"cards_removed":["Strike_B"],"damage_healed":0.0,"max_hp_gain":0.0,"max_hp_loss":0.0,"gold_gain":0.0,"event_name":"Purifier","player_choice":"Purged","floor":3.0,"gold_loss":0.0,"damage_taken":0.0},{"damage_healed":0.0,"max_hp_gain":0.0,"max_hp_loss":0.0,"gold_gain":75.0,"event_name":"betterThird:BetterGoop","player_choice":"Gold","floor":10.0,"gold_loss":0.0,"damage_taken":11.0},{"cards_removed":["Strike_B"],"damage_healed":0.0,"max_hp_gain":0.0,"max_hp_loss":0.0,"gold_gain":0.0,"event_name":"Purifier","player_choice":"Purged","floor":13.0,"gold_loss":0.0,"damage_taken":0.0},{"damage_healed":0.0,"max_hp_gain":0.0,"max_hp_loss":0.0,"gold_gain":0.0,"event_name":"Cursed Tome","player_choice":"Ignored","floor":20.0,"gold_loss":0.0,"damage_taken":0.0},{"damage_healed":0.0,"max_hp_gain":0.0,"max_hp_loss":0.0,"gold_gain":99.0,"event_name":"betterThird:BetterNest","player_choice":"Steal","floor":27.0,"gold_loss":0.0,"damage_taken":0.0},{"cards_removed":["Strike_B"],"damage_healed":0.0,"max_hp_gain":0.0,"max_hp_loss":0.0,"gold_gain":0.0,"event_name":"Falling","player_choice":"Removed Attack","floor":36.0,"gold_loss":0.0,"damage_taken":0.0},{"damage_healed":0.0,"max_hp_gain":0.0,"max_hp_loss":0.0,"gold_gain":0.0,"event_name":"Tomb of Lord Red Mask","player_choice":"Paid","floor":39.0,"gold_loss":10.0,"damage_taken":0.0,"relics_obtained":["Red Mask"]},{"damage_healed":0,"gold_gain":0,"player_choice":"Got Potions","damage_taken":0,"max_hp_gain":0,"max_hp_loss":0,"event_name":"Lab","floor":48,"gold_loss":0}],"is_beta":false,"boss_relics":[{"not_picked":["Coffee Dripper","Calling Bell"],"picked":"Sozu"},{"not_picked":["Snecko Eye","SacredBark"],"picked":"Cursed Key"}],"items_purged_floors":[38],"is_endless":false,"potions_floor_spawned":[14,16,22,25,31,33,35,41,42],"ascension_level":9}}