{"host":"ocy7z4248lncoz2b","time":1608257980,"event":{"mods":["BaseMod","Beaked The Cultist","Better Match","Better Sensory Stone","Better Third Choice","BetterRewards","Clockwork Mod","Colored Powertips","Conspire","Downfall","Friendly Minions","Highlight Path","Hubris","Infinite Spire","Marisa????????","Mimic Mod","Minty Spire (QoL Compilation)","READ ME - Guardian Mod","Replay The Spire","Shop Mod","Spicy Shops","Spikes Relics","StSLib","SuperFastMode","The Blue Laboratory","The Construct","The Jungle"],"gold_per_floor":[99,131,131,41,41,97,97,97,131,131,143,43,43,28,46,46,46],"floor_reached":16,"playtime":775,"items_purged":["Delirium"],"score":104,"play_id":"b4ebd819-8deb-476f-a6ea-9b954f227faf","local_time":"20201218111940","is_ascension_mode":false,"campfire_choices":[{"data":"champ:Lariat","floor":3,"key":"SMITH"},{"data":"champ:ViciousMockery","floor":5,"key":"SMITH"},{"data":"champ:Taunt","floor":8,"key":"SMITH"},{"floor":10,"key":"REST"}],"circlet_count":0,"master_deck":["champ:Strike","champ:Strike","champ:Strike","champ:Defend","champ:Defend","champ:Defend","champ:Execute","champ:Taunt+1","champ:DeathBlow","champ:GladiatorStyle","champ:Lariat+1","champ:ViciousMockery+1","champ:BringItOn","champ:FocusedDefense","champ:CrownThrow","Ghostly","champ:ArenaPreparation","champ:Backstep"],"relics":["champ:ChampionCrown","Boot","Lantern","infinitespire:WardingShard","LugNut"],"acts_visited":["Exordium"],"potions_floor_usage":[11],"damage_taken":[{"damage":76,"enemies":"Replay:BlueRogue","floor":2,"turns":6},{"damage":45,"enemies":"downfall:FleeingMerchant","floor":4,"turns":4},{"damage":40,"enemies":"3 Sentries","floor":6,"turns":8},{"damage":56,"enemies":"Gremlin Nob","floor":9,"turns":7},{"damage":23,"enemies":"2 Louse","floor":11,"turns":2},{"damage":31,"enemies":"downfall:FleeingMerchant","floor":14,"turns":4},{"damage":15,"enemies":"Jaw Worm","floor":15,"turns":3},{"damage":35,"enemies":"downfall:Defect","floor":16,"turns":5}],"seed_played":"-8522721178267730634","potions_obtained":[{"floor":9,"key":"blueLaboratory:FruitPunch"},{"floor":15,"key":"blueLaboratory:AbyssPotion"}],"is_trial":false,"path_per_floor":["R","E","R","$","R","?","T","R","E","R","M","?","?","$","M","B"],"character_chosen":"THE_CHAMP","items_purchased":[],"campfire_rested":1,"item_purchase_floors":[],"current_hp_per_floor":[90,79,79,79,79,64,64,64,13,40,39,39,39,39,34,0,0],"gold":46,"neow_bonus":"TRANSFORM_TWO_CARDS","is_daily":false,"chose_seed":false,"campfire_upgraded":3,"win_rate":0.0,"timestamp":1608257980,"path_taken":["R","E","R","$","R","?","T","R","E","R","M","?","?","$","M","BOSS"],"items_purchased_type":[],"build_version":"2020-12-13","purchased_purges":1,"victory":false,"max_hp_per_floor":[90,90,90,90,90,90,90,90,90,90,92,92,92,92,92,92,92],"card_choices":[{"not_picked":["champ:RisingSlash","champ:CrookedStrike"],"picked":"champ:Lariat","floor":2},{"not_picked":["champ:PreciseThrust","champ:FlashCut"],"picked":"champ:ViciousMockery","floor":4},{"not_picked":["champ:BerserkersShout","champ:BladeFlurry"],"picked":"champ:BringItOn","floor":6},{"not_picked":["champ:CrookedStrike","champ:BerserkersShout"],"picked":"champ:FocusedDefense","floor":9},{"not_picked":["champ:Lariat","champ:FocusedDefense"],"picked":"champ:CrownThrow","floor":11},{"not_picked":["champ:Backstep","champ:CrookedStrike"],"picked":"champ:ArenaPreparation","floor":14},{"not_picked":["champ:FanOfKnives","champ:GladiatorsShout"],"picked":"champ:Backstep","floor":15}],"player_experience":241238,"relics_obtained":[{"floor":2,"key":"Boot"},{"floor":7,"key":"infinitespire:WardingShard"},{"floor":9,"key":"LugNut"}],"event_choices":[{"damage_healed":0,"gold_gain":0,"player_choice":"Argue","damage_taken":0,"max_hp_gain":0,"max_hp_loss":0,"event_name":"conspire:LoneGhost","floor":12,"gold_loss":0},{"cards_removed":["Sickly"],"damage_healed":0,"gold_gain":0,"player_choice":"Card Removal","damage_taken":0,"max_hp_gain":0,"max_hp_loss":0,"event_name":"The Cleric","floor":13,"gold_loss":0}],"is_beta":false,"boss_relics":[],"items_purged_floors":[4],"is_endless":false,"potions_floor_spawned":[9,15],"killed_by":"downfall:Defect","ascension_level":0}}