{"host":"v0byp44r5syn346h","time":1608312926,"event":{"mods":["2.2 Compatiblity","AchievementEnabler","Act Like it!","AlwaysNeverKeys","Aspiration","BaseMod","Bestiary","Better Match","Better Note","Better Skull","Better Third Choice","Better Vampires","BetterRewards","Card Filter","Colored Map","Colored Powertips","Conspire","Defuse TimeMaze Blight","Displayed Cursed Tome","Downfall","Friendly Minions","Gremlin Skip","Halation","Highlight Path","Hubris","Infinite Spire","Minty Spire (QoL Compilation)","Pale of the Ancients","Quarter Circle Forward PUNCH!","Quick Restart","Random Character Button","Rare Cards Sparkle","Relic Filter","Relic Stats","Reorder Act Four","Replay The Spire","Reworked Bosses","Shop Mod","Spicy Shops","Spikes Relics","StSLib","SuperFastMode","The Blue Laboratory","The Construct","The Cursed","The Hierophant","The Jungle","Thieving Mod","Trackpad","Unknown Chances","egg","vexMod"],"gold_per_floor":[113,113,153,153,153,153,153],"floor_reached":6,"playtime":145,"items_purged":["Strike_P","Defend_P"],"score":53,"play_id":"40d5b090-964d-4b0b-baab-ecf75fa244e2","local_time":"20201218183526","is_ascension_mode":true,"campfire_choices":[],"circlet_count":0,"master_deck":["AscendersBane","Strike_P","Defend_P","Defend_P","Eruption","Vigilance","TalkToTheHand+1","FearNoEvil","CrushJoints","InfectiousVector","Finisher","Die Die Die"],"relics":["PureWater","Torii","Boot"],"acts_visited":[],"potions_floor_usage":[],"damage_taken":[{"damage":0,"enemies":"2 Louse","floor":1,"turns":3},{"damage":28,"enemies":"conspire:MimicChest","floor":3,"turns":5},{"damage":23,"enemies":"Nightmare","floor":6,"turns":4}],"seed_played":"-4126442724664718097","potions_obtained":[],"is_trial":false,"path_per_floor":["M","?","?","?","?","NM"],"character_chosen":"WATCHER","items_purchased":["TalkToTheHand"],"campfire_rested":0,"item_purchase_floors":[0],"current_hp_per_floor":[43,43,15,22,22,0,0],"gold":153,"neow_bonus":"","is_daily":false,"chose_seed":false,"campfire_upgraded":0,"win_rate":0.0,"timestamp":1608312926,"path_taken":["M","?","?","?","?","NM"],"items_purchased_type":["Card"],"build_version":"2020-12-13","purchased_purges":2,"victory":false,"max_hp_per_floor":[72,72,72,72,72,72,72],"relic_stats":{"Torii":0,"counters":[270,800],"Boot":[0],"obtain_stats":[{"trackpad:Mousetrap":7,"Replay:Accelerometer":28,"Spirit Poop":22,"aspiration:PoetsPen_weak":34,"infinitespire:Cubic Diamond":3,"qcfpunch:Red_Beret":58,"Sling":61,"Replay:Wanted Poster":34,"trackpad:PocketGalaxy":0,"vexMod:InvisibilityCloak":26,"conspire:GlowingRock":11,"Necronomicon":22,"HandDrill":8,"halation:PromiseList":61,"aspiration:DSix":0,"hubris:MobiusCoin":0,"MerchantsRug":30,"aspiration:StickyExplosives":45,"Blue Candle":46,"Eternal Feather":13,"ReplayTheSpireMod:SealedPack":37,"Akabeko":21,"infinitespire:EvilPickle":33,"qcfpunch:Broken_Tusk":47,"infinitespire:Lychee Nut":1,"Bird Faced Urn":0,"CultistMask":15,"conspire:BottledYoYo":43,"StrikeDummy":14,"Unceasing Top":28,"Regal Pillow":5,"Torii":27,"halation:TrafficLight":0,"hubris:EmptyBottle":0,"Smiling Mask":26,"Pet Ghost":44,"qcfpunch:Wild_Herbs_Ointment":58,"hubris:BlackHole":0,"infinitespire:Bottled Soul":54,"vexMod:RedPlottingStone":0,"hubris:CuriousFeather":8,"Chemical X":0,"Replay:Bottled Eggs":0,"InkBottle":7,"Lee\u0027s Waffle":0,"construct:WeddingRing":34,"NeowsBlessing":0,"Golden Idol":10,"hubris:64BitClover":52,"halation:BottledLove":10,"qcfpunch:Black_Training_Shirt":31,"vexMod:BerryBomb":26,"PreservedInsect":0,"aspiration:RandomNobGenerator":17,"infinitespire:Lucky Rock":4,"hubris:Towel":53,"halation:NonexistentMirror":58,"Ornamental Fan":42,"SpikesRelics:DaevaFist":47,"Art of War":9,"Durian":28,"conspire:DeflatedDodgeball":54,"hubris:BottledRain":0,"Ice Cream":10,"Gremlin Horn":50,"aspiration:Stabinomicon":25,"halation:BlueSoulGem":30,"Sozu":50,"Prayer Wheel":0,"Iron Hammer":27,"qcfpunch:Handcuffs":60,"halation:KoshaPiece":31,"paleoftheancients:SoulOfTheWatcher":51,"paleoftheancients:KeyRelic":50,"hubris:Teleporter":44,"hubris:DuctTape":8,"vexMod:PaidLearning":0,"aspiration:HiddenCompartment":6,"hubris:Zylophone":29,"OrangePellets":0,"conspire:GiftBox":0,"paleoftheancients:SoulOfTheWokeBloke":51,"Onion Ring":0,"infinitespire:EmpoweringShard":11,"aspiration:HatOfInfinitePower":7,"aspiration:TomeofQuesting":47,"Juzu Bracelet":40,"paleoftheancients:SoulOfTheDefect":56,"Replay:Mystery Machine":7,"vexMod:Spyglass":58,"PrismaticShard":54,"conspire:TopHat":40,"vexMod:FluxCapacitor":17,"Nunchaku":41,"Dream Catcher":23,"TheAbacus":4,"hubris:Icosahedron":37,"MiniBlackHole":58,"qcfpunch:Necklace_of_Skulls":0,"trackpad:Compendium":11,"Red Mask":48,"Replay:Bottled Snecko":58,"halation:LettersToHer":0,"Runic Pyramid":6,"qcfpunch:Army_Boots":25,"trackpad:Trackpad":17,"Guide Book":0,"vexMod:FocusSash":2,"Odd Mushroom":11,"Medical Kit":0,"vexMod:Dragonfruit":51,"Strange Spoon":8,"Pondfish Scales":0,"infinitespire:DarkRift":49,"vexMod:BarristanHead":10,"infinitespire:Satchel":29,"Membership Card":0,"FossilizedHelix":25,"hubris:OldNail":0,"ReplayTheSpireMod:ShopPack":10,"Golden Egg":9,"vexMod:MemoryStick":13,"Ginger":0,"Boot":9,"halation:HeavySnake":22,"halation:RedSoulGem":2,"Replay:Ringing Soul":9,"ZombieTooth":0,"vexMod:CardConverter":9,"Sundial":40,"vexMod:EndlessSickness":38,"hubris:DeckOfHolding":6,"trackpad:AdjectivePendant":3,"Replay:Wax Seal":0,"hubris:TinFlute":60,"conspire:TreasureMap":0,"halation:QuantumPhysicsTextbook":0,"GiantMaggot":4,"Counterbalance":0,"vexMod:MysteryBossChallenge":17,"hubris:SphereOfDissonance":54,"aspiration:IroncladSkillbook":12,"aspiration:FrozenJewel":42,"qcfpunch:School_Backpack":58,"halation:Jellyphish":0,"halation:PenCase":0,"trackpad:BottledShadow":50,"hubris:TenFootPole":2,"trackpad:WindUpAutoDealer":7,"Abe\u0027s Treasure":13,"infinitespire:Cupcake":6,"conspire:Flyswatter":27,"halation:BlackBeret":10,"WizardHat":35,"qcfpunch:Spiky_Bracers":48,"Lantern":40,"hubris:Metronome":0,"aspiration:Lifesprig":45,"hierophant:PropheticMaskRelic":3,"RoseTintedShades":12,"Blue Doll":1,"Rawhide":16,"Replay:Multitool":46,"Bag of Preparation":0,"Cursed Key":17,"Replay:Rubber Ducky":0,"BranchBurnRelic":25,"Shovel":0,"hubris:ScarierMask":36,"WingedGreaves":0,"hubris:FunFungus":0,"Ring of Panic":2,"BicycleWheel":8,"construct:ClawGrip":17,"CherryCoatedStake":1,"halation:Yufonium":34,"Damaru":0,"infinitespire:Joker Card":8,"Omamori":27,"infinitespire:CheckeredPen":0,"Frozen Egg 2":0,"Orrery":58,"halation:AfternoonTea":13,"Bottled Lightning":31,"halation:TwoAmDonut":7,"ReplayTheSpireMod:Ring of Challenge":2,"ReplayTheSpireMod:Lightbulb":28,"Toy Ornithopter":0,"Mark of the Bloom":47,"trackpad:IceCube":25,"CeramicFish":0,"halation:Prosthetics":17,"trackpad:ZombieHeart":48,"HornCleat":8,"DollysMirror":0,"Strawberry":30,"qcfpunch:Red_Gi":58,"halation:VictoryRuler":26,"aspiration:ArtOfWarUpgrade":23,"Toxic Egg 2":0,"trackpad:BiPhaseBiplane":0,"conspire:Dentures":43,"Happy Flower":6,"trackpad:SappingStone":0,"vexMod:ScavengeHelm":9,"Dead Branch":19,"Oddly Smooth Stone":22,"infinitespire:Beetle Shell":9,"conspire:Boomerang":8,"War Paint":15,"Question Card":26,"paleoftheancients:Timepiece":50,"Replay:Baseball":0,"vexMod:Cooldron":0,"Bottled Flame":31,"Shuriken":58,"Molten Egg 2":0,"Simple Rune":59,"ReplayTheSpireMod:TigerMarble":0,"Grinning Jar":38,"trackpad:BottledTsunami":0,"CrustySpines":0,"Meat on the Bone":8,"ReplayFunnel":2,"Darkstone Periapt":0,"halation:PapillonHeart":49,"SnailShell":60,"trackpad:PetRock":43,"BrokenLever":33,"Incense Burner":54,"hubris:SlimyHat":43,"TeardropLocket":0,"Frozen Eye":24,"Gambling Chip":11,"Pantograph":4,"Tiny Chest":7,"RollingBoulder":51,"qcfpunch:Wrestler\u0027s_Cloak":16,"trackpad:VoidSphere":58,"Gremlin Food":30,"hubris:DisguiseKit":9,"BargainBundle":8,"trackpad:HandOfMidas":0,"Replay:Towering Pillar of Hats":27,"aspiration:FetidBarrel":0,"paleoftheancients:SoulOfTheHexaghost":56,"aspiration:HummingbirdHeart":5,"qcfpunch:White_Boots":43,"White Beast Statue":33,"Sandwich":34,"Peace Pipe":38,"Anchor":50,"CaptainsWheel":5,"infinitespire:WardingShard":13,"ChewingGum":4,"Snack Pack":23,"qcfpunch:Red_Headband":6,"Coffee Dripper":17,"PureWater":0,"TungstenRod":57,"hubris:NiceRug":58},{"trackpad:Mousetrap":16,"Replay:Accelerometer":245,"Spirit Poop":190,"aspiration:PoetsPen_weak":99,"infinitespire:Cubic Diamond":143,"qcfpunch:Red_Beret":178,"Sling":231,"Replay:Wanted Poster":218,"trackpad:PocketGalaxy":32,"vexMod:InvisibilityCloak":125,"conspire:GlowingRock":185,"Necronomicon":23,"HandDrill":114,"halation:PromiseList":231,"aspiration:DSix":179,"hubris:MobiusCoin":32,"MerchantsRug":246,"aspiration:StickyExplosives":223,"Blue Candle":202,"Eternal Feather":213,"ReplayTheSpireMod:SealedPack":169,"Akabeko":161,"infinitespire:EvilPickle":168,"qcfpunch:Broken_Tusk":172,"infinitespire:Lychee Nut":147,"Bird Faced Urn":142,"CultistMask":187,"conspire:BottledYoYo":172,"StrikeDummy":158,"Unceasing Top":191,"Regal Pillow":54,"Torii":62,"halation:TrafficLight":179,"hubris:EmptyBottle":111,"Smiling Mask":62,"Pet Ghost":73,"qcfpunch:Wild_Herbs_Ointment":110,"hubris:BlackHole":152,"infinitespire:Bottled Soul":139,"vexMod:RedPlottingStone":29,"hubris:CuriousFeather":85,"Chemical X":32,"Replay:Bottled Eggs":152,"InkBottle":144,"Lee\u0027s Waffle":209,"construct:WeddingRing":128,"NeowsBlessing":0,"Golden Idol":85,"hubris:64BitClover":175,"halation:BottledLove":256,"qcfpunch:Black_Training_Shirt":65,"vexMod:BerryBomb":244,"PreservedInsect":12,"aspiration:RandomNobGenerator":41,"infinitespire:Lucky Rock":143,"hubris:Towel":79,"halation:NonexistentMirror":140,"Ornamental Fan":72,"SpikesRelics:DaevaFist":135,"Art of War":156,"Durian":165,"conspire:DeflatedDodgeball":79,"hubris:BottledRain":111,"Ice Cream":211,"Gremlin Horn":77,"aspiration:Stabinomicon":125,"halation:BlueSoulGem":126,"Sozu":107,"Prayer Wheel":81,"Iron Hammer":62,"qcfpunch:Handcuffs":178,"halation:KoshaPiece":217,"paleoftheancients:SoulOfTheWatcher":175,"paleoftheancients:KeyRelic":77,"hubris:Teleporter":106,"hubris:DuctTape":156,"vexMod:PaidLearning":32,"aspiration:HiddenCompartment":3,"hubris:Zylophone":192,"OrangePellets":32,"conspire:GiftBox":81,"paleoftheancients:SoulOfTheWokeBloke":138,"Onion Ring":142,"infinitespire:EmpoweringShard":156,"aspiration:HatOfInfinitePower":210,"aspiration:TomeofQuesting":135,"Juzu Bracelet":70,"paleoftheancients:SoulOfTheDefect":109,"Replay:Mystery Machine":85,"vexMod:Spyglass":110,"PrismaticShard":139,"conspire:TopHat":132,"vexMod:FluxCapacitor":57,"Nunchaku":71,"Dream Catcher":263,"TheAbacus":30,"hubris:Icosahedron":219,"MiniBlackHole":178,"qcfpunch:Necklace_of_Skulls":179,"trackpad:Compendium":235,"Red Mask":173,"Replay:Bottled Snecko":110,"halation:LettersToHer":81,"Runic Pyramid":150,"qcfpunch:Army_Boots":191,"trackpad:Trackpad":8,"Guide Book":32,"vexMod:FocusSash":210,"Odd Mushroom":86,"Medical Kit":111,"vexMod:Dragonfruit":203,"Strange Spoon":85,"Pondfish Scales":12,"infinitespire:DarkRift":173,"vexMod:BarristanHead":151,"infinitespire:Satchel":167,"Membership Card":111,"FossilizedHelix":162,"hubris:OldNail":179,"ReplayTheSpireMod:ShopPack":114,"Golden Egg":4,"vexMod:MemoryStick":18,"Ginger":111,"Boot":47,"halation:HeavySnake":216,"halation:RedSoulGem":1,"Replay:Ringing Soul":16,"ZombieTooth":252,"vexMod:CardConverter":85,"Sundial":172,"vexMod:EndlessSickness":170,"hubris:DeckOfHolding":114,"trackpad:AdjectivePendant":1,"Replay:Wax Seal":111,"hubris:TinFlute":208,"conspire:TreasureMap":152,"halation:QuantumPhysicsTextbook":209,"GiantMaggot":153,"Counterbalance":111,"vexMod:MysteryBossChallenge":8,"hubris:SphereOfDissonance":139,"aspiration:IroncladSkillbook":146,"aspiration:FrozenJewel":200,"qcfpunch:School_Backpack":110,"halation:Jellyphish":142,"halation:PenCase":152,"trackpad:BottledShadow":225,"hubris:TenFootPole":33,"trackpad:WindUpAutoDealer":54,"Abe\u0027s Treasure":157,"infinitespire:Cupcake":154,"conspire:Flyswatter":165,"halation:BlackBeret":37,"WizardHat":168,"qcfpunch:Spiky_Bracers":76,"Lantern":104,"hubris:Metronome":152,"aspiration:Lifesprig":201,"hierophant:PropheticMaskRelic":143,"RoseTintedShades":38,"Blue Doll":142,"Rawhide":188,"Replay:Multitool":75,"Bag of Preparation":152,"Cursed Key":20,"Replay:Rubber Ducky":152,"BranchBurnRelic":94,"Shovel":179,"hubris:ScarierMask":196,"WingedGreaves":32,"hubris:FunFungus":111,"Ring of Panic":30,"BicycleWheel":85,"construct:ClawGrip":89,"CherryCoatedStake":152,"halation:Yufonium":66,"Damaru":52,"infinitespire:Joker Card":4,"Omamori":62,"infinitespire:CheckeredPen":179,"Frozen Egg 2":179,"Orrery":178,"halation:AfternoonTea":6,"Bottled Lightning":98,"halation:TwoAmDonut":234,"ReplayTheSpireMod:Ring of Challenge":30,"ReplayTheSpireMod:Lightbulb":63,"Toy Ornithopter":179,"Mark of the Bloom":75,"trackpad:IceCube":163,"CeramicFish":142,"halation:Prosthetics":118,"trackpad:ZombieHeart":136,"HornCleat":114,"DollysMirror":81,"Strawberry":27,"qcfpunch:Red_Gi":141,"halation:VictoryRuler":94,"aspiration:ArtOfWarUpgrade":162,"Toxic Egg 2":209,"trackpad:BiPhaseBiplane":209,"conspire:Dentures":221,"Happy Flower":45,"trackpad:SappingStone":111,"vexMod:ScavengeHelm":114,"Dead Branch":90,"Oddly Smooth Stone":11,"infinitespire:Beetle Shell":36,"conspire:Boomerang":47,"War Paint":238,"Question Card":25,"paleoftheancients:Timepiece":77,"Replay:Baseball":81,"vexMod:Cooldron":152,"Bottled Flame":167,"Shuriken":110,"Molten Egg 2":142,"Simple Rune":207,"ReplayTheSpireMod:TigerMarble":81,"Grinning Jar":170,"trackpad:BottledTsunami":111,"CrustySpines":232,"Meat on the Bone":36,"ReplayFunnel":143,"Darkstone Periapt":179,"halation:PapillonHeart":76,"SnailShell":208,"trackpad:PetRock":105,"BrokenLever":195,"Incense Burner":108,"hubris:SlimyHat":134,"TeardropLocket":252,"Frozen Eye":191,"Gambling Chip":49,"Pantograph":84,"Tiny Chest":145,"RollingBoulder":174,"qcfpunch:Wrestler\u0027s_Cloak":158,"trackpad:VoidSphere":110,"Gremlin Food":167,"hubris:DisguiseKit":145,"BargainBundle":85,"trackpad:HandOfMidas":42,"Replay:Towering Pillar of Hats":164,"aspiration:FetidBarrel":152,"paleoftheancients:SoulOfTheHexaghost":80,"aspiration:HummingbirdHeart":44,"qcfpunch:White_Boots":72,"White Beast Statue":167,"Sandwich":168,"Peace Pipe":171,"Anchor":77,"CaptainsWheel":143,"infinitespire:WardingShard":50,"ChewingGum":148,"Snack Pack":24,"qcfpunch:Red_Headband":155,"Coffee Dripper":239,"PureWater":0,"TungstenRod":206,"hubris:NiceRug":141},{"trackpad:Mousetrap":57,"Replay:Accelerometer":712,"Spirit Poop":574,"aspiration:PoetsPen_weak":313,"infinitespire:Cubic Diamond":465,"qcfpunch:Red_Beret":545,"Sling":683,"Replay:Wanted Poster":642,"trackpad:PocketGalaxy":124,"vexMod:InvisibilityCloak":394,"conspire:GlowingRock":563,"Necronomicon":88,"HandDrill":361,"halation:PromiseList":683,"aspiration:DSix":548,"hubris:MobiusCoin":124,"MerchantsRug":713,"aspiration:StickyExplosives":657,"Blue Candle":599,"Eternal Feather":625,"ReplayTheSpireMod:SealedPack":527,"Akabeko":514,"infinitespire:EvilPickle":526,"qcfpunch:Broken_Tusk":535,"infinitespire:Lychee Nut":474,"Bird Faced Urn":463,"CultistMask":566,"conspire:BottledYoYo":535,"StrikeDummy":501,"Unceasing Top":575,"Regal Pillow":190,"Torii":208,"halation:TrafficLight":548,"hubris:EmptyBottle":349,"Smiling Mask":208,"Pet Ghost":226,"qcfpunch:Wild_Herbs_Ointment":347,"hubris:BlackHole":492,"infinitespire:Bottled Soul":449,"vexMod:RedPlottingStone":114,"hubris:CuriousFeather":254,"Chemical X":124,"Replay:Bottled Eggs":492,"InkBottle":467,"Lee\u0027s Waffle":615,"construct:WeddingRing":406,"NeowsBlessing":0,"Golden Idol":254,"hubris:64BitClover":538,"halation:BottledLove":733,"qcfpunch:Black_Training_Shirt":214,"vexMod:BerryBomb":711,"PreservedInsect":38,"aspiration:RandomNobGenerator":149,"infinitespire:Lucky Rock":465,"hubris:Towel":240,"halation:NonexistentMirror":450,"Ornamental Fan":224,"SpikesRelics:DaevaFist":431,"Art of War":499,"Durian":522,"conspire:DeflatedDodgeball":240,"hubris:BottledRain":349,"Ice Cream":620,"Gremlin Horn":236,"aspiration:Stabinomicon":394,"halation:BlueSoulGem":398,"Sozu":338,"Prayer Wheel":248,"Iron Hammer":208,"qcfpunch:Handcuffs":545,"halation:KoshaPiece":640,"paleoftheancients:SoulOfTheWatcher":538,"paleoftheancients:KeyRelic":236,"hubris:Teleporter":336,"hubris:DuctTape":499,"vexMod:PaidLearning":124,"aspiration:HiddenCompartment":3,"hubris:Zylophone":577,"OrangePellets":124,"conspire:GiftBox":248,"paleoftheancients:SoulOfTheWokeBloke":446,"Onion Ring":463,"infinitespire:EmpoweringShard":499,"aspiration:HatOfInfinitePower":618,"aspiration:TomeofQuesting":431,"Juzu Bracelet":220,"paleoftheancients:SoulOfTheDefect":345,"Replay:Mystery Machine":254,"vexMod:Spyglass":347,"PrismaticShard":449,"conspire:TopHat":423,"vexMod:FluxCapacitor":195,"Nunchaku":221,"Dream Catcher":772,"TheAbacus":119,"hubris:Icosahedron":645,"MiniBlackHole":545,"qcfpunch:Necklace_of_Skulls":548,"trackpad:Compendium":695,"Red Mask":536,"Replay:Bottled Snecko":347,"halation:LettersToHer":248,"Runic Pyramid":481,"qcfpunch:Army_Boots":575,"trackpad:Trackpad":22,"Guide Book":124,"vexMod:FocusSash":618,"Odd Mushroom":258,"Medical Kit":349,"vexMod:Dragonfruit":601,"Strange Spoon":254,"Pondfish Scales":38,"infinitespire:DarkRift":536,"vexMod:BarristanHead":487,"infinitespire:Satchel":524,"Membership Card":349,"FossilizedHelix":519,"hubris:OldNail":548,"ReplayTheSpireMod:ShopPack":361,"Golden Egg":6,"vexMod:MemoryStick":63,"Ginger":349,"Boot":170,"halation:HeavySnake":633,"halation:RedSoulGem":1,"Replay:Ringing Soul":57,"ZombieTooth":724,"vexMod:CardConverter":254,"Sundial":535,"vexMod:EndlessSickness":528,"hubris:DeckOfHolding":361,"trackpad:AdjectivePendant":1,"Replay:Wax Seal":349,"hubris:TinFlute":609,"conspire:TreasureMap":492,"halation:QuantumPhysicsTextbook":615,"GiantMaggot":493,"Counterbalance":349,"vexMod:MysteryBossChallenge":22,"hubris:SphereOfDissonance":449,"aspiration:IroncladSkillbook":471,"aspiration:FrozenJewel":594,"qcfpunch:School_Backpack":347,"halation:Jellyphish":463,"halation:PenCase":492,"trackpad:BottledShadow":660,"hubris:TenFootPole":126,"trackpad:WindUpAutoDealer":190,"Abe\u0027s Treasure":500,"infinitespire:Cupcake":495,"conspire:Flyswatter":522,"halation:BlackBeret":138,"WizardHat":526,"qcfpunch:Spiky_Bracers":235,"Lantern":327,"hubris:Metronome":492,"aspiration:Lifesprig":597,"hierophant:PropheticMaskRelic":465,"RoseTintedShades":139,"Blue Doll":463,"Rawhide":569,"Replay:Multitool":234,"Bag of Preparation":492,"Cursed Key":73,"Replay:Rubber Ducky":492,"BranchBurnRelic":292,"Shovel":548,"hubris:ScarierMask":585,"WingedGreaves":124,"hubris:FunFungus":349,"Ring of Panic":119,"BicycleWheel":254,"construct:ClawGrip":275,"CherryCoatedStake":492,"halation:Yufonium":216,"Damaru":185,"infinitespire:Joker Card":6,"Omamori":208,"infinitespire:CheckeredPen":548,"Frozen Egg 2":548,"Orrery":545,"halation:AfternoonTea":12,"Bottled Lightning":308,"halation:TwoAmDonut":693,"ReplayTheSpireMod:Ring of Challenge":119,"ReplayTheSpireMod:Lightbulb":210,"Toy Ornithopter":548,"Mark of the Bloom":234,"trackpad:IceCube":520,"CeramicFish":463,"halation:Prosthetics":375,"trackpad:ZombieHeart":436,"HornCleat":361,"DollysMirror":248,"Strawberry":105,"qcfpunch:Red_Gi":452,"halation:VictoryRuler":292,"aspiration:ArtOfWarUpgrade":519,"Toxic Egg 2":615,"trackpad:BiPhaseBiplane":615,"conspire:Dentures":647,"Happy Flower":163,"trackpad:SappingStone":349,"vexMod:ScavengeHelm":361,"Dead Branch":279,"Oddly Smooth Stone":35,"infinitespire:Beetle Shell":136,"conspire:Boomerang":170,"War Paint":698,"Question Card":96,"paleoftheancients:Timepiece":236,"Replay:Baseball":248,"vexMod:Cooldron":492,"Bottled Flame":524,"Shuriken":347,"Molten Egg 2":463,"Simple Rune":607,"ReplayTheSpireMod:TigerMarble":248,"Grinning Jar":528,"trackpad:BottledTsunami":349,"CrustySpines":691,"Meat on the Bone":136,"ReplayFunnel":465,"Darkstone Periapt":548,"halation:PapillonHeart":235,"SnailShell":609,"trackpad:PetRock":334,"BrokenLever":580,"Incense Burner":343,"hubris:SlimyHat":430,"TeardropLocket":724,"Frozen Eye":575,"Gambling Chip":177,"Pantograph":252,"Tiny Chest":469,"RollingBoulder":537,"qcfpunch:Wrestler\u0027s_Cloak":501,"trackpad:VoidSphere":347,"Gremlin Food":524,"hubris:DisguiseKit":469,"BargainBundle":254,"trackpad:HandOfMidas":154,"Replay:Towering Pillar of Hats":521,"aspiration:FetidBarrel":492,"paleoftheancients:SoulOfTheHexaghost":246,"aspiration:HummingbirdHeart":158,"qcfpunch:White_Boots":224,"White Beast Statue":524,"Sandwich":526,"Peace Pipe":534,"Anchor":236,"CaptainsWheel":465,"infinitespire:WardingShard":180,"ChewingGum":477,"Snack Pack":92,"qcfpunch:Red_Headband":497,"Coffee Dripper":703,"PureWater":0,"TungstenRod":606,"hubris:NiceRug":452}]},"card_choices":[{"not_picked":["Replay:Cycle","EmptyFist"],"picked":"FearNoEvil","floor":1},{"not_picked":["Nirvana","Prostrate"],"picked":"CrushJoints","floor":3}],"player_experience":837230,"relics_obtained":[{"floor":3,"key":"Boot"}],"event_choices":[{"damage_healed":0,"gold_gain":0,"player_choice":"Grow","damage_taken":0,"max_hp_gain":0,"max_hp_loss":0,"event_name":"Living Wall","floor":2,"gold_loss":0,"cards_upgraded":["TalkToTheHand"]}],"is_beta":false,"boss_relics":[],"items_purged_floors":[0,0],"is_endless":false,"potions_floor_spawned":[],"killed_by":"Nightmare","ascension_level":13}}