{"host":"Teixeira","time":1608319692,"event":{"mods":["2.2 Compatiblity","Aspiration","BaseMod","Better Third Choice","Colored Map","Colored Powertips","Hermit","Minty Spire (QoL Compilation)","Permanent Neow","Rare Cards Sparkle","Relic Filter","Replay The Spire","Spicy Shops","StSLib","SuperFastMode"],"gold_per_floor":[124,189,181,213,245,257,294,323,335,376,388,400,412,434,446,556,568,599,640,1012,1042,1067,1079,739,766,820,838,871,556,556,169,169,266,266,281,281,291,301,320,351,351,371,371,385,412,412,412,442,442,442],"floor_reached":51,"playtime":2651,"items_purged":["Strike_B","Strike_B","Defend_B"],"score":842,"play_id":"b7b7fe00-eb9c-425c-b650-a846e4a1fd50","local_time":"20201218162811","is_ascension_mode":true,"campfire_choices":[{"data":"Zap","floor":6,"key":"SMITH"},{"data":"Dualcast","floor":12,"key":"SMITH"},{"data":"Go for the Eyes","floor":15,"key":"SMITH"},{"data":"White Noise","floor":23,"key":"SMITH"},{"floor":30,"key":"REST"},{"data":"Fission","floor":41,"key":"SMITH"},{"data":"Leap","floor":49,"key":"SMITH"}],"circlet_count":0,"master_deck":["Strike_B+1","Defend_B","Zap+1","Dualcast+1","White Noise+1","Leap+1","Go for the Eyes+1","Creative AI+1","Static Discharge+1","Thunder Strike+1","Electrodynamics+1","Loop+1","Defragment+1","Self Repair+1","Fission+1","Capacitor+1"],"relics":["Cracked Core","MawBank","Cables","Frozen Egg 2","HornCleat","Whetstone","Nuclear Battery","Red Mask","Matryoshka","Strawberry","Potion Belt","Chameleon Ring","Centennial Puzzle","Solar Panel","ReplayTheSpireMod:Shallot","aspiration:PoetsPen_weak","Question Card","Shuriken","ReplayTheSpireMod:TigerMarble","Replay:Kaleidoscope","Replay:PocketPolymizer","Bag of Marbles"],"acts_visited":["Exordium","TheCity","TheBeyond"],"potions_floor_usage":[7,16,33,42,44,50,50,50],"damage_taken":[{"damage":2,"enemies":"2 Louse","floor":1,"turns":2},{"damage":1,"enemies":"Cultist","floor":4,"turns":3},{"damage":2,"enemies":"Jaw Worm","floor":5,"turns":4},{"damage":11,"enemies":"Gremlin Nob","floor":7,"turns":4},{"damage":7,"enemies":"Looter","floor":8,"turns":2},{"damage":4,"enemies":"Lagavulin","floor":10,"turns":5},{"damage":1,"enemies":"2 Fungi Beasts","floor":14,"turns":3},{"damage":19,"enemies":"The Guardian","floor":16,"turns":6},{"damage":7,"enemies":"Shell Parasite","floor":18,"turns":3},{"damage":0,"enemies":"Masked Bandits","floor":19,"turns":2},{"damage":0,"enemies":"3 Byrds","floor":21,"turns":2},{"damage":8,"enemies":"Shelled Parasite and Fungi","floor":22,"turns":3},{"damage":0,"enemies":"Gremlin Leader","floor":25,"turns":5},{"damage":5,"enemies":"Centurion and Healer","floor":27,"turns":3},{"damage":10,"enemies":"Book of Stabbing","floor":28,"turns":4},{"damage":6,"enemies":"Automaton","floor":33,"turns":5},{"damage":10,"enemies":"3 Darklings","floor":35,"turns":2},{"damage":9,"enemies":"3 Shapes","floor":37,"turns":3},{"damage":19,"enemies":"Jaw Worm Horde","floor":38,"turns":3},{"damage":9,"enemies":"Maw","floor":39,"turns":4},{"damage":9,"enemies":"R_Hoarder","floor":40,"turns":5},{"damage":12,"enemies":"Transient","floor":42,"turns":5},{"damage":10,"enemies":"Writhing Mass","floor":44,"turns":4},{"damage":41,"enemies":"Nemesis","floor":45,"turns":5},{"damage":0,"enemies":"R_Hoarder","floor":48,"turns":6},{"damage":65,"enemies":"Replay:Hell Engine","floor":50,"turns":7}],"seed_played":"3210006741165308249","potions_obtained":[{"floor":1,"key":"Elixir"},{"floor":3,"key":"Flashbang"},{"floor":8,"key":"Reflective Coating"},{"floor":10,"key":"Energy Potion"},{"floor":22,"key":"Venom Potion"},{"floor":25,"key":"LiquidMemories"},{"floor":32,"key":"Swift Potion"},{"floor":32,"key":"Cursed Concoction"},{"floor":33,"key":"FocusPotion"},{"floor":42,"key":"AttackPotion"},{"floor":48,"key":"Weak Potion"}],"is_trial":false,"path_per_floor":["M","?","?","M","M","R","E","M","T","E","?","R","?","M","R","B",null,"M","?","?","M","M","R","$","E","T","M","E","$","R","$","R","B",null,"M","?","M","M","M","E","R","M","T","M","E","T","?","E","R","B",null],"character_chosen":"DEFECT","items_purchased":["Matryoshka","Defragment+1","Self Repair+1","Centennial Puzzle","Solar Panel","ReplayTheSpireMod:Shallot"],"campfire_rested":1,"item_purchase_floors":[24,24,29,29,31,31],"current_hp_per_floor":[73,55,55,54,52,52,41,34,34,30,38,38,38,37,37,18,75,68,68,32,32,24,24,24,31,31,26,16,16,40,40,40,48,82,82,82,73,68,75,78,78,76,76,82,61,61,61,82,82,39],"gold":442,"neow_bonus":"REMOVE_TWO","is_daily":false,"chose_seed":false,"campfire_upgraded":6,"win_rate":0.0,"timestamp":1608319691,"path_taken":["M","?","?","M","?","R","E","M","T","E","?","R","?","M","R","BOSS","M","?","?","?","?","R","?","E","T","M","E","$","R","$","R","BOSS","M","?","M","M","M","E","R","M","T","M","E","?","?","E","R","BOSS"],"items_purchased_type":["Relic","Card","Card","Relic","Relic","Relic"],"build_version":"2020-11-17","purchased_purges":3,"victory":true,"max_hp_per_floor":[75,75,75,75,75,75,75,75,75,75,75,75,75,75,75,75,75,75,75,75,75,75,75,75,82,82,82,82,82,82,82,82,82,82,82,82,82,82,82,82,82,82,82,82,82,82,82,82,82,82],"card_choices":[{"not_picked":["Reprogram","Gash","Go for the Eyes"],"picked":"SKIP","floor":1},{"not_picked":["Redo","Beam Cell"],"picked":"White Noise","floor":2},{"not_picked":["Steam","Coolheaded"],"picked":"Leap","floor":4},{"not_picked":["Go for the Eyes","Compile Driver","Sweeping Beam"],"picked":"SKIP","floor":5},{"not_picked":["Compile Driver","Sweeping Beam"],"picked":"Go for the Eyes","floor":5},{"not_picked":["Barrage","Lockon"],"picked":"Creative AI+1","floor":7},{"not_picked":["Streamline","Gash"],"picked":"Static Discharge+1","floor":8},{"not_picked":["Cold Snap","Consume"],"picked":"Thunder Strike","floor":10},{"not_picked":["Glacier","Beam Cell","Barrage"],"picked":"SKIP","floor":14},{"not_picked":["Seek","Rainbow"],"picked":"Electrodynamics+1","floor":16},{"not_picked":["Reinforced Body","Gash"],"picked":"Loop+1","floor":18},{"not_picked":["Darkness","Go for the Eyes","Scrape"],"picked":"SKIP","floor":21},{"not_picked":["Conserve Battery","Cold Snap","Streamline"],"picked":"SKIP","floor":22},{"not_picked":["All For One","Compile Driver","Rainbow"],"picked":"SKIP","floor":25},{"not_picked":["Barrage+1","Cold Snap+1","Stack"],"picked":"SKIP","floor":27},{"not_picked":["Compile Driver","Auto Shields","Sweeping Beam"],"picked":"SKIP","floor":28},{"not_picked":["Buffer+1","Rainbow"],"picked":"Fission","floor":33},{"not_picked":["Steam","Stack+1","Compile Driver+1"],"picked":"SKIP","floor":35},{"not_picked":["Conserve Battery","Gash+1","Barrage+1"],"picked":"SKIP","floor":37},{"not_picked":["Beam Cell","White Noise+1","Leap+1"],"picked":"SKIP","floor":38},{"not_picked":["Barrage","Conserve Battery","Cold Snap+1"],"picked":"SKIP","floor":39},{"not_picked":["Coolheaded+1","Consume+1"],"picked":"Capacitor+1","floor":40},{"not_picked":["Double Energy","Reprogram+1","Aggregate+1","Streamline+1"],"picked":"SKIP","floor":42},{"not_picked":["Ball Lightning","Steam Power","Fission","Go for the Eyes+1"],"picked":"SKIP","floor":44},{"not_picked":["Beam Cell+1","Conserve Battery+1","Streamline+1","Auto Shields"],"picked":"SKIP","floor":45},{"not_picked":["Sweeping Beam","Steam","Conserve Battery+1","White Noise"],"picked":"SKIP","floor":48}],"player_experience":18646,"relics_obtained":[{"floor":7,"key":"Frozen Egg 2"},{"floor":9,"key":"HornCleat"},{"floor":10,"key":"Whetstone"},{"floor":19,"key":"Red Mask"},{"floor":25,"key":"Strawberry"},{"floor":26,"key":"Potion Belt"},{"floor":28,"key":"Chameleon Ring"},{"floor":40,"key":"Question Card"},{"floor":43,"key":"Shuriken"},{"floor":43,"key":"ReplayTheSpireMod:TigerMarble"},{"floor":45,"key":"Replay:Kaleidoscope"},{"floor":46,"key":"Replay:PocketPolymizer"},{"floor":48,"key":"Bag of Marbles"}],"event_choices":[{"damage_healed":0,"gold_gain":0,"player_choice":"Bought 1 Potion","damage_taken":0,"max_hp_gain":0,"max_hp_loss":0,"event_name":"The Woman in Blue","floor":3,"gold_loss":0},{"damage_healed":0,"gold_gain":0,"player_choice":"Fought Bandits","damage_taken":0,"max_hp_gain":0,"max_hp_loss":0,"event_name":"Masked Bandits","floor":19,"gold_loss":0},{"damage_healed":0,"gold_gain":360,"player_choice":"GOLD GOLD GOLD GOLD ","damage_taken":36,"max_hp_gain":0,"max_hp_loss":0,"event_name":"Knowing Skull","floor":20,"potions_obtained":[],"gold_loss":0,"cards_obtained":[]},{"damage_healed":0,"gold_gain":0,"player_choice":"Ignored","damage_taken":0,"max_hp_gain":0,"max_hp_loss":0,"event_name":"Tomb of Lord Red Mask","floor":36,"gold_loss":0}],"is_beta":true,"boss_relics":[{"not_picked":["FrozenCore","Black Star"],"picked":"Nuclear Battery"},{"not_picked":["aspiration:RitualDagger","Painkiller Herb"],"picked":"aspiration:PoetsPen_weak"}],"items_purged_floors":[24,29,31],"is_endless":false,"potions_floor_spawned":[1,8,10,22,25,33,39,42,48],"ascension_level":1}}