{"host":"gp6kafy53r5vaktt","time":1608284113,"event":{"mods":["BaseMod","Colored Map","Highlight Path","Minty Spire (QoL Compilation)"],"gold_per_floor":[116,135,150,150,162,190,190,255,278,291,326,326,134,146,146,247,247,247,1,1,1,1,1,1,1,1,1,1,1,1,1,1,1,1,1,1,1,1,1,1,1,1,1,1,0,0,0,0,0,0,0],"floor_reached":50,"playtime":3587,"items_purged":["Regret"],"score":605,"play_id":"64e48783-263f-4fdc-8e40-0f0f47f308bd","local_time":"20201218113513","is_ascension_mode":true,"campfire_choices":[{"data":"Noxious Fumes","floor":7,"key":"SMITH"},{"floor":12,"key":"REST"},{"data":"Dodge and Roll","floor":15,"key":"SMITH"},{"data":"Catalyst","floor":25,"key":"SMITH"},{"data":"Dash","floor":27,"key":"SMITH"},{"data":"Leg Sweep","floor":32,"key":"SMITH"},{"floor":41,"key":"REST"},{"floor":49,"key":"REST"}],"circlet_count":0,"master_deck":["Strike_G","Strike_G","Strike_G","Strike_G","Defend_G","Defend_G","Defend_G","Defend_G","Survivor","Neutralize","Catalyst+1","Noxious Fumes+1","Cloak And Dagger","Escape Plan","Dagger Spray","Backstab","Prepared","Blur","Dash+1","Dodge and Roll+1","Bullet Time","Skewer","Concentrate","Poisoned Stab+1","Leg Sweep+1","Backflip","Die Die Die","Noxious Fumes+1","Escape Plan+1","Madness","Madness","Backstab+1","PiercingWail","Dash+1","Escape Plan+1","Backflip","Malaise"],"relics":["Ring of the Snake","Bronze Scales","Toy Ornithopter","Vajra","Calipers","Ectoplasm","Mummified Hand","Letter Opener","Sundial","TungstenRod","Nloth\u0027s Gift","SlaversCollar","Nunchaku","Kunai","Snake Skull","Red Mask"],"acts_visited":["Exordium","TheCity","TheBeyond"],"potions_floor_usage":[6,8,11,16,22,23,33,38],"damage_taken":[{"damage":2,"enemies":"2 Louse","floor":1,"turns":5},{"damage":0,"enemies":"Small Slimes","floor":2,"turns":5},{"damage":4,"enemies":"Jaw Worm","floor":3,"turns":6},{"damage":0,"enemies":"Exordium Wildlife","floor":5,"turns":5},{"damage":7,"enemies":"3 Sentries","floor":6,"turns":8},{"damage":20,"enemies":"3 Sentries","floor":8,"turns":8},{"damage":0,"enemies":"2 Fungi Beasts","floor":10,"turns":3},{"damage":45,"enemies":"Gremlin Nob","floor":11,"turns":6},{"damage":0,"enemies":"3 Louse","floor":14,"turns":2},{"damage":19,"enemies":"The Guardian","floor":16,"turns":11},{"damage":0,"enemies":"Spheric Guardian","floor":18,"turns":4},{"damage":0,"enemies":"3 Byrds","floor":22,"turns":2},{"damage":8,"enemies":"Book of Stabbing","floor":23,"turns":5},{"damage":3,"enemies":"Gremlin Leader","floor":29,"turns":6},{"damage":3,"enemies":"Snake Plant","floor":30,"turns":4},{"damage":15,"enemies":"Automaton","floor":33,"turns":10},{"damage":3,"enemies":"Orb Walker","floor":35,"turns":3},{"damage":0,"enemies":"3 Shapes","floor":36,"turns":4},{"damage":22,"enemies":"Sphere and 2 Shapes","floor":38,"turns":5},{"damage":4,"enemies":"4 Shapes","floor":39,"turns":4},{"damage":33,"enemies":"Giant Head","floor":40,"turns":10},{"damage":25,"enemies":"Reptomancer","floor":42,"turns":6},{"damage":5,"enemies":"Jaw Worm Horde","floor":44,"turns":5},{"damage":9,"enemies":"Sphere and 2 Shapes","floor":47,"turns":4},{"damage":0,"enemies":"Spire Growth","floor":48,"turns":4},{"damage":27,"enemies":"Time Eater","floor":50,"turns":5}],"seed_played":"-1064844918180887981","potions_obtained":[{"floor":2,"key":"Block Potion"},{"floor":3,"key":"Dexterity Potion"},{"floor":10,"key":"DuplicationPotion"},{"floor":14,"key":"PowerPotion"},{"floor":18,"key":"Explosive Potion"},{"floor":22,"key":"SpeedPotion"},{"floor":30,"key":"Weak Potion"},{"floor":36,"key":"SpeedPotion"},{"floor":44,"key":"SpeedPotion"},{"floor":47,"key":"SteroidPotion"}],"is_trial":false,"path_per_floor":["M","M","M","?","M","E","R","?","T","M","E","R","$","M","R","B",null,"M","$","?","T","M","E","$","R","T","R","?","E","M","?","R","B",null,"M","M","?","M","M","E","R","E","T","M","?","?","M","M","R","B"],"character_chosen":"THE_SILENT","items_purchased":["Blur","Dash","Mummified Hand"],"campfire_rested":3,"item_purchase_floors":[13,13,19],"current_hp_per_floor":[75,75,71,71,71,64,64,44,44,44,4,27,27,27,27,13,77,77,77,77,77,77,71,71,71,71,71,57,54,51,51,51,41,82,79,79,70,53,49,16,40,15,15,10,10,10,1,1,25,0,0],"gold":0,"neow_bonus":"TEN_PERCENT_HP_BONUS","is_daily":false,"chose_seed":false,"campfire_upgraded":5,"win_rate":0.0,"timestamp":1608284113,"path_taken":["M","M","M","?","M","E","R","?","T","M","E","R","$","M","R","BOSS","M","$","?","?","M","E","?","R","T","R","?","E","M","?","R","BOSS","M","?","?","M","M","E","R","E","T","M","?","?","M","M","R","BOSS"],"items_purchased_type":["Card","Card","Relic"],"build_version":"2020-12-13","purchased_purges":1,"victory":false,"max_hp_per_floor":[77,77,77,77,77,77,77,77,77,77,77,77,77,77,77,77,77,77,77,77,77,77,77,77,77,77,77,82,82,82,82,82,82,82,82,82,82,82,82,82,82,82,82,82,82,82,82,82,82,82,82],"card_choices":[{"not_picked":["Bane","Dagger Throw"],"picked":"Catalyst","floor":1},{"not_picked":["Acrobatics","Endless Agony","Deflect"],"picked":"SKIP","floor":2},{"not_picked":["Poisoned Stab","Eviscerate"],"picked":"Noxious Fumes","floor":3},{"not_picked":["Expertise","Underhanded Strike","Infinite Blades"],"picked":"SKIP","floor":5},{"not_picked":["Flechettes","Masterful Stab"],"picked":"Cloak And Dagger","floor":6},{"not_picked":["Bane","Dagger Spray"],"picked":"Escape Plan","floor":8},{"not_picked":["Deflect","Flying Knee"],"picked":"Dagger Spray","floor":10},{"not_picked":["Riddle With Holes","Dagger Spray"],"picked":"Backstab","floor":11},{"not_picked":["Cloak And Dagger","Malaise"],"picked":"Prepared","floor":12},{"not_picked":["Quick Slash","Deadly Poison"],"picked":"Dodge and Roll","floor":14},{"not_picked":["Corpse Explosion","Storm of Steel"],"picked":"Bullet Time","floor":16},{"not_picked":["Deadly Poison","Concentrate","Quick Slash"],"picked":"SKIP","floor":18},{"not_picked":["Flying Knee","Dagger Spray+1"],"picked":"Poisoned Stab+1","floor":22},{"not_picked":["Bouncing Flask+1","Distraction","Finisher+1"],"picked":"SKIP","floor":23},{"not_picked":["Concentrate","Masterful Stab"],"picked":"Leg Sweep","floor":29},{"not_picked":["Backstab","Flying Knee"],"picked":"Backflip","floor":30},{"not_picked":["A Thousand Cuts","Glass Knife"],"picked":"Die Die Die","floor":33},{"not_picked":["Flying Knee","Slice"],"picked":"Noxious Fumes+1","floor":35},{"not_picked":["Cloak And Dagger+1","Expertise"],"picked":"Escape Plan+1","floor":36},{"not_picked":["PiercingWail","Caltrops","Deadly Poison"],"picked":"SKIP","floor":38},{"not_picked":["Underhanded Strike+1","Deadly Poison+1"],"picked":"Backstab+1","floor":39},{"not_picked":["Bane+1","Endless Agony+1"],"picked":"PiercingWail","floor":40},{"not_picked":["PiercingWail","Endless Agony+1"],"picked":"Dash+1","floor":42},{"not_picked":["Bane","Concentrate"],"picked":"Escape Plan+1","floor":44},{"not_picked":["Distraction+1","Sucker Punch"],"picked":"Backflip","floor":47},{"not_picked":["Dagger Throw","Noxious Fumes+1"],"picked":"Malaise","floor":48}],"player_experience":34908,"relics_obtained":[{"floor":6,"key":"Bronze Scales"},{"floor":8,"key":"Toy Ornithopter"},{"floor":9,"key":"Vajra"},{"floor":11,"key":"Calipers"},{"floor":21,"key":"Letter Opener"},{"floor":23,"key":"Sundial"},{"floor":29,"key":"TungstenRod"},{"floor":40,"key":"Nunchaku"},{"floor":42,"key":"Kunai"},{"floor":43,"key":"Snake Skull"}],"event_choices":[{"damage_healed":0,"gold_gain":0,"player_choice":"Box","damage_taken":0,"relics_obtained":["Dream Catcher"],"max_hp_gain":0,"max_hp_loss":0,"event_name":"Big Fish","floor":4,"gold_loss":0,"cards_obtained":["Regret"]},{"damage_healed":0,"gold_gain":0,"player_choice":"Searched \u00271\u0027 times","damage_taken":0,"max_hp_gain":0,"max_hp_loss":0,"event_name":"Dead Adventurer","floor":8,"gold_loss":0},{"damage_healed":0,"gold_gain":0,"cards_transformed":["Strike_G","Defend_G"],"player_choice":"Became Test Subject","damage_taken":0,"max_hp_gain":0,"max_hp_loss":0,"event_name":"Drug Dealer","floor":20,"gold_loss":0,"cards_obtained":["Skewer","Concentrate"]},{"damage_healed":0,"gold_gain":0,"player_choice":"Shed Blood","damage_taken":19,"max_hp_gain":5,"max_hp_loss":0,"event_name":"Forgotten Altar","floor":28,"gold_loss":0},{"damage_healed":0,"gold_gain":0,"player_choice":"Traded Relic","damage_taken":0,"relics_obtained":["Nloth\u0027s Gift"],"max_hp_gain":0,"max_hp_loss":0,"event_name":"N\u0027loth","floor":31,"relics_lost":["Dream Catcher"],"gold_loss":0},{"damage_healed":0,"gold_gain":0,"player_choice":"Embrace Madness","damage_taken":10,"max_hp_gain":0,"max_hp_loss":0,"event_name":"Winding Halls","floor":37,"gold_loss":0,"cards_obtained":["Madness","Madness"]},{"damage_healed":0,"gold_gain":0,"player_choice":"Paid","damage_taken":0,"relics_obtained":["Red Mask"],"max_hp_gain":0,"max_hp_loss":0,"event_name":"Tomb of Lord Red Mask","floor":45,"gold_loss":1},{"damage_healed":0,"gold_gain":100,"player_choice":"Pray","damage_taken":0,"max_hp_gain":0,"max_hp_loss":0,"event_name":"Golden Shrine","floor":46,"gold_loss":0}],"is_beta":false,"boss_relics":[{"not_picked":["Black Star","SacredBark"],"picked":"Ectoplasm"},{"not_picked":["Empty Cage","Fusion Hammer"],"picked":"SlaversCollar"}],"items_purged_floors":[13],"is_endless":false,"potions_floor_spawned":[2,3,10,14,18,22,30,36,44,47],"killed_by":"Time Eater","ascension_level":1}}