{"host":"1mv6gj0zv8k9e9tz","time":1608308553,"event":{"mods":["AchievementEnabler","BaseMod","Better Third Choice","Colored Map","KOR Keyword Fix","Minty Spire (QoL Compilation)","Permanent Neow","Rare Cards Sparkle","StSLib"],"gold_per_floor":[118,132,148,148,44,44,72,72,140,169,187,201,201,215,215,215,215],"floor_reached":16,"playtime":614,"items_purged":[],"score":151,"play_id":"fa53cd34-96c4-48b0-b276-0836b7581ca4","local_time":"20201219012233","is_ascension_mode":true,"campfire_choices":[{"data":"Zap","floor":6,"key":"SMITH"},{"data":"Sweeping Beam","floor":8,"key":"SMITH"},{"floor":13,"key":"REST"},{"data":"Fission","floor":15,"key":"SMITH"}],"circlet_count":0,"master_deck":["Strike_B","Strike_B","Strike_B+1","Strike_B","Defend_B","Defend_B","Defend_B","Defend_B","Zap+1","Dualcast","Cold Snap","Sunder+1","Ball Lightning+1","Sweeping Beam+1","Amplify","Conserve Battery","Fission+1"],"relics":["Cracked Core","Dream Catcher","Mummified Hand","Whetstone"],"acts_visited":["Exordium"],"potions_floor_usage":[5,10],"damage_taken":[{"damage":7,"enemies":"Jaw Worm","floor":1,"turns":3},{"damage":0,"enemies":"Cultist","floor":2,"turns":4},{"damage":2,"enemies":"2 Louse","floor":3,"turns":2},{"damage":23,"enemies":"Lagavulin","floor":7,"turns":5},{"damage":20,"enemies":"Gremlin Nob","floor":10,"turns":3},{"damage":7,"enemies":"Blue Slaver","floor":11,"turns":3},{"damage":5,"enemies":"Gremlin Gang","floor":12,"turns":2},{"damage":7,"enemies":"Looter","floor":14,"turns":3},{"damage":37,"enemies":"Hexaghost","floor":16,"turns":8}],"seed_played":"2443938556410055486","potions_obtained":[{"floor":1,"key":"Strength Potion"},{"floor":2,"key":"ColorlessPotion"},{"floor":12,"key":"GamblersBrew"}],"is_trial":false,"path_per_floor":["M","M","M","?","$","R","E","R","T","E","M","M","R","M","R","B"],"character_chosen":"DEFECT","items_purchased":["Fruit Juice"],"campfire_rested":1,"item_purchase_floors":[5],"current_hp_per_floor":[68,68,66,66,71,71,48,48,48,28,21,16,42,35,35,0,0],"gold":215,"neow_bonus":"TEN_PERCENT_HP_BONUS","is_daily":false,"chose_seed":false,"campfire_upgraded":3,"win_rate":0.0,"timestamp":1608308553,"path_taken":["M","M","M","?","?","R","E","R","T","E","M","?","R","M","R","BOSS"],"items_purchased_type":["Potion"],"build_version":"2020-12-13","purchased_purges":0,"victory":false,"max_hp_per_floor":[82,82,82,82,87,87,87,87,87,87,87,87,87,87,87,87,87],"card_choices":[{"not_picked":["Static Discharge","Stack"],"picked":"Cold Snap","floor":1},{"not_picked":["Auto Shields","Rebound"],"picked":"Sunder","floor":2},{"not_picked":["Redo","Beam Cell"],"picked":"Ball Lightning","floor":3},{"not_picked":["Compile Driver","Seek"],"picked":"Sweeping Beam","floor":7},{"not_picked":["Stack","Streamline"],"picked":"Amplify","floor":10},{"not_picked":["Ball Lightning","Storm","Compile Driver"],"picked":"SKIP","floor":11},{"not_picked":["Auto Shields","Leap"],"picked":"Conserve Battery","floor":12},{"not_picked":["Reinforced Body","Stack"],"picked":"Fission","floor":14}],"player_experience":473760,"relics_obtained":[{"floor":7,"key":"Dream Catcher"},{"floor":9,"key":"Mummified Hand"},{"floor":10,"key":"Whetstone"}],"event_choices":[{"damage_healed":0,"gold_gain":0,"player_choice":"Upgraded","damage_taken":0,"max_hp_gain":0,"max_hp_loss":0,"event_name":"Upgrade Shrine","floor":4,"gold_loss":0,"cards_upgraded":["Sunder"]}],"is_beta":false,"boss_relics":[],"items_purged_floors":[],"is_endless":false,"potions_floor_spawned":[1,2,12],"killed_by":"Hexaghost","ascension_level":7}}