{"host":"coame8l8goqx0svj","time":1608305615,"event":{"mods":["BaseMod","Downfall","Minty Spire (QoL Compilation)","StSLib"],"gold_per_floor":[99,99,99,199,229,154,204,229,246,271,271,286,436,188,207,311,311,236,251,285,285,285,270,270,31,31,62,72,57,75,105,121,218,218,143,143,143,143,57,67,91,91,117,146,163,174,192,292,312,312,312,312,312],"floor_reached":52,"playtime":3436,"items_purged":[],"score":999,"play_id":"9dd65dc0-5abe-4fbc-b0ed-cefe35c58fc3","local_time":"20201218163335","is_ascension_mode":true,"campfire_choices":[{"floor":1,"key":"RECALL"},{"data":"Guardian:SentryBeam","floor":6,"key":"SMITH"},{"data":"Guardian:Orbwalk","floor":18,"key":"SMITH"},{"floor":26,"key":"REST"},{"data":"Guardian:StasisField","floor":35,"key":"SMITH"},{"data":"Guardian:Orbwalk","floor":38,"key":"SMITH"}],"circlet_count":0,"master_deck":["Guardian:Strike_Guardian","Guardian:Strike_Guardian","Guardian:Strike_Guardian","Guardian:Defend_Guardian+1","Guardian:Defend_Guardian","Guardian:Defend_Guardian","Guardian:Defend_Guardian+1","Guardian:CurlUp+1","Guardian:TwinSlam","Guardian:SentryBeam+1","Guardian:ShieldSpikes+1","Guardian:StasisField+1","Guardian:EvasiveProtocol","Guardian:FloatingOrbs+1","Slimebound:Icky","Guardian:Orbwalk+1","Guardian:Orbwalk+1","Guardian:StasisField","Guardian:FuturePlans+1","Guardian:PiercingHide+1","Guardian:TimeCapacitor","Panache","Guardian:WalkerClaw+1","expansioncontent:PrepareCrush","Guardian:ShieldCharger","Guardian:Orbwalk","Guardian:Aged","Guardian:AncientConstruct","Guardian:MultiBeam+1","Guardian:Gem_Lightblue"],"relics":["Guardian:ModeShifter","downfall:HeartsMalice","Mummified Hand","downfall:HeartBlessingRed","PreservedInsect","War Paint","Juzu Bracelet","Tiny Chest","Sozu","downfall:HeartBlessingGreen","Akabeko","champ:Barbells","Smiling Mask","ClockworkSouvenir","downfall:HeartBlessingBlue","Meat on the Bone","hexamod:BolsterEngine","Guardian:StasisEgg","Bag of Preparation","Lantern"],"acts_visited":["Exordium","TheCity","TheBeyond","TheEnding"],"potions_floor_usage":[20,31],"damage_taken":[{"damage":0,"enemies":"Jaw Worm","floor":2,"turns":1},{"damage":0,"enemies":"3 Sentries","floor":5,"turns":1},{"damage":0,"enemies":"Gremlin Nob","floor":8,"turns":1},{"damage":2,"enemies":"2 Louse","floor":9,"turns":3},{"damage":5,"enemies":"Lagavulin","floor":10,"turns":8},{"damage":0,"enemies":"Small Slimes","floor":12,"turns":3},{"damage":0,"enemies":"downfall:FleeingMerchant","floor":14,"turns":4},{"damage":7,"enemies":"Exordium Wildlife","floor":15,"turns":4},{"damage":22,"enemies":"downfall:Defect","floor":16,"turns":7},{"damage":16,"enemies":"Spheric Guardian","floor":19,"turns":4},{"damage":14,"enemies":"Slavers","floor":20,"turns":4},{"damage":0,"enemies":"downfall:FleeingMerchant","floor":23,"turns":4},{"damage":0,"enemies":"downfall:FleeingMerchant","floor":25,"turns":4},{"damage":0,"enemies":"Gremlin Leader","floor":27,"turns":6},{"damage":10,"enemies":"Chosen","floor":28,"turns":7},{"damage":0,"enemies":"downfall:FleeingMerchant","floor":29,"turns":4},{"damage":0,"enemies":"Centurion and Healer","floor":30,"turns":6},{"damage":8,"enemies":"downfall:FleeingMerchant","floor":31,"turns":2},{"damage":15,"enemies":"Snake Plant","floor":32,"turns":4},{"damage":7,"enemies":"downfall:Ironclad","floor":33,"turns":6},{"damage":9,"enemies":"3 Darklings","floor":40,"turns":5},{"damage":38,"enemies":"Nemesis","floor":44,"turns":7},{"damage":0,"enemies":"3 Shapes","floor":45,"turns":5},{"damage":5,"enemies":"3 Darklings","floor":46,"turns":6},{"damage":0,"enemies":"4 Shapes","floor":47,"turns":5},{"damage":0,"enemies":"Maw","floor":49,"turns":6},{"damage":50,"enemies":"downfall:Watcher","floor":50,"turns":7},{"damage":79,"enemies":"downfall:CharBossMerchant","floor":52,"turns":7}],"seed_played":"-8541826960983898274","potions_obtained":[{"floor":8,"key":"SpeedPotion"},{"floor":9,"key":"PowerPotion"},{"floor":10,"key":"Swift Potion"}],"is_trial":false,"path_per_floor":["R","M","?","?","E","R","T","E","M","E","?","M","?","$","M","B",null,"R","M","E","?","?","$","T","$","R","E","M","$","M","$","M","B",null,"R","T","?","R","$","M","T","?","T","E","M","M","M","?","M","B",null,"E"],"character_chosen":"GUARDIAN","items_purchased":["Tiny Chest","Guardian:Orbwalk","champ:Barbells","Guardian:TimeCapacitor","Panache","ClockworkSouvenir","Guardian:ShieldCharger","Guardian:Orbwalk"],"campfire_rested":1,"item_purchase_floors":[14,14,25,25,31,31,39,39],"current_hp_per_floor":[80,80,80,80,80,80,80,80,78,73,78,78,78,78,71,49,76,76,60,46,46,46,46,46,46,71,71,61,61,61,53,38,31,72,82,82,82,82,82,73,73,73,73,47,59,54,54,54,54,16,75,0,0],"gold":312,"neow_bonus":"THREE_ENEMY_KILL","is_daily":false,"chose_seed":false,"campfire_upgraded":4,"win_rate":0.0,"timestamp":1608305615,"path_taken":["R","M","?","?","E","R","T","E","M","E","?","M","?","$","M","BOSS","R","M","E","?","?","$","T","$","R","E","M","?","M","$","M","BOSS","R","?","?","R","?","M","T","?","?","E","M","M","M","?","M","BOSS","E"],"items_purchased_type":["Relic","Card","Relic","Card","Card","Relic","Card","Card"],"build_version":"2020-12-13","purchased_purges":0,"victory":false,"max_hp_per_floor":[80,80,80,80,80,80,80,80,80,80,85,85,85,85,85,85,85,85,85,85,85,85,85,85,85,85,85,85,85,85,85,85,85,85,95,95,95,95,95,95,95,95,95,95,95,95,95,95,95,95,95,95,95],"card_choices":[{"not_picked":["Guardian:Suspension","Guardian:CrystalBeam"],"picked":"Guardian:SentryBeam","floor":2},{"not_picked":["Guardian:WalkerClaw","Guardian:Gem_Green"],"picked":"Guardian:ShieldSpikes","floor":5},{"not_picked":["Guardian:Gem_Red","Guardian:WalkerClaw"],"picked":"Guardian:Gem_White","floor":8},{"not_picked":["Guardian:WalkerClaw","Guardian:GuardianWhirl"],"picked":"Guardian:StasisField","floor":9},{"not_picked":["Guardian:Gem_Green","Guardian:PrismaticBarrier"],"picked":"Guardian:EvasiveProtocol","floor":10},{"not_picked":["Guardian:BronzeArmor","Guardian:TemporalStrike"],"picked":"Guardian:FloatingOrbs","floor":12},{"not_picked":["Guardian:Gem_Purple","Guardian:CompilePackage"],"picked":"Guardian:Orbwalk","floor":14},{"not_picked":["Guardian:Emergency","Guardian:Suspension"],"picked":"Guardian:Gem_Crimson","floor":15},{"not_picked":["Guardian:CompilePackage","Guardian:TimeSifter"],"picked":"Guardian:StasisField","floor":16},{"not_picked":["Guardian:EvasiveProtocol","Guardian:ShieldCharger+1"],"picked":"Guardian:FuturePlans+1","floor":19},{"not_picked":["Guardian:PrimingBeam","Guardian:FastForward"],"picked":"Guardian:PiercingHide+1","floor":20},{"not_picked":["Guardian:Recover","Guardian:Gem_Lightblue","Guardian:Gem_Red"],"picked":"SKIP","floor":23},{"not_picked":["Guardian:ChargeCore","Guardian:FastForward","Guardian:RollAttack"],"picked":"SKIP","floor":25},{"not_picked":["Guardian:WalkerClaw+1","Guardian:Gem_Blue"],"picked":"Guardian:Gem_Yellow","floor":27},{"not_picked":["Guardian:DonusPower","Guardian:Reroute"],"picked":"Guardian:Gem_Synthetic","floor":28},{"not_picked":["Guardian:BronzeArmor","Guardian:Recover+1","Guardian:Gem_White"],"picked":"SKIP","floor":29},{"not_picked":["Guardian:Gem_White","Guardian:Gem_Crimson","Guardian:FuturePlans"],"picked":"SKIP","floor":30},{"not_picked":["Guardian:Gem_Yellow","Guardian:Planning+1","Guardian:Reroute"],"picked":"SKIP","floor":31},{"not_picked":["Guardian:TemporalStrike+1","Guardian:Gem_Cyan"],"picked":"Guardian:WalkerClaw+1","floor":32},{"not_picked":["Guardian:ExploitGems","Guardian:CompilePackage"],"picked":"Guardian:Gem_Orange","floor":33},{"not_picked":["expansioncontent:Hexaburn","expansioncontent:FaceSlap"],"picked":"expansioncontent:PrepareCrush","floor":37},{"not_picked":["Guardian:TimeCapacitor","Guardian:GuardianWhirl+1","Guardian:Incinerate+1"],"picked":"SKIP","floor":40},{"not_picked":["Guardian:Gem_Red","Guardian:Planning","Guardian:VentSteam"],"picked":"SKIP","floor":44},{"not_picked":["Guardian:Incinerate+1","Guardian:Gem_Fragmented"],"picked":"Guardian:AncientConstruct","floor":45},{"not_picked":["Guardian:Gem_Purple","Guardian:CrystalBeam"],"picked":"Guardian:MultiBeam+1","floor":46},{"not_picked":["Guardian:CrystalBeam","Guardian:Gem_Red"],"picked":"Guardian:Gem_Lightblue","floor":47},{"not_picked":["Guardian:ArmoredProtocol","Guardian:ShieldCharger+1","Guardian:Clone+1"],"picked":"SKIP","floor":49}],"player_experience":1653336,"relics_obtained":[{"floor":5,"key":"Mummified Hand"},{"floor":7,"key":"PreservedInsect"},{"floor":8,"key":"War Paint"},{"floor":10,"key":"Juzu Bracelet"},{"floor":20,"key":"Akabeko"},{"floor":27,"key":"Smiling Mask"},{"floor":36,"key":"Meat on the Bone"},{"floor":41,"key":"hexamod:BolsterEngine"},{"floor":43,"key":"Bag of Preparation"},{"floor":44,"key":"Lantern"}],"event_choices":[{"cards_removed":["Guardian:Strike_Guardian"],"damage_healed":0,"gold_gain":0,"player_choice":"Card Removal","damage_taken":0,"max_hp_gain":0,"max_hp_loss":0,"event_name":"The Cleric","floor":3,"gold_loss":0},{"damage_healed":0,"gold_gain":0,"player_choice":"Donut","damage_taken":0,"max_hp_gain":5,"max_hp_loss":0,"event_name":"Big Fish","floor":11,"gold_loss":0}],"is_beta":false,"boss_relics":[{"not_picked":["Snecko Eye","Coffee Dripper"],"picked":"Sozu"},{"not_picked":["Runic Dome","Cursed Key","Guardian:StasisSlotReductionRelic"]}],"items_purged_floors":[],"is_endless":false,"potions_floor_spawned":[8,9,10,15,20,27,30,33,40,45,47],"killed_by":"downfall:CharBossMerchant","ascension_level":5}}