{"host":"agbyy69nq62afhwx","time":1608324871,"event":{"mods":["BaseMod","Colored Map","Highlight Path","Keyboard Shortcuts","Minty Spire (QoL Compilation)","Quick Restart","StSLib","SuperFastMode","everything is the same but u backflip on backflip"],"gold_per_floor":[110,110,121,131,148,148,158,178,253,203,128,128,140,157,157,254,254,269,285,299,299,299,299],"floor_reached":22,"playtime":886,"items_purged":["Strike_G"],"score":200,"play_id":"b230f495-d473-4aba-9daf-4f9dc717e1c7","local_time":"20201219055431","is_ascension_mode":true,"campfire_choices":[{"data":"Flying Knee","floor":6,"key":"SMITH"},{"data":"Noxious Fumes","floor":12,"key":"SMITH"},{"data":"Calculated Gamble","floor":15,"key":"SMITH"}],"circlet_count":0,"master_deck":["Defend_G","Defend_G","Survivor","Neutralize","Backflip","Noxious Fumes+1","Flying Knee+1","Crippling Poison","Prepared","Eviscerate","Calculated Gamble+1","Burst","Corpse Explosion+1","Caltrops+1","Deflect+1","Backflip+1","Cloak And Dagger","Quick Slash"],"relics":["Ring of the Snake","Bottled Tornado","Astrolabe"],"acts_visited":["Exordium","TheCity"],"potions_floor_usage":[22],"damage_taken":[{"damage":1.0,"enemies":"2 Louse","floor":1.0,"turns":4.0},{"damage":4,"enemies":"Jaw Worm","floor":3,"turns":6},{"damage":3,"enemies":"Cultist","floor":4,"turns":4},{"damage":3,"enemies":"Looter","floor":5,"turns":4},{"damage":9,"enemies":"Large Slime","floor":7,"turns":7},{"damage":6,"enemies":"2 Fungi Beasts","floor":8,"turns":4},{"damage":1,"enemies":"Blue Slaver","floor":13,"turns":4},{"damage":1,"enemies":"Red Slaver","floor":14,"turns":3},{"damage":5,"enemies":"The Guardian","floor":16,"turns":12},{"damage":10,"enemies":"Shell Parasite","floor":18,"turns":5},{"damage":31,"enemies":"Chosen","floor":19,"turns":5},{"damage":17,"enemies":"Shelled Parasite and Fungi","floor":20,"turns":5},{"damage":21,"enemies":"Sentry and Sphere","floor":22,"turns":6}],"seed_played":"-1479441999440186812","potions_obtained":[{"floor":3,"key":"Fire Potion"},{"floor":8,"key":"DuplicationPotion"},{"floor":14,"key":"DuplicationPotion"},{"floor":16,"key":"SkillPotion"}],"is_trial":false,"path_per_floor":["M","?","M","M","M","R","M","M","T","?","$","R","M","M","R","B",null,"M","M","M","?","M"],"character_chosen":"THE_SILENT","items_purchased":[],"campfire_rested":0,"item_purchase_floors":[],"current_hp_per_floor":[76,69,65,62,59,59,50,44,44,44,44,44,43,42,42,37,77,67,36,19,19,0,0],"gold":299,"neow_bonus":"TEN_PERCENT_HP_BONUS","is_daily":false,"chose_seed":false,"campfire_upgraded":3,"win_rate":0.0,"timestamp":1608324871,"path_taken":["M","?","M","M","M","R","M","M","T","?","?","R","M","?","R","BOSS","M","M","M","?","M"],"items_purchased_type":[],"build_version":"2020-12-13","purchased_purges":1,"victory":false,"max_hp_per_floor":[77,77,77,77,77,77,77,77,77,77,77,77,77,77,77,77,77,77,77,77,77,77,77],"card_choices":[{"not_picked":["Prepared","Quick Slash"],"picked":"Backflip","floor":1},{"not_picked":["Deflect","Quick Slash"],"picked":"Noxious Fumes","floor":3},{"not_picked":["Underhanded Strike","Deadly Poison"],"picked":"Flying Knee","floor":4},{"not_picked":["Deflect","Choke"],"picked":"Crippling Poison","floor":5},{"not_picked":["Dodge and Roll","Backstab"],"picked":"Prepared","floor":7},{"not_picked":["Masterful Stab","Prepared","Unload"],"picked":"SKIP","floor":8},{"not_picked":["Caltrops","Underhanded Strike"],"picked":"Eviscerate","floor":13},{"not_picked":["Dagger Spray","Deadly Poison"],"picked":"Calculated Gamble","floor":14},{"not_picked":["A Thousand Cuts","Bullet Time"],"picked":"Burst","floor":16},{"not_picked":["Bane","Acrobatics"],"picked":"Backflip+1","floor":18},{"not_picked":["Backflip","Deflect+1","Flying Knee+1"],"picked":"SKIP","floor":19},{"not_picked":["Riddle With Holes","Outmaneuver","Sucker Punch"],"picked":"SKIP","floor":20}],"player_experience":317119,"relics_obtained":[{"floor":9,"key":"Bottled Tornado"}],"event_choices":[{"cards_removed":["Strike_G"],"damage_healed":0,"gold_gain":0,"player_choice":"Card Removal","damage_taken":7,"max_hp_gain":0,"max_hp_loss":0,"event_name":"Golden Wing","floor":2,"gold_loss":0},{"cards_removed":["Strike_G"],"damage_healed":0,"gold_gain":0,"player_choice":"Card Removal","damage_taken":0,"max_hp_gain":0,"max_hp_loss":0,"event_name":"The Cleric","floor":10,"gold_loss":50},{"damage_healed":0,"gold_gain":0,"cards_transformed":["Defend_G","Defend_G"],"player_choice":"Became Test Subject","damage_taken":0,"max_hp_gain":0,"max_hp_loss":0,"event_name":"Drug Dealer","floor":21,"gold_loss":0,"cards_obtained":["Cloak And Dagger","Quick Slash"]}],"is_beta":false,"boss_relics":[{"not_picked":["Tiny House","Pandora\u0027s Box"],"picked":"Astrolabe"}],"items_purged_floors":[11],"is_endless":false,"potions_floor_spawned":[3,8,14,16,18],"killed_by":"Sentry and Sphere","ascension_level":2}}