{"host":"o5jvvi5yapo90aia","time":1608286307,"event":{"mods":["BaseMod","CapriCore","Minty Spire (QoL Compilation)","MostiFishMod","Prisma Mod","Spicy Shops","StSLib","TestMod","The Immortal","【东方二次创作】八云紫mod","【人物mod】游戏王New YuGiOh mod","【功能Mod】Neow奖励"],"gold_per_floor":[110,141,167,92,17,17,64,64,146,176,223,223,223,250,250,337,337,366,391,391,418,447,489,489,535,560,560,560,609,414,459,459,549,549,574,604,630,500,500,548,578,620,695,758,782,823,847,893,893,907,921,921,921,15,54,68],"floor_reached":57,"playtime":1352,"items_purged":["Strike_R","Shame","Battle Trance"],"score":4145,"play_id":"1dccdaf5-a395-4aa5-ae89-c8fd8ae95dfb","local_time":"20201218181147","is_ascension_mode":true,"campfire_choices":[{"data":"Defend_R","floor":6.0,"key":"PURGE"},{"data":"Strike_R","floor":8.0,"key":"PURGE"},{"floor":12.0,"key":"RECALL"},{"data":"Sword Boomerang","floor":15.0,"key":"SMITH"},{"data":"Strike_R","floor":24,"key":"PURGE"},{"data":"Bash","floor":28,"key":"PURGE"},{"data":"Defend_R","floor":32,"key":"PURGE"},{"data":"Discovery","floor":49,"key":"SMITH"},{"data":"Defend_R","floor":53,"key":"PURGE"}],"circlet_count":0,"master_deck":["AscendersBane","Defend_R","Sword Boomerang+1","MostiFishMod:CullingBlade","Dark Embrace+1","Barricade+1","Shockwave","Entrench+1","Discovery+1","Shrug It Off","Master of Strategy"],"relics":["DaveBox","testmod-TestBox","xbg","Civilization","testmod-PortableAltar","Question Card","Orichalcum","testmod-AssaultLearning","testmod-IndustrialRevolution","ImportantClient","JellyFishMachine","Happy Flower","Nunchaku","Strawberry","Enchiridion","Vajra","OrangePellets","testmod-Charity","Singing Bowl","Runic Pyramid","PrismaticShard","testmod-Hope","Meat on the Bone","StrikeDummy","ArrowTower","MealTicket","testmod-Déjàvu","Technique","testmod-Maize","Strange Spoon","testmod-Justice","Blood Vial"],"acts_visited":["Exordium","TheCity","TheBeyond","TheEnding"],"potions_floor_usage":[22],"damage_taken":[{"damage":11.0,"enemies":"Small Slimes","floor":1.0,"turns":4.0},{"damage":2.0,"enemies":"2 Louse","floor":2.0,"turns":2.0},{"damage":1.0,"enemies":"Jaw Worm","floor":3.0,"turns":1.0},{"damage":7.0,"enemies":"3 Sentries","floor":7.0,"turns":8.0},{"damage":0.0,"enemies":"2 Fungi Beasts","floor":10.0,"turns":2.0},{"damage":0.0,"enemies":"Gremlin Nob","floor":11.0,"turns":2.0},{"damage":0.0,"enemies":"3 Louse","floor":14.0,"turns":1.0},{"damage":0.0,"enemies":"The Guardian","floor":16.0,"turns":2.0},{"damage":0,"enemies":"Chosen","floor":18,"turns":1},{"damage":0,"enemies":"Spheric Guardian","floor":19,"turns":1},{"damage":0,"enemies":"Centurion and Healer","floor":21,"turns":1},{"damage":0,"enemies":"Snake Plant","floor":22,"turns":1},{"damage":0,"enemies":"Gremlin Leader","floor":23,"turns":1},{"damage":0,"enemies":"Book of Stabbing","floor":25,"turns":1},{"damage":0,"enemies":"Slavers","floor":29,"turns":1},{"damage":0,"enemies":"Book of Stabbing","floor":31,"turns":1},{"damage":0,"enemies":"Automaton","floor":33,"turns":1},{"damage":0,"enemies":"3 Darklings","floor":35,"turns":1},{"damage":0,"enemies":"Orb Walker","floor":36,"turns":1},{"damage":0,"enemies":"4 Shapes","floor":37,"turns":1},{"damage":0,"enemies":"Giant Head","floor":40,"turns":1},{"damage":0,"enemies":"Transient","floor":41,"turns":1},{"damage":0,"enemies":"Reptomancer","floor":42,"turns":1},{"damage":0,"enemies":"2 Orb Walkers","floor":44,"turns":1},{"damage":0,"enemies":"3 Darklings","floor":45,"turns":1},{"damage":0,"enemies":"Giant Head","floor":46,"turns":1},{"damage":0,"enemies":"4 Shapes","floor":47,"turns":1},{"damage":0,"enemies":"Nemesis","floor":48,"turns":1},{"damage":0,"enemies":"Time Eater","floor":50,"turns":1},{"damage":0,"enemies":"Donu and Deca","floor":51,"turns":2},{"damage":0,"enemies":"Shield and Spear","floor":55,"turns":1},{"damage":22,"enemies":"The Heart","floor":56,"turns":10}],"seed_played":"7165722489993849801","potions_obtained":[{"floor":1.0,"key":"GamblersBrew"},{"floor":2.0,"key":"ColorlessPotion"},{"floor":22,"key":"testmod-SpacePotion"},{"floor":23,"key":"Weak Potion"},{"floor":33,"key":"SpeedPotion"}],"is_trial":false,"path_per_floor":["M","M","M","$","?","R","E","R","T","M","E","R","?","M","R","B",null,"M","M","?","M","M","E","R","E","T","?","R","E","$","E","R","B",null,"M","M","M","$","?","E","M","E","T","?","M","E","M","E","R","B","B",null,"R","$","E","B",null],"character_chosen":"IRONCLAD","items_purchased":["OrangePellets","testmod-Charity","PrismaticShard","Technique","testmod-Maize","Strange Spoon","testmod-Justice","Shrug It Off"],"campfire_rested":0,"item_purchase_floors":[30,30,38,54,54,54,54,54],"current_hp_per_floor":[59,65,73,73,73,73,78,78,78,92,104,103,91,109,109,128,127,142,158,157,175,194,214,213,234,240,218,218,247,247,281,281,316,318,354,391,430,429,438,480,523,569,569,615,669,724,783,843,842,900,960,959,958,957,1020,1061],"gold":68,"neow_bonus":"BOSS_RELIC","is_daily":false,"chose_seed":false,"campfire_upgraded":2,"win_rate":0.0,"timestamp":1608286307,"path_taken":["M","M","M","$","?","R","E","R","T","M","E","R","?","M","R","BOSS","M","M","?","M","M","E","R","E","T","?","R","E","$","E","R","BOSS","M","M","M","$","?","E","M","E","T","?","M","E","M","E","R","BOSS","BOSS","R","$","E","BOSS"],"items_purchased_type":["Relic","Relic","Relic","Relic","Relic","Relic","Relic","Card"],"build_version":"2020-12-13","purchased_purges":3,"victory":true,"max_hp_per_floor":[76,79,83,82,81,80,87,86,85,94,104,103,102,115,114,128,127,142,158,157,175,194,214,213,234,240,239,238,262,261,290,289,319,318,354,391,430,429,438,480,523,569,569,615,669,724,783,843,842,900,960,959,958,957,1020,1083],"card_choices":[{"not_picked":["Flex","Cleave","Twin Strike"],"picked":"SKIP","floor":1.0},{"not_picked":["Carnage","Iron Wave","Blood for Blood","Perfected Strike"],"picked":"SKIP","floor":2.0},{"not_picked":["Iron Wave","Entrench","Clothesline","Sever Soul"],"picked":"SKIP","floor":3.0},{"not_picked":["Perfected Strike","Warcry","Flex","Juggernaut"],"picked":"SKIP","floor":7.0},{"not_picked":["Wild Strike","Clash","Clothesline"],"picked":"Battle Trance","floor":10.0},{"not_picked":["True Grit","Battle Trance","Hemokinesis","Ghostly Armor"],"picked":"SKIP","floor":11.0},{"not_picked":["Reaper","Havoc","Iron Wave"],"picked":"Sword Boomerang","floor":14.0},{"not_picked":["Fiend Fire","MostiFishMod:UltimateDefense","MostiFishMod:TemporaryOutbreak"],"picked":"MostiFishMod:CullingBlade","floor":16.0},{"not_picked":["Seeing Red","Heavy Blade","Inflame"],"picked":"Dark Embrace","floor":18},{"not_picked":["Pommel Strike","Body Slam","Iron Wave","Carnage"],"picked":"SKIP","floor":19},{"not_picked":["Twin Strike","Clothesline","Second Wind","Cleave"],"picked":"SKIP","floor":21},{"not_picked":["Pommel Strike","Body Slam","Seeing Red"],"picked":"Barricade","floor":22},{"not_picked":["Bloodletting","Thunderclap","Headbutt","Iron Wave"],"picked":"SKIP","floor":23},{"not_picked":["Wild Strike","Fiend Fire","Twin Strike"],"picked":"Shockwave","floor":25},{"not_picked":["Combust","Twin Strike","True Grit","Pommel Strike"],"picked":"SKIP","floor":29},{"not_picked":["True Grit","Bloodletting","Fire Breathing","Armaments"],"picked":"Singing Bowl","floor":31},{"not_picked":["MostiFishMod:FireWorks","MostiFishMod:UltimateDefense","Immolate","MostiFishMod:Mania"],"picked":"Singing Bowl","floor":33},{"not_picked":["Rage","Headbutt","Cleave","Spot Weakness"],"picked":"Singing Bowl","floor":35},{"not_picked":["Sword Boomerang","True Grit+1","Perfected Strike","Heavy Blade"],"picked":"Singing Bowl","floor":36},{"not_picked":["Shrug It Off+1","Body Slam","Thunderclap"],"picked":"Entrench+1","floor":37},{"not_picked":["DeceiveReality","CutThroughFate","WhiteMage","MokouMod:Fireball"],"picked":"Singing Bowl","floor":39},{"not_picked":["Coolheaded","PrismaMod:MiyuCheapAttack2","Thunderclap","Go for the Eyes"],"picked":"Singing Bowl","floor":39},{"not_picked":["PrismaMod:IllyaCarnivalPrismaAstolfo","DemoHunter","Conserve Battery","PrismaMod:MiyuCheapChannelVul"],"picked":"Singing Bowl","floor":39},{"not_picked":["Redo","Heel Hook","Distraction","Protect"],"picked":"Singing Bowl","floor":39},{"not_picked":["Finisher","Underhanded Strike","PrismaMod:IllyaStunPoison","Sucker Punch"],"picked":"Singing Bowl","floor":39},{"not_picked":["DemoGhost","PrismaMod:IllyaFeed+1","SuddenShock","Outmaneuver"],"picked":"Singing Bowl","floor":40},{"not_picked":["SashWhip+1","Sucker Punch+1","Perfected Strike","PrismaMod:IllyaPartialInstallAssassin"],"picked":"Singing Bowl","floor":41},{"not_picked":["PrismaMod:IllyaUncommonAOEAttack","MokouMod:ImperishableFlame+1","Flash of Steel","Halt+1"],"picked":"Singing Bowl","floor":42},{"not_picked":["Catalyst+1","PrismaMod:MiyuCheapChannelVul+1","PrismaMod:IllyaReinForce"],"picked":"Discovery","floor":44},{"not_picked":["Stack","JustLucky","Boundary_DynamicStaticEquilibrium_purple","Anger"],"picked":"Singing Bowl","floor":45},{"not_picked":["Underhanded Strike","CarveReality","PrismaMod:IllyaGun+1","Mirror_WaveAndshot_purple+1"],"picked":"Singing Bowl","floor":46},{"not_picked":["MokouMod:SearingShot","Blade Dance+1","PrismaMod:ChloeCheapDefend","Reckless Charge"],"picked":"Singing Bowl","floor":47},{"not_picked":["PrismaMod:ChloeUncommonDefend","testmod-Illusory","PrismaMod:MiyuDefenseExplosion","PrismaMod:ChloeChristmas"],"picked":"Singing Bowl","floor":48},{"not_picked":["Redo","SuddenShock","Uppercut"],"picked":"Master of Strategy","floor":55}],"player_experience":1316277,"relics_obtained":[{"floor":1.0,"key":"Question Card"},{"floor":7.0,"key":"Orichalcum"},{"floor":11.0,"key":"testmod-AssaultLearning"},{"floor":16.0,"key":"ImportantClient"},{"floor":23,"key":"Happy Flower"},{"floor":25,"key":"Nunchaku"},{"floor":26,"key":"Strawberry"},{"floor":27,"key":"Enchiridion"},{"floor":29,"key":"Vajra"},{"floor":31,"key":"Singing Bowl"},{"floor":40,"key":"testmod-Hope"},{"floor":42,"key":"Meat on the Bone"},{"floor":43,"key":"StrikeDummy"},{"floor":44,"key":"ArrowTower"},{"floor":46,"key":"MealTicket"},{"floor":48,"key":"testmod-Déjàvu"},{"floor":55,"key":"Blood Vial"}],"event_choices":[{"cards_removed":["Strike_R"],"damage_healed":0.0,"max_hp_gain":0.0,"max_hp_loss":0.0,"gold_gain":0.0,"event_name":"The Cleric","player_choice":"Card Removal","floor":5.0,"gold_loss":75.0,"damage_taken":0.0},{"damage_healed":0.0,"max_hp_gain":0.0,"max_hp_loss":0.0,"gold_gain":0.0,"event_name":"Scrap Ooze","player_choice":"Success","floor":13.0,"gold_loss":0.0,"damage_taken":11.0,"relics_obtained":["testmod-IndustrialRevolution"]},{"cards_removed":["Strike_R"],"damage_healed":0,"gold_gain":0,"player_choice":"Elegance","damage_taken":0,"max_hp_gain":0,"max_hp_loss":0,"event_name":"Back to Basics","floor":20,"gold_loss":0},{"damage_healed":0,"gold_gain":0,"player_choice":"Obtained Book","damage_taken":21,"max_hp_gain":0,"max_hp_loss":0,"event_name":"Cursed Tome","floor":27,"gold_loss":0},{"damage_healed":0,"gold_gain":0,"player_choice":"Swap Relic","damage_taken":0,"relics_obtained":["Orrery"],"max_hp_gain":0,"max_hp_loss":0,"event_name":"给自己的盒子","floor":39,"relics_lost":["Orrery"],"gold_loss":0},{"damage_healed":0,"gold_gain":0,"player_choice":"Fight","damage_taken":0,"max_hp_gain":0,"max_hp_loss":0,"event_name":"Mysterious Sphere","floor":44,"gold_loss":0}],"is_beta":false,"boss_relics":[{"not_picked":["Tiny House","Astrolabe"],"picked":"JellyFishMachine"},{"not_picked":["Pandora\u0027s Box","testmod-NegativeEmotionEnhancer"],"picked":"Runic Pyramid"}],"items_purged_floors":[4,30,54],"is_endless":false,"potions_floor_spawned":[1,2,11,14,18,21,22,23,33,36,37,40,41],"ascension_level":20}}