{"host":"c2vrdknshfutmcsq","time":1608325453,"event":{"mods":["BaseMod","Minty Spire (QoL Compilation)"],"gold_per_floor":[116,291,291,302,302,328,340,367,367,384,410,456,406,426,426,501,501,516,197,216,228,241,241,267,192,192,192,204,204,112,130,130,203,203,218,218,235,253,24,57,68,68,95,95,95],"floor_reached":44,"playtime":6299,"items_purged":["Strike_B","Reprogram+1","Defend_B"],"score":944,"play_id":"d874212d-e5a7-4975-b896-a34f7f72f2c1","local_time":"20201218220413","is_ascension_mode":true,"campfire_choices":[{"data":"Dualcast","floor":15,"key":"SMITH"},{"floor":23,"key":"REST"},{"floor":27,"key":"REST"},{"data":"Zap","floor":32,"key":"SMITH"}],"circlet_count":0,"master_deck":["AscendersBane","Defend_B","Defend_B","Zap+1","Dualcast+1","Capacitor","Beam Cell+1","Sunder+1","Conserve Battery","Reboot","Leap","Sunder+1","Barrage+1","Thunder Strike+1","Core Surge+1","Redo+1","Go for the Eyes+1","Rip and Tear+1","Leap","Auto Shields","Reinforced Body","Stack","FTL+1","Glacier","Ball Lightning+1","Glacier","Seek","Leap","Multi-Cast","Tempest+1","FTL+1","Barrage+1","Buffer"],"relics":["Cracked Core","NeowsBlessing","Molten Egg 2","Ancient Tea Set","Centennial Puzzle","Question Card","Mercury Hourglass","Smiling Mask","Astrolabe","Pen Nib","Symbiotic Virus","The Courier","Fusion Hammer","Akabeko","Whetstone"],"acts_visited":["Exordium","TheCity","TheBeyond"],"potions_floor_usage":[39,44,44],"damage_taken":[{"damage":0,"enemies":"Small Slimes","floor":1,"turns":1},{"damage":0,"enemies":"2 Louse","floor":4,"turns":1},{"damage":0,"enemies":"Lagavulin","floor":6,"turns":1},{"damage":0,"enemies":"Cultist","floor":7,"turns":1},{"damage":24,"enemies":"Gremlin Nob","floor":8,"turns":4},{"damage":0,"enemies":"Exordium Wildlife","floor":10,"turns":3},{"damage":20,"enemies":"Lagavulin","floor":11,"turns":6},{"damage":0,"enemies":"Looter","floor":14,"turns":2},{"damage":0,"enemies":"Slime Boss","floor":16,"turns":5},{"damage":7,"enemies":"Shell Parasite","floor":18,"turns":3},{"damage":12,"enemies":"2 Thieves","floor":20,"turns":3},{"damage":13,"enemies":"Snake Plant","floor":21,"turns":2},{"damage":11,"enemies":"Snecko","floor":22,"turns":4},{"damage":8,"enemies":"Book of Stabbing","floor":24,"turns":5},{"damage":1,"enemies":"3 Cultists","floor":28,"turns":4},{"damage":0,"enemies":"Sentry and Sphere","floor":31,"turns":2},{"damage":81,"enemies":"Champ","floor":33,"turns":12},{"damage":5,"enemies":"Orb Walker","floor":35,"turns":2},{"damage":0,"enemies":"3 Shapes","floor":37,"turns":3},{"damage":0,"enemies":"Transient","floor":38,"turns":5},{"damage":3,"enemies":"Reptomancer","floor":40,"turns":7},{"damage":20,"enemies":"Writhing Mass","floor":41,"turns":5},{"damage":60,"enemies":"Giant Head","floor":44,"turns":8}],"seed_played":"3001774157558604124","potions_obtained":[{"floor":1,"key":"EssenceOfSteel"},{"floor":4,"key":"FairyPotion"},{"floor":5,"key":"EntropicBrew"}],"is_trial":false,"path_per_floor":["M","?","?","M","?","E","M","E","T","M","E","T","?","M","R","B",null,"M","$","M","M","M","R","E","?","T","R","M","?","$","M","R","B",null,"M","?","M","M","$","E","M","?","T","E"],"character_chosen":"DEFECT","items_purchased":["Pen Nib","Rip and Tear+1","Leap","Ball Lightning+1","Fruit Juice","FocusPotion","FTL+1"],"campfire_rested":2,"item_purchase_floors":[19,19,19,30,39,39,39],"current_hp_per_floor":[64,64,61,61,61,61,61,37,37,37,17,17,17,17,17,17,58,51,51,39,26,15,36,28,28,28,49,48,71,71,71,71,21,59,54,54,54,54,59,56,36,36,36,0,0],"gold":95,"neow_bonus":"THREE_ENEMY_KILL","is_daily":false,"chose_seed":false,"campfire_upgraded":2,"win_rate":0.0,"timestamp":1608325453,"path_taken":["M","?","?","M","?","E","?","E","T","M","E","?","?","M","R","BOSS","M","$","M","M","M","R","E","?","T","R","M","?","$","?","R","BOSS","M","?","?","M","?","E","M","?","T","E"],"items_purchased_type":["Relic","Card","Card","Card","Potion","Potion","Card"],"build_version":"2020-12-13","purchased_purges":3,"victory":false,"max_hp_per_floor":[71,71,71,71,71,71,71,71,71,71,71,71,71,71,71,71,71,71,71,71,71,71,71,71,71,71,71,71,71,71,71,71,71,71,71,71,71,71,76,76,76,76,76,76,76],"card_choices":[{"not_picked":["Gash","Cold Snap"],"picked":"Capacitor","floor":1},{"not_picked":["Rebound+1","Steam"],"picked":"Beam Cell+1","floor":4},{"not_picked":["Sweeping Beam+1","Reinforced Body"],"picked":"Sunder+1","floor":6},{"not_picked":["Storm","Tempest"],"picked":"Conserve Battery","floor":7},{"not_picked":["FTL+1","Barrage+1"],"picked":"Reboot","floor":8},{"not_picked":["Scrape+1","Chaos","Barrage+1"],"picked":"Leap","floor":10},{"not_picked":["Gash+1","Darkness","Barrage+1"],"picked":"Sunder+1","floor":11},{"not_picked":["Redo","Sweeping Beam+1","Hyperbeam+1"],"picked":"Barrage+1","floor":14},{"not_picked":["Fission","Rainbow","All For One+1"],"picked":"Thunder Strike+1","floor":16},{"not_picked":["Redo+1","Capacitor","Turbo"],"picked":"Go for the Eyes+1","floor":18},{"not_picked":["Rebound+1","Compile Driver+1","Glacier"],"picked":"Auto Shields","floor":20},{"not_picked":["Go for the Eyes+1","Beam Cell+1","Darkness"],"picked":"Reinforced Body","floor":21},{"not_picked":["Beam Cell+1","Steam","Biased Cognition"],"picked":"Stack","floor":22},{"not_picked":["Coolheaded","Gash+1","Blizzard+1"],"picked":"FTL+1","floor":24},{"not_picked":["Redo","Hologram","Rip and Tear+1"],"picked":"Glacier","floor":28},{"not_picked":["Steam","Gash+1","Cold Snap+1"],"picked":"Glacier","floor":31},{"not_picked":["Hyperbeam+1","Thunder Strike+1","Creative AI"],"picked":"Seek","floor":33},{"not_picked":["Hologram+1","Rebound+1","FTL+1"],"picked":"Leap","floor":35},{"not_picked":["Rebound+1","Streamline+1","Consume"],"picked":"Tempest+1","floor":37},{"not_picked":["Cold Snap+1","Streamline+1","Steam","Blizzard+1"],"picked":"SKIP","floor":38},{"not_picked":["Capacitor","Storm","Stack"],"picked":"Barrage+1","floor":40},{"not_picked":["Melter+1","Reinforced Body+1","Conserve Battery+1"],"picked":"Buffer","floor":41}],"player_experience":1161622,"relics_obtained":[{"floor":6,"key":"Ancient Tea Set"},{"floor":8,"key":"Centennial Puzzle"},{"floor":9,"key":"Question Card"},{"floor":11,"key":"Mercury Hourglass"},{"floor":12,"key":"Smiling Mask"},{"floor":24,"key":"Symbiotic Virus"},{"floor":26,"key":"The Courier"},{"floor":40,"key":"Akabeko"},{"floor":43,"key":"Whetstone"}],"event_choices":[{"damage_healed":0,"gold_gain":175,"player_choice":"AGREE","damage_taken":0,"max_hp_gain":0,"max_hp_loss":0,"event_name":"Liars Game","floor":2,"gold_loss":0,"cards_obtained":["Doubt"]},{"damage_healed":0,"gold_gain":0,"player_choice":"Success","damage_taken":3,"relics_obtained":["Molten Egg 2"],"max_hp_gain":0,"max_hp_loss":0,"event_name":"Scrap Ooze","floor":3,"gold_loss":0},{"damage_healed":0,"gold_gain":0,"player_choice":"Got Potions","damage_taken":0,"max_hp_gain":0,"max_hp_loss":0,"event_name":"Lab","floor":5,"gold_loss":0},{"cards_removed":["Doubt"],"damage_healed":0,"gold_gain":0,"player_choice":"Card Removal","damage_taken":0,"max_hp_gain":0,"max_hp_loss":0,"event_name":"The Cleric","floor":13,"gold_loss":50},{"cards_removed":["Strike_B"],"damage_healed":0,"gold_gain":0,"player_choice":"Gave Gold","damage_taken":0,"max_hp_gain":0,"max_hp_loss":0,"event_name":"Beggar","floor":25,"gold_loss":75},{"damage_healed":23,"gold_gain":0,"player_choice":"Full Heal","damage_taken":0,"max_hp_gain":0,"max_hp_loss":0,"event_name":"Wheel of Change","floor":29,"gold_loss":0},{"damage_healed":0,"gold_gain":0,"player_choice":"2 cards matched","damage_taken":0,"max_hp_gain":0,"max_hp_loss":0,"event_name":"Match and Keep!","floor":36,"gold_loss":0,"cards_obtained":["Multi-Cast","Scrape"]},{"cards_removed":["Scrape"],"damage_healed":0,"gold_gain":0,"player_choice":"Removed Attack","damage_taken":0,"max_hp_gain":0,"max_hp_loss":0,"event_name":"Falling","floor":42,"gold_loss":0}],"is_beta":false,"boss_relics":[{"not_picked":["Snecko Eye","Coffee Dripper"],"picked":"Astrolabe"},{"not_picked":["Runic Dome","SacredBark"],"picked":"Fusion Hammer"}],"items_purged_floors":[19,30,39],"is_endless":false,"potions_floor_spawned":[1,4,7,10,11,22,28,40],"killed_by":"Giant Head","ascension_level":14}}