{"host":"e1zuqie93klo2ncl","time":1608297154,"event":{"mods":["AchievementEnabler","BaseMod","Minty Spire (QoL Compilation)","Relic Stats","StSLib"],"gold_per_floor":[109,259,9,22,22,48,48,73,73,90,109,144,154,174,174,251,251,264,297,132,132,132,132,132],"floor_reached":23,"playtime":1285,"items_purged":["Doubt"],"score":418,"play_id":"138c690b-db59-48ef-a33a-663b096c723e","local_time":"20201218131234","is_ascension_mode":true,"campfire_choices":[{"data":"Bash","floor":7.0,"key":"SMITH"},{"data":"Carnage","floor":15.0,"key":"SMITH"}],"circlet_count":0,"master_deck":["AscendersBane","Strike_R","Strike_R","Strike_R","Strike_R","Strike_R","Defend_R","Defend_R","Defend_R","Defend_R","Bash+1","Reaper","Heavy Blade","Metallicize","Dropkick","Clothesline","Metallicize","Combust","Shockwave","Carnage+1","Demon Form","Pommel Strike","Juggernaut","Metallicize","RitualDagger","Spot Weakness"],"relics":["Burning Blood","Orichalcum","InkBottle","Bag of Preparation","Darkstone Periapt","Potion Belt","Cursed Key","Red Mask"],"acts_visited":["Exordium","TheCity"],"potions_floor_usage":[],"damage_taken":[{"damage":18.0,"enemies":"Jaw Worm","floor":1.0,"turns":6.0},{"damage":2.0,"enemies":"Cultist","floor":4.0,"turns":4.0},{"damage":22.0,"enemies":"Lagavulin","floor":6.0,"turns":6.0},{"damage":30.0,"enemies":"3 Sentries","floor":8.0,"turns":13.0},{"damage":3.0,"enemies":"Small Slimes","floor":10.0,"turns":3.0},{"damage":7.0,"enemies":"Blue Slaver","floor":11.0,"turns":4.0},{"damage":2.0,"enemies":"Gremlin Nob","floor":12.0,"turns":3.0},{"damage":10.0,"enemies":"Exordium Wildlife","floor":13.0,"turns":6.0},{"damage":3.0,"enemies":"2 Fungi Beasts","floor":14.0,"turns":4.0},{"damage":33.0,"enemies":"Slime Boss","floor":16.0,"turns":11.0},{"damage":22.0,"enemies":"Spheric Guardian","floor":18.0,"turns":6.0},{"damage":15.0,"enemies":"Masked Bandits","floor":19.0,"turns":5.0},{"damage":40,"enemies":"Book of Stabbing","floor":23,"turns":6}],"seed_played":"769858376072009436","potions_obtained":[{"floor":1.0,"key":"SneckoOil"},{"floor":10.0,"key":"GamblersBrew"},{"floor":11.0,"key":"Fire Potion"},{"floor":14.0,"key":"AttackPotion"}],"is_trial":false,"path_per_floor":["M","?","$","M","?","E","R","E","T","M","M","E","M","M","R","B",null,"M","?","$","?","?","E"],"character_chosen":"IRONCLAD","items_purchased":["Orichalcum","Metallicize","Metallicize"],"campfire_rested":0,"item_purchase_floors":[3,3,20],"current_hp_per_floor":[56,56,56,63,75,59,59,44,44,47,46,54,50,53,53,26,63,51,46,46,40,40,0,0],"gold":132,"neow_bonus":"ONE_RANDOM_RARE_CARD","is_daily":false,"chose_seed":false,"campfire_upgraded":2,"win_rate":0.0,"timestamp":1608297154,"path_taken":["M","?","$","M","?","E","R","E","T","?","M","E","M","M","R","BOSS","M","?","$","?","?","E"],"items_purchased_type":["Relic","Card","Card"],"build_version":"2020-12-13","purchased_purges":1,"victory":false,"max_hp_per_floor":[75,75,75,75,75,75,75,75,75,75,75,75,75,75,75,75,75,75,75,75,75,75,75,75],"relic_stats":{"Darkstone Periapt":0,"counters":[13,77],"Bag of Preparation":[18],"Orichalcum":[336],"Cursed Key":0,"obtain_stats":[{"Darkstone Periapt":9,"Potion Belt":12,"Bag of Preparation":8,"Red Mask":19,"Orichalcum":3,"Cursed Key":17,"Burning Blood":0,"InkBottle":6},{"Darkstone Periapt":4,"Potion Belt":7,"Bag of Preparation":4,"Red Mask":12,"Orichalcum":1,"Cursed Key":10,"Burning Blood":0,"InkBottle":3},{"Darkstone Periapt":29,"Potion Belt":39,"Bag of Preparation":29,"Red Mask":71,"Orichalcum":6,"Cursed Key":60,"Burning Blood":0,"InkBottle":16}],"Burning Blood":72,"InkBottle":[13]},"card_choices":[{"not_picked":["Havoc","Dropkick"],"picked":"Heavy Blade","floor":1.0},{"not_picked":["Fire Breathing","Flame Barrier"],"picked":"Dropkick","floor":4.0},{"not_picked":["Reckless Charge","Body Slam"],"picked":"Clothesline","floor":6.0},{"not_picked":["Clothesline","Body Slam","Twin Strike"],"picked":"SKIP","floor":8.0},{"not_picked":["Blood for Blood","Fire Breathing","Evolve"],"picked":"SKIP","floor":10.0},{"not_picked":["Pommel Strike","Heavy Blade"],"picked":"Metallicize","floor":11.0},{"not_picked":["Seeing Red","Cleave"],"picked":"Combust","floor":12.0},{"not_picked":["Ghostly Armor","Dropkick"],"picked":"Shockwave","floor":13.0},{"not_picked":["Impervious","Clash"],"picked":"Carnage","floor":14.0},{"not_picked":["Double Tap","Impervious"],"picked":"Demon Form","floor":16.0},{"not_picked":["Iron Wave","Perfected Strike"],"picked":"Pommel Strike","floor":18.0},{"not_picked":["Sword Boomerang+1","Entrench"],"picked":"Juggernaut","floor":19.0}],"player_experience":790659,"relics_obtained":[{"floor":6.0,"key":"InkBottle"},{"floor":8.0,"key":"Bag of Preparation"},{"floor":9.0,"key":"Darkstone Periapt"},{"floor":12.0,"key":"Potion Belt"},{"floor":19.0,"key":"Red Mask"}],"event_choices":[{"damage_healed":0.0,"max_hp_gain":0.0,"max_hp_loss":0.0,"gold_gain":150.0,"event_name":"Liars Game","player_choice":"AGREE","floor":2.0,"gold_loss":0.0,"damage_taken":0.0,"cards_obtained":["Doubt"]},{"damage_healed":12.0,"max_hp_gain":0.0,"max_hp_loss":0.0,"gold_gain":0.0,"event_name":"Wheel of Change","player_choice":"Full Heal","floor":5.0,"gold_loss":0.0,"damage_taken":0.0},{"damage_healed":0.0,"max_hp_gain":0.0,"max_hp_loss":0.0,"gold_gain":0.0,"event_name":"Masked Bandits","player_choice":"Fought Bandits","floor":19.0,"gold_loss":0.0,"damage_taken":0.0},{"damage_healed":0.0,"max_hp_gain":0.0,"max_hp_loss":0.0,"gold_gain":0.0,"event_name":"Nest","player_choice":"Joined the Cult","floor":21.0,"gold_loss":0.0,"damage_taken":6.0,"cards_obtained":["RitualDagger"]},{"damage_healed":0.0,"max_hp_gain":0.0,"max_hp_loss":0.0,"gold_gain":0.0,"event_name":"The Library","player_choice":"Read","floor":22.0,"gold_loss":0.0,"damage_taken":0.0,"cards_obtained":["Spot Weakness"]}],"is_beta":false,"boss_relics":[{"not_picked":["Fusion Hammer","Black Star"],"picked":"Cursed Key"}],"items_purged_floors":[20],"is_endless":false,"potions_floor_spawned":[1,10,11,14],"killed_by":"Book of Stabbing","ascension_level":20}}