{"host":"0msxzbajcl1c78mb","time":1608271290,"event":{"mods":["AchievementEnabler","BaseMod","Colored Map","Colored Powertips","Highlight Path","Minty Spire (QoL Compilation)","Relic Sorter","Relic Stats","StSLib","The Jungle","everything is the same but u backflip on backflip"],"gold_per_floor":[109,124,143,153,6,40,40,68,68,99,99,110,126,161,161,264,264,274,274,294,294,309,338,338,369,369,369,369,400,22,35,35,140,140,155,155,170,18,368,368,398,410,410,410,445,458,458,489,489,489,489,489,35,69,69],"floor_reached":56,"playtime":5402,"items_purged":["Defend_G"],"score":2128,"play_id":"bbf0bc4c-b98a-4dc6-9dc8-a72d9ecd1954","local_time":"20201218010130","is_ascension_mode":true,"campfire_choices":[{"data":"Neutralize","floor":7,"key":"SMITH"},{"data":"Strike_G","floor":11,"key":"PURGE"},{"data":"Noxious Fumes","floor":15,"key":"SMITH"},{"data":"Night Terror","floor":24,"key":"SMITH"},{"data":"Defend_G","floor":27,"key":"PURGE"},{"data":"Cloak And Dagger","floor":32,"key":"SMITH"},{"data":"After Image","floor":40,"key":"SMITH"},{"data":"Acrobatics","floor":44,"key":"PURGE"},{"data":"Well Laid Plans","floor":47,"key":"SMITH"},{"floor":49,"key":"RECALL"},{"data":"Quick Slash","floor":52,"key":"PURGE"}],"circlet_count":0,"master_deck":["Defend_G","Survivor","Neutralize+1","Backflip+1","Dodge and Roll+1","Tools of the Trade+1","PiercingWail+1","Flying Knee","Footwork","Blade Dance+1","Well Laid Plans+1","Terror","Noxious Fumes+1","Night Terror+1","Cloak And Dagger+1","Backflip+1","Blur","Corpse Explosion","Noxious Fumes","After Image+1","Finesse","Dramatic Entrance","Catalyst+1","Dodge and Roll+1","Blade Dance","Blade Dance","Storm of Steel"],"relics":["Astrolabe","Art of War","Bottled Flame","Du-Vu Doll","Peace Pipe","Nunchaku","Coffee Dripper","theJungle:SpiritDisease","MealTicket","War Paint","Spirit Poop","Kunai","TungstenRod","WristBlade","Potion Belt","Old Coin","Unceasing Top","Pocketwatch","Lantern","Blue Candle","Tough Bandages","Bronze Scales"],"acts_visited":["Exordium","Exordium","TheBeyond","TheEnding"],"potions_floor_usage":[6,8,13,14,20,29,37,45,54,55,55,55],"damage_taken":[{"damage":0,"enemies":"2 Louse","floor":1,"turns":4},{"damage":0,"enemies":"Small Slimes","floor":2,"turns":3},{"damage":3,"enemies":"Jaw Worm","floor":3,"turns":6},{"damage":2,"enemies":"Blue Slaver","floor":4,"turns":6},{"damage":25,"enemies":"Gremlin Nob","floor":6,"turns":6},{"damage":10,"enemies":"3 Sentries","floor":8,"turns":10},{"damage":0,"enemies":"Lagavulin","floor":10,"turns":8},{"damage":0,"enemies":"Exordium Wildlife","floor":12,"turns":4},{"damage":5,"enemies":"3 Louse","floor":13,"turns":4},{"damage":5,"enemies":"Gremlin Nob","floor":14,"turns":5},{"damage":0,"enemies":"Hexaghost","floor":16,"turns":9},{"damage":3,"enemies":"Shell Parasite","floor":18,"turns":6},{"damage":0,"enemies":"theJungle:Flameango_and_Byrd","floor":20,"turns":3},{"damage":6,"enemies":"theJungle:SlimyTreeVines","floor":22,"turns":8},{"damage":0,"enemies":"theJungle:Cassacara","floor":23,"turns":8},{"damage":0,"enemies":"theJungle:MamaSnecko","floor":25,"turns":7},{"damage":3,"enemies":"theJungle:2_Phrogs","floor":29,"turns":8},{"damage":13,"enemies":"theJungle:Snecko_Cultist_And_Trap","floor":31,"turns":5},{"damage":0,"enemies":"theJungle:FunGuy","floor":33,"turns":11},{"damage":8,"enemies":"3 Darklings","floor":35,"turns":2},{"damage":3,"enemies":"3 Shapes","floor":37,"turns":4},{"damage":0,"enemies":"Mind Bloom Boss Battle","floor":39,"turns":7},{"damage":0,"enemies":"Giant Head","floor":41,"turns":7},{"damage":7,"enemies":"Spire Growth","floor":42,"turns":7},{"damage":0,"enemies":"Nemesis","floor":45,"turns":7},{"damage":0,"enemies":"Jaw Worm Horde","floor":46,"turns":3},{"damage":0,"enemies":"Reptomancer","floor":48,"turns":5},{"damage":15,"enemies":"Time Eater","floor":50,"turns":9},{"damage":9,"enemies":"Shield and Spear","floor":54,"turns":5},{"damage":7,"enemies":"The Heart","floor":55,"turns":6}],"seed_played":"8501836094796554038","potions_obtained":[{"floor":1,"key":"Swift Potion"},{"floor":3,"key":"Weak Potion"},{"floor":10,"key":"Swift Potion"},{"floor":12,"key":"EssenceOfSteel"},{"floor":16,"key":"Fire Potion"},{"floor":29,"key":"Strength Potion"},{"floor":39,"key":"Fire Potion"},{"floor":41,"key":"LiquidMemories"},{"floor":42,"key":"EssenceOfSteel"},{"floor":46,"key":"Weak Potion"},{"floor":54,"key":"SteroidPotion"}],"is_trial":false,"path_per_floor":["M","M","M","M","$","E","R","E","T","E","R","M","M","E","R","B",null,"M","?","M","?","M","E","R","E","T","R","T","E","$","M","R","B",null,"M","?","M","$","?","R","E","M","T","R","E","M","R","E","R","B",null,"R","$","E","B",null],"character_chosen":"THE_SILENT","items_purchased":["Footwork","TungstenRod","Noxious Fumes","Potion Belt","Storm of Steel","Tough Bandages"],"campfire_rested":0,"item_purchase_floors":[5,30,30,38,53,53],"current_hp_per_floor":[63,63,60,58,58,33,33,23,23,23,23,23,18,13,13,13,56,53,53,62,62,62,62,62,62,62,62,62,70,70,57,57,57,67,59,50,47,62,62,62,62,55,55,55,55,55,55,55,55,40,63,63,70,61,54],"gold":69,"neow_bonus":"BOSS_RELIC","is_daily":false,"chose_seed":false,"campfire_upgraded":6,"win_rate":0.0,"timestamp":1608271290,"path_taken":["M","M","M","M","$","E","R","E","T","E","R","M","M","E","R","BOSS","M","?","M","?","M","E","R","E","T","R","?","E","?","M","R","BOSS","M","?","M","$","?","R","E","M","T","R","E","M","R","E","R","BOSS","R","$","E","BOSS"],"items_purchased_type":["Card","Relic","Card","Relic","Card","Relic"],"build_version":"2020-12-13","purchased_purges":1,"victory":true,"max_hp_per_floor":[70,70,70,70,70,70,70,70,70,70,70,70,70,70,70,70,70,70,70,70,70,70,70,70,70,70,70,70,70,70,70,70,70,70,70,70,70,70,70,70,70,70,70,70,70,70,70,70,70,70,70,70,70,70,70],"relic_stats":{"counters":[30,183],"Astrolabe":["Backflip","Dodge and Roll","Tools of the Trade"],"Blue Candle":[0],"War Paint":["Blade Dance","PiercingWail"],"Peace Pipe":4,"Nunchaku":[40],"Tough Bandages":[42],"Bronze Scales":[51],"MealTicket":22,"Art of War":[16],"Kunai":[54],"obtain_stats":[{"Potion Belt":38,"Lantern":45,"Astrolabe":0,"Blue Candle":48,"Spirit Poop":26,"theJungle:SpiritDisease":21,"War Paint":25,"Old Coin":39,"Du-Vu Doll":9,"Peace Pipe":10,"Bottled Flame":8,"Nunchaku":14,"Tough Bandages":53,"WristBlade":34,"Bronze Scales":54,"MealTicket":23,"Art of War":6,"Coffee Dripper":17,"Kunai":29,"TungstenRod":30,"Unceasing Top":41,"Ring of the Snake":0,"Pocketwatch":43},{"Potion Belt":21,"Lantern":25,"Astrolabe":0,"Blue Candle":27,"Spirit Poop":16,"theJungle:SpiritDisease":13,"War Paint":16,"Old Coin":22,"Du-Vu Doll":6,"Peace Pipe":7,"Bottled Flame":6,"Nunchaku":10,"Tough Bandages":28,"WristBlade":19,"Bronze Scales":29,"MealTicket":15,"Art of War":5,"Coffee Dripper":11,"Kunai":17,"TungstenRod":17,"Unceasing Top":23,"Ring of the Snake":0,"Pocketwatch":24},{"Potion Belt":127,"Lantern":155,"Astrolabe":0,"Blue Candle":163,"Spirit Poop":97,"theJungle:SpiritDisease":74,"War Paint":97,"Old Coin":134,"Du-Vu Doll":35,"Peace Pipe":43,"Bottled Flame":35,"Nunchaku":56,"Tough Bandages":172,"WristBlade":121,"Bronze Scales":177,"MealTicket":90,"Art of War":25,"Coffee Dripper":65,"Kunai":105,"TungstenRod":105,"Unceasing Top":141,"Ring of the Snake":0,"Pocketwatch":148}],"TungstenRod":14,"Unceasing Top":[18],"Pocketwatch":[0]},"card_choices":[{"not_picked":["Masterful Stab","Deflect"],"picked":"Quick Slash","floor":1},{"not_picked":["Quick Slash","Masterful Stab"],"picked":"PiercingWail","floor":2},{"not_picked":["Dagger Throw","Choke"],"picked":"Acrobatics","floor":3},{"not_picked":["Quick Slash","Poisoned Stab"],"picked":"Flying Knee","floor":4},{"not_picked":["Outmaneuver","Riddle With Holes"],"picked":"Blade Dance","floor":6},{"not_picked":["Deadly Poison","Dagger Spray"],"picked":"Well Laid Plans","floor":8},{"not_picked":["Slice","Calculated Gamble"],"picked":"Terror","floor":10},{"not_picked":["Dodge and Roll","Heel Hook"],"picked":"Noxious Fumes","floor":12},{"not_picked":["Concentrate","Expertise","Eviscerate"],"picked":"SKIP","floor":13},{"not_picked":["Malaise","Deadly Poison","Eviscerate"],"picked":"SKIP","floor":14},{"not_picked":["Doppelganger","Tools of the Trade"],"picked":"Night Terror","floor":16},{"not_picked":["Distraction","Backstab"],"picked":"Cloak And Dagger","floor":18},{"not_picked":["Dagger Spray","Acrobatics","Riddle With Holes"],"picked":"SKIP","floor":20},{"not_picked":["Dagger Spray","Bane"],"picked":"Backflip+1","floor":22},{"not_picked":["Bane","Dagger Spray"],"picked":"Blur","floor":23},{"not_picked":["Choke","Setup+1","Underhanded Strike"],"picked":"SKIP","floor":25},{"not_picked":["Outmaneuver","Quick Slash+1"],"picked":"Corpse Explosion","floor":29},{"not_picked":["Endless Agony","Concentrate","Slice"],"picked":"SKIP","floor":31},{"not_picked":["Unload","Storm of Steel"],"picked":"After Image","floor":33},{"not_picked":["Bane","Flying Knee","Outmaneuver"],"picked":"SKIP","floor":35},{"not_picked":["Secret Technique","Discovery"],"picked":"Finesse","floor":36},{"not_picked":["Impatience","Jack Of All Trades"],"picked":"Dramatic Entrance","floor":36},{"not_picked":["Deflect","Deadly Poison+1","Flying Knee+1"],"picked":"SKIP","floor":37},{"not_picked":["Backflip","Deflect"],"picked":"Catalyst+1","floor":39},{"not_picked":["Distraction+1","Noxious Fumes+1"],"picked":"Dodge and Roll+1","floor":41},{"not_picked":["Flechettes","PiercingWail+1","Heel Hook+1"],"picked":"SKIP","floor":42},{"not_picked":["Crippling Poison","Acrobatics","Riddle With Holes"],"picked":"SKIP","floor":45},{"not_picked":["PiercingWail+1","Dagger Throw"],"picked":"Blade Dance","floor":46},{"not_picked":["Flying Knee+1","Escape Plan"],"picked":"Blade Dance","floor":48},{"not_picked":["Sucker Punch+1","Heel Hook","Reflex+1"],"picked":"SKIP","floor":54}],"player_experience":261741,"relics_obtained":[{"floor":6,"key":"Art of War"},{"floor":8,"key":"Bottled Flame"},{"floor":9,"key":"Du-Vu Doll"},{"floor":10,"key":"Peace Pipe"},{"floor":14,"key":"Nunchaku"},{"floor":23,"key":"MealTicket"},{"floor":25,"key":"War Paint"},{"floor":26,"key":"Spirit Poop"},{"floor":29,"key":"Kunai"},{"floor":39,"key":"Old Coin"},{"floor":41,"key":"Unceasing Top"},{"floor":43,"key":"Pocketwatch"},{"floor":45,"key":"Lantern"},{"floor":48,"key":"Blue Candle"},{"floor":54,"key":"Bronze Scales"}],"event_choices":[{"damage_healed":0,"gold_gain":0,"player_choice":"Memory 3","damage_taken":10,"max_hp_gain":0,"max_hp_loss":0,"event_name":"SensoryStone","floor":36,"gold_loss":0},{"damage_healed":0,"gold_gain":0,"player_choice":"Fight","damage_taken":0,"max_hp_gain":0,"max_hp_loss":0,"event_name":"MindBloom","floor":39,"gold_loss":0}],"is_beta":false,"boss_relics":[{"not_picked":["Empty Cage","Runic Dome"],"picked":"Coffee Dripper"},{"not_picked":["Snecko Eye","HoveringKite"],"picked":"WristBlade"}],"items_purged_floors":[5],"is_endless":false,"potions_floor_spawned":[1,3,10,12,16,20,25,29,33,39,41,42,46,48,54],"ascension_level":7}}