{"host":"wwqaob8nn4pt4am5","time":1608286986,"event":{"mods":["BaseMod","Better Vampires","Colored Map","Colored Powertips","KinomotoSakuraMod(ƒæ÷Æ±æ”£)","Marisa£®ÏF”Í°°ƒß¿Ì…≥£©","Minty Spire (QoL Compilation)","MostiFishMod","Quick Restart","Remilia£®¿Ÿ√◊¿Ú—«£©","Replay The Spire","StSLib","The Cursed","The Servant 0.9.4","WarShipGirlsR/’ΩΩ¢…Ÿ≈ÆR mod","Youmu£®ªÍ∆«—˝√Œ£©","vexMod","°æ“≈ŒÔø®≈∆°øREMEMod"],"gold_per_floor":[-1291,-1291,-1280,-1280,-1205,-1205,-1194,-1176,-1176,-1158,-1141,-1141,-1108,-1108,-1108,-1008,-1008,-993,-973,-955,-945,-945,-918,-918,-904,-904,-874,-874,-859,-859,-844,-844,-746,-746,-732,-713,-694,-683,-669,-642,-642,-615,-615,-581,-567,-567,-547,-547,-547,-547,-547,-547,-547,-522,-522],"floor_reached":56,"playtime":1453,"items_purged":[],"score":1626,"play_id":"7ce50cec-cf85-4a96-8541-4795fcb5e708","local_time":"20201218182306","is_ascension_mode":true,"campfire_choices":[{"data":"REME_Cut","floor":6,"key":"SMITH"},{"data":"Flex","floor":12,"key":"SMITH"},{"data":"Feed","floor":15,"key":"SMITH"},{"data":"MostiFishMod:CullingBlade","floor":24,"key":"SMITH"},{"floor":28,"key":"RECALL"},{"data":"Replay:Undeath\u0027s Touch","floor":32,"key":"SMITH"},{"data":"Rage","floor":46,"key":"SMITH"},{"data":"Inflame","floor":49,"key":"SMITH"},{"data":"Rage","floor":52,"key":"SMITH"}],"circlet_count":0,"master_deck":["Strike_R","Strike_R","Strike_R","Strike_R","Strike_R","Defend_R","Defend_R","Defend_R","Defend_R","Bash","Massacre","REME_Cut+1","Rampage","Replay:Undeath\u0027s Touch","Heavy Blade","Flex+1","Cleave","Iron Wave","Feed+1","MostiFishMod:CullingBlade+1","Perfected Strike","Rampage","Twin Strike+1","Rage+1","Infernal Blade","Thunderclap","ReplayTheSpireMod:Limb From Limb+1","Pummel","Replay:Undeath\u0027s Touch+1","Exhume","Perfected Strike","Inflame+1","Shrug It Off+1","Perfected Strike+1","ReplayTheSpireMod:Limb From Limb","Spot Weakness+1","Rage+1","Pommel Strike","Replay:Undeath\u0027s Touch","Parasite","Clash+1","Flex+1"],"relics":["Burning Blood","REME_ComplimentaryCards","DaveBox","SynthV:MejaisSoulstealer","Question Card","Garlic","Calipers","ImportantClient","RhineSuit","Replay:Rubber Ducky","Oddly Smooth Stone","Art of War","Snecko Heart","Replay:Bottled Snecko","Nunchaku","Divine Protection","Replay:Baseball"],"acts_visited":["Exordium","TheCity","TheBeyond","TheEnding"],"potions_floor_usage":[13,42,50,55],"damage_taken":[{"damage":0,"enemies":"Small Slimes","floor":1,"turns":3},{"damage":0,"enemies":"2 Louse","floor":3,"turns":1},{"damage":0,"enemies":"Cultist","floor":7,"turns":2},{"damage":7,"enemies":"Red Slaver","floor":8,"turns":2},{"damage":0,"enemies":"3 Louse","floor":10,"turns":2},{"damage":0,"enemies":"Lots of Slimes","floor":11,"turns":2},{"damage":7,"enemies":"Lagavulin","floor":13,"turns":3},{"damage":0,"enemies":"Slime Boss","floor":16,"turns":4},{"damage":0,"enemies":"Spheric Guardian","floor":18,"turns":1},{"damage":0,"enemies":"3 Byrds","floor":19,"turns":3},{"damage":0,"enemies":"Snake Plant","floor":20,"turns":2},{"damage":0,"enemies":"3 Cultists","floor":21,"turns":3},{"damage":30,"enemies":"REME_1_Revenger","floor":23,"turns":3},{"damage":2,"enemies":"Centurion and Healer","floor":25,"turns":2},{"damage":8,"enemies":"Book of Stabbing","floor":27,"turns":2},{"damage":0,"enemies":"Sentry and Sphere","floor":29,"turns":1},{"damage":0,"enemies":"Snecko","floor":31,"turns":2},{"damage":2,"enemies":"Collector","floor":33,"turns":4},{"damage":0,"enemies":"Orb Walker","floor":35,"turns":2},{"damage":1,"enemies":"3 Shapes","floor":36,"turns":2},{"damage":0,"enemies":"Spire Growth","floor":37,"turns":2},{"damage":12,"enemies":"Sphere and 2 Shapes","floor":38,"turns":3},{"damage":0,"enemies":"Maw","floor":39,"turns":2},{"damage":0,"enemies":"R_Hoarder","floor":40,"turns":2},{"damage":0,"enemies":"Nemesis","floor":42,"turns":3},{"damage":9,"enemies":"Reptomancer","floor":44,"turns":4},{"damage":7,"enemies":"Writhing Mass","floor":45,"turns":4},{"damage":0,"enemies":"Jaw Worm Horde","floor":47,"turns":2},{"damage":0,"enemies":"Time Eater","floor":50,"turns":4},{"damage":0,"enemies":"Shield and Spear","floor":54,"turns":4},{"damage":75,"enemies":"The Heart","floor":55,"turns":6}],"seed_played":"259492296714632804","potions_obtained":[{"floor":10,"key":"AttackPotion"},{"floor":11,"key":"DuplicationPotion"},{"floor":13,"key":"PowerPotion"},{"floor":16,"key":"SpeedPotion"},{"floor":23,"key":"CultistPotion"},{"floor":25,"key":"Energy Potion"},{"floor":36,"key":"Toxic Potion"}],"is_trial":false,"path_per_floor":["M","?","M","$","?","R","M","M","T","M","M","R","E","$","R","B",null,"M","M","M","M","$","E","R","M","T","E","R","M","?","M","R","B",null,"M","M","M","M","M","E","?","E","T","E","M","R","M","$","R","B",null,"R","$","E","B",null],"character_chosen":"IRONCLAD","items_purchased":[],"campfire_rested":0,"item_purchase_floors":[],"current_hp_per_floor":[80,80,80,80,72,72,78,77,77,80,80,80,79,79,79,80,80,80,84,88,92,92,68,68,72,72,70,70,76,76,82,82,86,92,92,92,92,86,92,92,92,92,92,89,88,88,92,92,92,92,92,92,92,96,27],"gold":-522,"neow_bonus":"THREE_CARDS","is_daily":false,"chose_seed":false,"campfire_upgraded":8,"win_rate":0.0,"timestamp":1608286986,"path_taken":["M","?","M","$","?","R","M","?","T","M","M","R","E","?","R","BOSS","M","M","M","M","$","E","R","M","T","E","R","M","?","M","R","BOSS","M","M","M","?","M","E","?","E","T","E","M","R","?","?","R","BOSS","R","$","E","BOSS"],"items_purchased_type":[],"build_version":"2020-12-13","purchased_purges":0,"victory":true,"max_hp_per_floor":[80,80,80,80,80,80,80,80,80,80,80,80,80,80,80,80,80,80,84,88,92,92,92,92,92,92,92,92,92,92,92,92,92,92,92,92,92,92,92,92,92,92,92,92,92,92,92,92,92,92,92,92,92,96,96],"card_choices":[{"not_picked":["Fire Breathing","Replay:Undeath\u0027s Touch"],"picked":"Massacre","floor":0},{"not_picked":["Wild Strike","Iron Wave"],"picked":"Rampage","floor":1},{"not_picked":["Warcry","ReplayTheSpireMod:Stacked","Body Slam"],"picked":"Replay:Undeath\u0027s Touch","floor":3},{"not_picked":["Intimidate","Dual Wield","Armaments"],"picked":"Heavy Blade","floor":7},{"not_picked":["Uppercut","Battle Trance","Clash"],"picked":"Flex","floor":8},{"not_picked":["Run Through","True Grit","Wild Strike"],"picked":"Cleave","floor":10},{"not_picked":["Entrench","Wild Strike","Run Through"],"picked":"Iron Wave","floor":11},{"not_picked":["Armaments","Second Wind","ReplayTheSpireMod:Corrosion Curse"],"picked":"Feed","floor":13},{"not_picked":["REME_Fury","MostiFishMod:Mania","MostiFishMod:DarkDeal"],"picked":"MostiFishMod:CullingBlade","floor":16},{"not_picked":["True Grit","Shrug It Off+1","Body Slam+1"],"picked":"Perfected Strike","floor":18},{"not_picked":["Warcry+1","Hemokinesis","Blood for Blood"],"picked":"Rampage","floor":19},{"not_picked":["Armaments","Massacre+1","REME_SingleHolding"],"picked":"Twin Strike+1","floor":20},{"not_picked":["Metallicize+1","Combust","Twin Strike"],"picked":"Rage","floor":21},{"not_picked":["Twin Strike","Entrench","Flame Barrier"],"picked":"Infernal Blade","floor":23},{"not_picked":["Run Through","Body Slam","Cleave"],"picked":"Thunderclap","floor":25},{"not_picked":["Corruption","Replay:Undeath\u0027s Touch","Havoc"],"picked":"ReplayTheSpireMod:Limb From Limb+1","floor":27},{"not_picked":["Intimidate","Shrug It Off","Thunderclap"],"picked":"Pummel","floor":29},{"not_picked":["Twin Strike","Sword Boomerang","Thunderclap+1"],"picked":"Replay:Undeath\u0027s Touch","floor":31},{"not_picked":["MostiFishMod:OrdinaryWorld","MostiFishMod:WingOfPhoenix","MostiFishMod:UniRed"],"picked":"Exhume","floor":33},{"not_picked":["Twin Strike+1","ReplayReversal","Ghostly Armor+1"],"picked":"Perfected Strike","floor":35},{"not_picked":["Perfected Strike+1","Flex+1","Sever Soul"],"picked":"Inflame","floor":36},{"not_picked":["True Grit","Clash","Body Slam"],"picked":"Shrug It Off+1","floor":37},{"not_picked":["Havoc+1","Iron Wave+1","Dual Wield"],"picked":"Perfected Strike+1","floor":38},{"not_picked":["MostiFishMod:ChineseTea","Anger","Entrench"],"picked":"ReplayTheSpireMod:Limb From Limb","floor":39},{"not_picked":["Pommel Strike+1","Abandon+1","Dual Wield"],"picked":"Spot Weakness+1","floor":40},{"not_picked":["Headbutt","Clash+1","Abandon+1"],"picked":"Pommel Strike","floor":42},{"not_picked":["True Grit+1","Wild Strike","Iron Wave"],"picked":"Replay:Undeath\u0027s Touch","floor":44},{"not_picked":["Havoc+1","Twin Strike","MostiFishMod:UltimateDefense","Feel No Pain"],"picked":"SKIP","floor":45},{"not_picked":["Twin Strike+1","Rampage","Armaments+1"],"picked":"Clash+1","floor":47},{"not_picked":["Massacre","Rage","ReplayTheSpireMod:LeadingStrike"],"picked":"Flex+1","floor":54}],"player_experience":52689,"relics_obtained":[{"floor":1,"key":"Question Card"},{"floor":9,"key":"Garlic"},{"floor":13,"key":"Calipers"},{"floor":16,"key":"ImportantClient"},{"floor":23,"key":"Replay:Rubber Ducky"},{"floor":27,"key":"Oddly Smooth Stone"},{"floor":40,"key":"Replay:Bottled Snecko"},{"floor":42,"key":"Nunchaku"},{"floor":43,"key":"Divine Protection"},{"floor":54,"key":"Replay:Baseball"}],"event_choices":[{"damage_healed":0,"gold_gain":75,"player_choice":"Touch","damage_taken":8,"max_hp_gain":0,"max_hp_loss":0,"event_name":"FaceTrader","floor":5,"gold_loss":0},{"damage_healed":0,"gold_gain":0,"player_choice":"Gave Potion","damage_taken":0,"relics_obtained":["Art of War"],"max_hp_gain":0,"max_hp_loss":0,"event_name":"WeMeetAgain","floor":30,"gold_loss":0},{"damage_healed":0,"gold_gain":0,"player_choice":"Copied","damage_taken":0,"max_hp_gain":0,"max_hp_loss":0,"event_name":"Duplicator","floor":41,"gold_loss":0,"cards_obtained":["Rage"]}],"is_beta":false,"boss_relics":[{"not_picked":["REME_DuelDisc","Ring of Chaos"],"picked":"RhineSuit"},{"not_picked":["Runic Dome","vexMod:CursedCompass"],"picked":"Snecko Heart"}],"items_purged_floors":[],"is_endless":false,"potions_floor_spawned":[10,11,13,16,23,25,27,29,36,37,40],"ascension_level":2}}