{"host":"hfxp6ue4pvwo3fit","time":1608284025,"event":{"mods":["AchievementEnabler","BaseMod","Colored Map","Colored Powertips","Highlight Path","Minty Spire (QoL Compilation)","StSLib","SuperFastMode"],"gold_per_floor":[115,115,133,27,40,71,71,103,103,118,118,118,145,161,161,234,234,244,244,81,81,91,91,105,131,131,143,143,170,170,196,196,273,273,284,284,284],"floor_reached":36,"playtime":1906,"items_purged":["Strike_B"],"score":756,"play_id":"23b1204e-3ca7-40d0-862e-0f1091e699d3","local_time":"20201218033345","is_ascension_mode":true,"campfire_choices":[{"data":"Self Repair","floor":7,"key":"SMITH"},{"floor":11,"key":"REST"},{"data":"Coolheaded","floor":15,"key":"SMITH"},{"data":"Loop","floor":23,"key":"SMITH"},{"data":"Capacitor","floor":28,"key":"SMITH"},{"data":"Echo Form","floor":32,"key":"SMITH"}],"circlet_count":0,"master_deck":["AscendersBane","Strike_B","Strike_B","Strike_B","Defend_B","Defend_B","Defend_B","Defend_B","Zap","Dualcast+1","Leap+1","Self Repair+1","Flash of Steel","Ball Lightning","Cold Snap","Chill","Coolheaded+1","Echo Form+1","Fusion+1","Recycle","Self Repair","Loop+1","Capacitor+1","Ball Lightning","Electrodynamics"],"relics":["Cracked Core","NeowsBlessing","DataDisk","Pantograph","Art of War","Centennial Puzzle","Snecko Eye","MutagenicStrength","Tiny Chest","Lizard Tail","StoneCalendar","Red Mask","Fusion Hammer"],"acts_visited":["Exordium","TheCity","TheBeyond"],"potions_floor_usage":[8,13,16,16,25,31,33,33],"damage_taken":[{"damage":0,"enemies":"Small Slimes","floor":1,"turns":1},{"damage":0,"enemies":"Jaw Worm","floor":3,"turns":1},{"damage":0,"enemies":"2 Louse","floor":5,"turns":2},{"damage":31,"enemies":"Gremlin Nob","floor":6,"turns":5},{"damage":21,"enemies":"Lagavulin","floor":8,"turns":6},{"damage":0,"enemies":"Looter","floor":10,"turns":3},{"damage":6,"enemies":"3 Sentries","floor":13,"turns":7},{"damage":0,"enemies":"3 Louse","floor":14,"turns":4},{"damage":34,"enemies":"Hexaghost","floor":16,"turns":11},{"damage":30,"enemies":"2 Thieves","floor":18,"turns":5},{"damage":10,"enemies":"Spheric Guardian","floor":22,"turns":4},{"damage":2,"enemies":"Shelled Parasite and Fungi","floor":24,"turns":7},{"damage":55,"enemies":"Slavers","floor":25,"turns":12},{"damage":20,"enemies":"Chosen and Byrds","floor":27,"turns":7},{"damage":75,"enemies":"Book of Stabbing","floor":29,"turns":8},{"damage":32,"enemies":"Masked Bandits","floor":31,"turns":7},{"damage":70,"enemies":"Automaton","floor":33,"turns":13},{"damage":0,"enemies":"3 Shapes","floor":35,"turns":2},{"damage":70,"enemies":"2 Orb Walkers","floor":36,"turns":3}],"seed_played":"2001272176482115596","potions_obtained":[{"floor":3,"key":"SpeedPotion"},{"floor":8,"key":"SkillPotion"},{"floor":13,"key":"SkillPotion"},{"floor":14,"key":"SkillPotion"},{"floor":16,"key":"Fruit Juice"},{"floor":22,"key":"ColorlessPotion"},{"floor":27,"key":"Fire Potion"},{"floor":31,"key":"ColorlessPotion"}],"is_trial":false,"path_per_floor":["M","?","M","$","M","E","R","E","T","M","R","?","E","M","R","B",null,"M","?","$","?","M","R","M","E","T","M","R","E","?","?","R","B",null,"M","?"],"character_chosen":"DEFECT","items_purchased":["Flash of Steel","Recycle"],"campfire_rested":1,"item_purchase_floors":[4,20],"current_hp_per_floor":[64,43,43,43,50,26,26,15,15,25,46,51,55,65,65,52,70,60,60,60,60,57,57,76,48,48,52,52,49,49,44,44,21,66,66,0,0],"gold":284,"neow_bonus":"THREE_ENEMY_KILL","is_daily":false,"chose_seed":false,"campfire_upgraded":5,"win_rate":0.0,"timestamp":1608284025,"path_taken":["M","?","M","$","M","E","R","E","T","M","R","?","E","M","R","BOSS","M","?","$","?","M","R","M","E","T","M","R","E","?","?","R","BOSS","M","?"],"items_purchased_type":["Card","Card"],"build_version":"2020-12-13","purchased_purges":1,"victory":false,"max_hp_per_floor":[71,71,71,71,71,71,71,71,71,71,71,76,76,76,76,76,76,76,76,76,76,76,76,76,76,76,76,76,76,76,76,76,81,81,81,81,81],"card_choices":[{"not_picked":["Rebound","Gash"],"picked":"Leap","floor":1},{"not_picked":["Rebound","Undo"],"picked":"Self Repair","floor":3},{"not_picked":["Hologram","Turbo"],"picked":"Ball Lightning","floor":5},{"not_picked":["Leap","Amplify"],"picked":"Cold Snap","floor":6},{"not_picked":["Steam","Double Energy"],"picked":"Chill","floor":8},{"not_picked":["Turbo","Leap","Undo"],"picked":"SKIP","floor":10},{"not_picked":["Conserve Battery","Leap"],"picked":"Coolheaded","floor":13},{"not_picked":["Rebound","Stack","Go for the Eyes"],"picked":"SKIP","floor":14},{"not_picked":["Machine Learning","Rainbow"],"picked":"Echo Form","floor":16},{"not_picked":["Cold Snap","Rebound"],"picked":"Fusion+1","floor":18},{"not_picked":["BootSequence","Aggregate"],"picked":"Loop","floor":22},{"not_picked":["Self Repair","Chill"],"picked":"Capacitor","floor":24},{"not_picked":["Rip and Tear","Gash","Stack"],"picked":"SKIP","floor":25},{"not_picked":["Sweeping Beam","Heatsinks"],"picked":"Ball Lightning","floor":27},{"not_picked":["Loop","BootSequence","Conserve Battery"],"picked":"SKIP","floor":29},{"not_picked":["Reboot","Meteor Strike"],"picked":"Electrodynamics","floor":33},{"not_picked":["Rebound","Cold Snap+1","Ball Lightning+1"],"picked":"SKIP","floor":35}],"player_experience":387619,"relics_obtained":[{"floor":6,"key":"DataDisk"},{"floor":8,"key":"Pantograph"},{"floor":9,"key":"Art of War"},{"floor":13,"key":"Centennial Puzzle"},{"floor":25,"key":"Tiny Chest"},{"floor":26,"key":"Lizard Tail"},{"floor":29,"key":"StoneCalendar"},{"floor":31,"key":"Red Mask"}],"event_choices":[{"damage_healed":0,"gold_gain":0,"player_choice":"Entered Light","damage_taken":21,"max_hp_gain":0,"max_hp_loss":0,"event_name":"Shining Light","floor":2,"gold_loss":0,"cards_upgraded":["Leap","Dualcast"]},{"damage_healed":0,"gold_gain":0,"player_choice":"Donut","damage_taken":0,"max_hp_gain":5,"max_hp_loss":0,"event_name":"Big Fish","floor":12,"gold_loss":0},{"damage_healed":0,"gold_gain":0,"player_choice":"Inject Mutagens","damage_taken":0,"relics_obtained":["MutagenicStrength"],"max_hp_gain":0,"max_hp_loss":0,"event_name":"Drug Dealer","floor":19,"gold_loss":0},{"damage_healed":0,"gold_gain":0,"player_choice":"Read","damage_taken":0,"max_hp_gain":0,"max_hp_loss":0,"event_name":"The Library","floor":21,"gold_loss":0,"cards_obtained":["Self Repair"]},{"damage_healed":0,"gold_gain":0,"player_choice":"Ignored","damage_taken":0,"max_hp_gain":0,"max_hp_loss":0,"event_name":"Vampires","floor":30,"gold_loss":0},{"damage_healed":0,"gold_gain":0,"player_choice":"Fought Bandits","damage_taken":0,"max_hp_gain":0,"max_hp_loss":0,"event_name":"Masked Bandits","floor":31,"gold_loss":0},{"damage_healed":0,"gold_gain":0,"player_choice":"Fight","damage_taken":0,"max_hp_gain":0,"max_hp_loss":0,"event_name":"Mysterious Sphere","floor":36,"gold_loss":0}],"is_beta":false,"boss_relics":[{"not_picked":["Cursed Key","Busted Crown"],"picked":"Snecko Eye"},{"not_picked":["Velvet Choker","Empty Cage"],"picked":"Fusion Hammer"}],"items_purged_floors":[20],"is_endless":false,"potions_floor_spawned":[3,8,13,14,16,22,27,31],"killed_by":"2 Orb Walkers","ascension_level":16}}