{"host":"q9718omregw4er46","time":1608321785,"event":{"mods":["BaseMod","Bestiary","Colored Powertips","Custom Start","Highlight Path","Minty Spire (QoL Compilation)","Practice Mode","Quick Restart","Relic Stats"],"gold_per_floor":[12,26,40,40,60,60,80,80,103,132,132,146,176,196,196,196,196],"floor_reached":16,"playtime":483,"items_purged":[],"score":271,"play_id":"e5651d72-6693-4267-86e6-740e68db57e9","local_time":"20201219010305","is_ascension_mode":true,"campfire_choices":[{"data":"Blasphemy","floor":6,"key":"SMITH"},{"data":"TalkToTheHand","floor":8,"key":"SMITH"},{"data":"CrushJoints","floor":11,"key":"SMITH"},{"data":"SashWhip","floor":15,"key":"SMITH"}],"circlet_count":0,"master_deck":["AscendersBane","Strike_P","Strike_P","Strike_P","Defend_P","Defend_P","Defend_P","Defend_P","Eruption","Vigilance","BowlingBash","CrushJoints+1","Blasphemy+1","EmptyMind","TalkToTheHand+1","Wireheading","FlurryOfBlows","SashWhip+1"],"relics":["PureWater","CloakClasp","Vajra","Nunchaku","Boot"],"acts_visited":["Exordium"],"potions_floor_usage":[16],"damage_taken":[{"damage":1,"enemies":"Small Slimes","floor":1,"turns":3},{"damage":7,"enemies":"2 Louse","floor":2,"turns":2},{"damage":0,"enemies":"Jaw Worm","floor":3,"turns":5},{"damage":7,"enemies":"Gremlin Gang","floor":5,"turns":4},{"damage":4,"enemies":"Large Slime","floor":7,"turns":3},{"damage":9,"enemies":"Lagavulin","floor":10,"turns":8},{"damage":17,"enemies":"Lots of Slimes","floor":12,"turns":6},{"damage":0,"enemies":"Gremlin Nob","floor":13,"turns":3},{"damage":0,"enemies":"Blue Slaver","floor":14,"turns":3},{"damage":14,"enemies":"Hexaghost","floor":16,"turns":7}],"seed_played":"-4165558646755813972","potions_obtained":[{"floor":2,"key":"Dexterity Potion"},{"floor":7,"key":"Dexterity Potion"}],"is_trial":false,"path_per_floor":["M","M","M","?","M","R","M","R","T","E","R","M","E","M","R","B"],"character_chosen":"WATCHER","items_purchased":[],"campfire_rested":0,"item_purchase_floors":[],"current_hp_per_floor":[60,53,53,46,39,39,35,35,35,26,26,9,9,9,9,0,0],"gold":196,"neow_bonus":"ONE_RARE_RELIC","is_daily":false,"chose_seed":false,"campfire_upgraded":4,"win_rate":0.0,"timestamp":1608321785,"path_taken":["M","M","M","?","M","R","M","R","T","E","R","M","E","M","R","BOSS"],"items_purchased_type":[],"build_version":"2020-12-13","purchased_purges":0,"victory":false,"max_hp_per_floor":[68,68,68,68,68,68,68,68,68,68,68,68,68,68,68,68,68],"relic_stats":{"Nunchaku":[4],"counters":[10,44],"CloakClasp":[133],"Boot":[4],"obtain_stats":[{"Nunchaku":10,"Vajra":9,"CloakClasp":0,"PureWater":0,"Boot":13},{"Nunchaku":6,"Vajra":5,"CloakClasp":0,"PureWater":0,"Boot":8},{"Nunchaku":25,"Vajra":17,"CloakClasp":0,"PureWater":0,"Boot":34}]},"card_choices":[{"not_picked":["CutThroughFate","Adaptation"],"picked":"BowlingBash","floor":1},{"not_picked":["PathToVictory","InnerPeace"],"picked":"CrushJoints","floor":2},{"not_picked":["JustLucky","ClearTheMind"],"picked":"Blasphemy","floor":3},{"not_picked":["ForeignInfluence","Pray"],"picked":"EmptyMind","floor":5},{"not_picked":["Consecrate","Crescendo"],"picked":"TalkToTheHand","floor":7},{"not_picked":["Brilliance","FlyingSleeves"],"picked":"Wireheading","floor":10},{"not_picked":["FlurryOfBlows","BowlingBash","Evaluate"],"picked":"SKIP","floor":12},{"not_picked":["BowlingBash","Evaluate"],"picked":"FlurryOfBlows","floor":12},{"not_picked":["EmptyBody","Brilliance","EmptyFist"],"picked":"SKIP","floor":13},{"not_picked":["FollowUp","PathToVictory"],"picked":"SashWhip","floor":14}],"player_experience":1051348,"relics_obtained":[{"floor":9,"key":"Vajra"},{"floor":10,"key":"Nunchaku"},{"floor":13,"key":"Boot"}],"event_choices":[{"cards_removed":["Strike_P"],"damage_healed":0,"gold_gain":0,"player_choice":"Card Removal","damage_taken":7,"max_hp_gain":0,"max_hp_loss":0,"event_name":"Golden Wing","floor":4,"gold_loss":0}],"is_beta":false,"boss_relics":[],"items_purged_floors":[],"is_endless":false,"potions_floor_spawned":[2,7,12,13,14],"killed_by":"Hexaghost","ascension_level":19}}