{"host":"2461dio7vetlq1z3","time":1608314256,"event":{"mods":["2.2 Compatiblity","AchievementEnabler","BaseMod","Better Third Choice","Hermit","Minty Spire (QoL Compilation)","Relic Stats","Spicy Shops","StSLib","The Animator","Waifu the Spire"],"gold_per_floor":[111,121,137,137,148,148,178,194,243,276,276,287,287,304,304,381,381,395,406,406,417,430,430,460,460,508,508,524,552,552,570,570,642,642,660,675,439,439,485,519,539,565,565,591,610,96,96,145,145,145,145,145,20,61,61,61],"floor_reached":55,"playtime":2823,"items_purged":["Sucker Punch+1","Crippling Poison","Eviscerate+1"],"score":1822,"play_id":"baaf2c0c-7594-4b65-9381-f32199826804","local_time":"20201218185736","is_ascension_mode":true,"campfire_choices":[{"data":"Neutralize","floor":6,"key":"SMITH"},{"data":"Deflect","floor":11,"key":"SMITH"},{"data":"Dagger Spray","floor":13,"key":"SMITH"},{"data":"Storm of Steel","floor":15,"key":"SMITH"},{"data":"A Thousand Cuts","floor":23,"key":"SMITH"},{"data":"Setup","floor":25,"key":"SMITH"},{"data":"Footwork","floor":27,"key":"SMITH"},{"data":"Adrenaline","floor":32,"key":"SMITH"},{"floor":49,"key":"RECALL"},{"floor":52,"key":"REST"}],"circlet_count":0,"master_deck":["AscendersBane","Survivor","Neutralize+1","Dagger Spray+1","Backstab","Storm of Steel+1","PiercingWail","Deflect+1","Backstab","Setup+1","Adrenaline+1","Prepared","Doppelganger","Masterful Stab","A Thousand Cuts+1","Backflip","All Out Attack","Footwork+1","Deflect","Deflect","Backstab","A Thousand Cuts+1","Slice+1","Burst","Dodge and Roll","Footwork+1","Good Instincts","Trip","Choke+1","Footwork","Finesse","Concentrate"],"relics":["Philosopher\u0027s Stone","Unceasing Top","PreservedInsect","Mummified Hand","Pandora\u0027s Box","Bronze Scales","Whetstone","Tiny Chest","Busted Crown","DollysMirror","Nunchaku","Bag of Preparation","Potion Belt","CeramicFish","Bottled Tornado","Gambling Chip","Lantern"],"acts_visited":["Exordium","TheCity","TheBeyond","TheEnding"],"potions_floor_usage":[7,12,16,18,33,48,50,50],"damage_taken":[{"damage":3,"enemies":"Cultist","floor":1,"turns":5},{"damage":0,"enemies":"2 Louse","floor":2,"turns":2},{"damage":0,"enemies":"Jaw Worm","floor":3,"turns":5},{"damage":9,"enemies":"Exordium Wildlife","floor":5,"turns":4},{"damage":1,"enemies":"Gremlin Nob","floor":7,"turns":3},{"damage":1,"enemies":"3 Louse","floor":8,"turns":3},{"damage":0,"enemies":"Lagavulin","floor":10,"turns":5},{"damage":9,"enemies":"Red Slaver","floor":12,"turns":4},{"damage":11,"enemies":"Large Slime","floor":14,"turns":5},{"damage":19,"enemies":"Slime Boss","floor":16,"turns":7},{"damage":13,"enemies":"3 Byrds","floor":18,"turns":3},{"damage":0,"enemies":"Spheric Guardian","floor":19,"turns":2},{"damage":18,"enemies":"Snake Plant","floor":21,"turns":3},{"damage":4,"enemies":"3 Cultists","floor":22,"turns":4},{"damage":0,"enemies":"Slavers","floor":24,"turns":2},{"damage":0,"enemies":"Cultist and Chosen","floor":28,"turns":3},{"damage":0,"enemies":"Gremlin Leader","floor":29,"turns":3},{"damage":0,"enemies":"Sentry and Sphere","floor":31,"turns":2},{"damage":0,"enemies":"Collector","floor":33,"turns":5},{"damage":20,"enemies":"3 Darklings","floor":35,"turns":3},{"damage":0,"enemies":"3 Shapes","floor":36,"turns":4},{"damage":0,"enemies":"Nemesis","floor":40,"turns":3},{"damage":0,"enemies":"3 Darklings","floor":41,"turns":2},{"damage":0,"enemies":"Giant Head","floor":42,"turns":3},{"damage":2,"enemies":"Reptomancer","floor":44,"turns":3},{"damage":0,"enemies":"Sphere and 2 Shapes","floor":45,"turns":3},{"damage":24,"enemies":"2 Orb Walkers","floor":48,"turns":2},{"damage":12,"enemies":"Awakened One","floor":50,"turns":6},{"damage":70,"enemies":"Shield and Spear","floor":54,"turns":5},{"damage":44,"enemies":"The Heart","floor":55,"turns":2}],"seed_played":"-4328068990978967735","potions_obtained":[{"floor":2,"key":"SteroidPotion"},{"floor":7,"key":"Strength Potion"},{"floor":8,"key":"ColorlessPotion"},{"floor":14,"key":"Energy Potion"},{"floor":19,"key":"Strength Potion"},{"floor":24,"key":"Swift Potion"},{"floor":35,"key":"Weak Potion"},{"floor":44,"key":"Swift Potion"}],"is_trial":false,"path_per_floor":["M","M","M","?","M","R","E","M","T","E","R","M","R","M","R","B",null,"M","M","?","M","M","R","E","R","T","R","M","E","?","M","R","B",null,"M","M","$","?","T","E","M","E","T","E","M","$","?","?","R","B",null,"R","$","E","B"],"character_chosen":"THE_SILENT","items_purchased":["DollysMirror","Footwork","Finesse","Bottled Tornado"],"campfire_rested":1,"item_purchase_floors":[37,46,46,46],"current_hp_per_floor":[56,56,56,56,47,47,46,45,45,45,45,36,36,25,25,6,51,38,38,76,58,54,54,54,54,54,54,54,54,54,54,54,54,71,51,51,51,46,46,46,46,46,46,44,44,44,44,20,20,8,59,76,76,6,0,0],"gold":61,"neow_bonus":"BOSS_RELIC","is_daily":false,"chose_seed":false,"campfire_upgraded":8,"win_rate":0.0,"timestamp":1608314256,"path_taken":["M","M","M","?","?","R","E","M","T","E","R","M","R","M","R","BOSS","M","M","?","?","M","R","E","R","T","R","M","E","?","?","R","BOSS","M","M","$","?","?","E","M","E","T","E","M","$","?","?","R","BOSS","R","$","E","BOSS"],"items_purchased_type":["Relic","Card","Card","Relic"],"build_version":"2020-12-13","purchased_purges":3,"victory":false,"max_hp_per_floor":[66,66,66,66,66,66,66,66,66,66,66,66,66,66,66,66,66,66,66,76,76,76,76,76,76,76,76,76,76,76,76,76,76,76,76,76,76,76,76,76,76,76,76,76,76,76,76,76,76,76,76,76,76,76,76,76],"relic_stats":{"counters":[30,106],"CeramicFish":27,"PreservedInsect":466,"Bag of Preparation":[16],"Whetstone":["Sucker Punch","Eviscerate"],"Nunchaku":[9],"Busted Crown":22,"Mummified Hand":[45],"Bronze Scales":[114],"Gambling Chip":[7],"Pandora\u0027s Box":["Prepared","Grand Finale","Expertise","Doppelganger","Masterful Stab","Sucker Punch","A Thousand Cuts","Backflip","All Out Attack"],"Tiny Chest":1,"obtain_stats":[{"Potion Belt":42,"Lantern":54,"CeramicFish":44,"PreservedInsect":9,"Bag of Preparation":40,"Whetstone":26,"Bottled Tornado":46,"Nunchaku":39,"Busted Crown":34,"Mummified Hand":10,"DollysMirror":37,"Bronze Scales":24,"Gambling Chip":48,"Philosopher\u0027s Stone":0,"Pandora\u0027s Box":17,"Tiny Chest":29,"Unceasing Top":7,"Ring of the Snake":0},{"Potion Belt":24,"Lantern":29,"CeramicFish":25,"PreservedInsect":6,"Bag of Preparation":22,"Whetstone":15,"Bottled Tornado":26,"Nunchaku":21,"Busted Crown":19,"Mummified Hand":7,"DollysMirror":21,"Bronze Scales":15,"Gambling Chip":27,"Philosopher\u0027s Stone":0,"Pandora\u0027s Box":10,"Tiny Chest":17,"Unceasing Top":5,"Ring of the Snake":0},{"Potion Belt":85,"Lantern":104,"CeramicFish":88,"PreservedInsect":22,"Bag of Preparation":80,"Whetstone":57,"Bottled Tornado":91,"Nunchaku":77,"Busted Crown":70,"Mummified Hand":27,"DollysMirror":77,"Bronze Scales":57,"Gambling Chip":93,"Philosopher\u0027s Stone":0,"Pandora\u0027s Box":43,"Tiny Chest":63,"Unceasing Top":19,"Ring of the Snake":0}],"Unceasing Top":[178]},"card_choices":[{"not_picked":["Flying Knee","Infinite Blades"],"picked":"Dagger Spray","floor":1},{"not_picked":["Choke","Deadly Poison"],"picked":"Crippling Poison","floor":2},{"not_picked":["Tactician","Prepared"],"picked":"Eviscerate","floor":3},{"not_picked":["Distraction","Dagger Spray"],"picked":"Backstab","floor":5},{"not_picked":["Backflip","Endless Agony"],"picked":"Storm of Steel","floor":7},{"not_picked":["Infinite Blades","Dagger Throw"],"picked":"PiercingWail","floor":8},{"not_picked":["Acrobatics","Slice"],"picked":"Deflect","floor":10},{"not_picked":["PiercingWail","Sucker Punch"],"picked":"Backstab","floor":12},{"not_picked":["Crippling Poison","Dagger Throw"],"picked":"Setup","floor":14},{"not_picked":["Doppelganger","Glass Knife"],"picked":"Adrenaline","floor":16},{"not_picked":["Catalyst","Crippling Poison","Dagger Spray"],"picked":"SKIP","floor":18},{"not_picked":["Infinite Blades","Deadly Poison","Heel Hook"],"picked":"SKIP","floor":19},{"not_picked":["Underhanded Strike","Catalyst","Backflip"],"picked":"SKIP","floor":21},{"not_picked":["Blade Dance","Dash"],"picked":"Footwork","floor":22},{"not_picked":["Setup","Quick Slash+1"],"picked":"Deflect","floor":24},{"not_picked":["Bane+1","All Out Attack"],"picked":"Deflect","floor":28},{"not_picked":["Eviscerate","Poisoned Stab"],"picked":"Backstab","floor":29},{"not_picked":["Acrobatics","Sucker Punch"],"picked":"Slice+1","floor":31},{"not_picked":["Tools of the Trade","Bullet Time"],"picked":"Burst","floor":33},{"not_picked":["Backflip"],"picked":"SKIP","floor":35},{"not_picked":[],"picked":"Dodge and Roll","floor":36},{"not_picked":[],"picked":"Good Instincts","floor":38},{"not_picked":[],"picked":"Trip","floor":38},{"not_picked":["All Out Attack"],"picked":"SKIP","floor":40},{"not_picked":["Underhanded Strike"],"picked":"SKIP","floor":41},{"not_picked":[],"picked":"Choke+1","floor":42},{"not_picked":["Poisoned Stab"],"picked":"SKIP","floor":44},{"not_picked":["Deadly Poison"],"picked":"SKIP","floor":45},{"not_picked":[],"picked":"Concentrate","floor":54}],"player_experience":809436,"relics_obtained":[{"floor":7,"key":"Unceasing Top"},{"floor":9,"key":"PreservedInsect"},{"floor":10,"key":"Mummified Hand"},{"floor":24,"key":"Bronze Scales"},{"floor":26,"key":"Whetstone"},{"floor":29,"key":"Tiny Chest"},{"floor":39,"key":"Nunchaku"},{"floor":40,"key":"Bag of Preparation"},{"floor":42,"key":"Potion Belt"},{"floor":44,"key":"CeramicFish"},{"floor":48,"key":"Gambling Chip"},{"floor":54,"key":"Lantern"}],"event_choices":[{"cards_removed":["Strike_G"],"damage_healed":0,"gold_gain":0,"player_choice":"Purged","damage_taken":0,"max_hp_gain":0,"max_hp_loss":0,"event_name":"Purifier","floor":4,"gold_loss":0},{"cards_removed":["Grand Finale"],"damage_healed":28,"gold_gain":0,"player_choice":"Offered Rare","damage_taken":0,"max_hp_gain":10,"max_hp_loss":0,"event_name":"Bonfire Elementals","floor":20,"gold_loss":0},{"damage_healed":0,"gold_gain":0,"player_choice":"Copied","damage_taken":0,"max_hp_gain":0,"max_hp_loss":0,"event_name":"Duplicator","floor":30,"gold_loss":0,"cards_obtained":["A Thousand Cuts"]},{"damage_healed":0,"gold_gain":0,"player_choice":"Memory 2","damage_taken":5,"max_hp_gain":0,"max_hp_loss":0,"event_name":"SensoryStone","floor":38,"gold_loss":0},{"cards_removed":["Expertise"],"damage_healed":0,"gold_gain":0,"player_choice":"Removed Skill","damage_taken":0,"max_hp_gain":0,"max_hp_loss":0,"event_name":"Falling","floor":47,"gold_loss":0},{"damage_healed":0,"gold_gain":0,"player_choice":"Fight","damage_taken":0,"max_hp_gain":0,"max_hp_loss":0,"event_name":"Mysterious Sphere","floor":48,"gold_loss":0}],"is_beta":false,"boss_relics":[{"not_picked":["Coffee Dripper","Calling Bell"],"picked":"Pandora\u0027s Box"},{"not_picked":["Runic Pyramid","Tiny House"],"picked":"Busted Crown"}],"items_purged_floors":[37,46,53],"is_endless":false,"potions_floor_spawned":[2,7,8,14,19,24,28,35,36,44],"killed_by":"The Heart","ascension_level":18}}