{"host":"r2b8ojg4o4pyvjvq","time":1608329020,"event":{"mods":["BaseMod","Colored Map","Downfall","Highlight Path","Hubris","Marisa????????","Minty Spire (QoL Compilation)","Quick Restart","Replay The Spire","StSLib","SuperFastMode"],"gold_per_floor":[119,131,145,161,176,176,203,203,203,219,236,249,283,302,302,399,399,399,324,324,324,324,324],"floor_reached":22,"playtime":1018,"items_purged":[],"score":272,"play_id":"bbfa6c22-0bb0-411f-9805-cc3f44fc14e4","local_time":"20201218230340","is_ascension_mode":true,"campfire_choices":[{"floor":6,"key":"REST"},{"floor":8,"key":"REST"},{"floor":15,"key":"REST"}],"circlet_count":0,"master_deck":["Strike_P","Strike_P","Strike_P","Strike_P+1","Defend_P","Defend_P","Defend_P","Defend_P","Eruption+1","Vigilance","SashWhip","Fasting2","ReachHeaven","EmptyMind","Sanctity","CrushJoints","DeceiveReality","Evaluate","Devotion","Devotion","FearNoEvil","Consecrate+1","BowlingBash"],"relics":["PureWater","hubris:64BitClover","Replay:Ringing Soul","Thread and Needle","Letter Opener","Whetstone","Ectoplasm","Art of War"],"acts_visited":["Exordium","TheCity"],"potions_floor_usage":[13,13,16,16,22],"damage_taken":[{"damage":0,"enemies":"2 Louse","floor":1,"turns":2},{"damage":1,"enemies":"Jaw Worm","floor":2,"turns":5},{"damage":0,"enemies":"Small Slimes","floor":3,"turns":2},{"damage":1,"enemies":"Red Slaver","floor":4,"turns":3},{"damage":30,"enemies":"Exordium Thugs","floor":5,"turns":4},{"damage":34,"enemies":"Replay:BlueRogue","floor":7,"turns":9},{"damage":0,"enemies":"2 Fungi Beasts","floor":10,"turns":3},{"damage":0,"enemies":"Looter","floor":11,"turns":3},{"damage":0,"enemies":"Exordium Wildlife","floor":12,"turns":4},{"damage":26,"enemies":"Gremlin Nob","floor":13,"turns":3},{"damage":0,"enemies":"Red Slaver","floor":14,"turns":4},{"damage":29,"enemies":"Fading Forest","floor":16,"turns":11},{"damage":27,"enemies":"Spheric Guardian","floor":18,"turns":6},{"damage":24,"enemies":"2 Thieves","floor":19,"turns":5},{"damage":23,"enemies":"Shelled Parasite and Fungi","floor":20,"turns":5},{"damage":10,"enemies":"Snecko","floor":21,"turns":4},{"damage":15,"enemies":"Sentry and Sphere","floor":22,"turns":3}],"seed_played":"7005268722468555408","potions_obtained":[{"floor":2,"key":"Swift Potion"},{"floor":10,"key":"Strength Potion"},{"floor":11,"key":"hexamod:EctoCoolerPotion"},{"floor":13,"key":"SteroidPotion"},{"floor":14,"key":"BottledMiracle"},{"floor":16,"key":"SpeedPotion"},{"floor":21,"key":"StancePotion"}],"is_trial":false,"path_per_floor":["M","M","M","M","M","R","E","R","T","M","M","M","E","M","R","B",null,"M","M","M","M","M"],"character_chosen":"WATCHER","items_purchased":[],"campfire_rested":3,"item_purchase_floors":[],"current_hp_per_floor":[51,50,50,49,19,40,9,31,31,34,34,37,14,14,39,21,87,63,42,19,12,0,0],"gold":324,"neow_bonus":"ONE_RARE_RELIC","is_daily":false,"chose_seed":false,"campfire_upgraded":0,"win_rate":0.0,"timestamp":1608329020,"path_taken":["M","M","M","M","M","R","E","R","T","M","M","M","E","M","R","BOSS","M","M","M","M","M"],"items_purchased_type":[],"build_version":"2020-12-13","purchased_purges":0,"victory":false,"max_hp_per_floor":[72,72,72,72,72,72,75,75,75,78,78,81,84,84,84,87,87,90,93,93,96,96,96],"card_choices":[{"not_picked":["Protect","Replay:AtTheReady"],"picked":"SashWhip","floor":1},{"not_picked":["Halt","WaveOfTheHand"],"picked":"Fasting2","floor":2},{"not_picked":["FlurryOfBlows","Replay:Vibes"],"picked":"ReachHeaven","floor":3},{"not_picked":["SashWhip","PathToVictory"],"picked":"EmptyMind","floor":4},{"not_picked":["InnerPeace","Replay:BluntJabs"],"picked":"Sanctity","floor":5},{"not_picked":["Indignation","FlyingSleeves"],"picked":"CrushJoints","floor":7},{"not_picked":["WaveOfTheHand","EmptyBody"],"picked":"DeceiveReality","floor":10},{"not_picked":["Nirvana","JustLucky","DeceiveReality"],"picked":"SKIP","floor":11},{"not_picked":["CarveReality","FlyingSleeves"],"picked":"Evaluate","floor":12},{"not_picked":["Prostrate","Evaluate"],"picked":"Devotion","floor":13},{"not_picked":["PathToVictory","FlurryOfBlows","WheelKick"],"picked":"SKIP","floor":14},{"not_picked":["Blasphemy","Replay:AllIn"],"picked":"Devotion","floor":16},{"not_picked":["WreathOfFlame","FlurryOfBlows+1"],"picked":"FearNoEvil","floor":18},{"not_picked":["WreathOfFlame","Adaptation+1"],"picked":"Consecrate+1","floor":19},{"not_picked":["Fasting2","FlurryOfBlows","Weave+1"],"picked":"SKIP","floor":20},{"not_picked":["SashWhip","Evaluate"],"picked":"BowlingBash","floor":21}],"player_experience":460767,"relics_obtained":[{"floor":7,"key":"Replay:Ringing Soul"},{"floor":9,"key":"Thread and Needle"},{"floor":11,"key":"Letter Opener"},{"floor":13,"key":"Whetstone"},{"floor":21,"key":"Art of War"}],"event_choices":[],"is_beta":false,"boss_relics":[{"not_picked":["Philosopher\u0027s Stone","hubris:Backtick"],"picked":"Ectoplasm"}],"items_purged_floors":[],"is_endless":false,"potions_floor_spawned":[2,10,11,13,14,16,21],"killed_by":"Sentry and Sphere","ascension_level":4}}