{"host":"mmqs5ul2bvb60kyc","time":1608269851,"event":{"mods":["BaseMod","Downfall","Minty Spire (QoL Compilation)","StSLib"],"gold_per_floor":[99,128,128,128,142,157,184,109,128,155,155,167,3,21,37,138,138,63,81,66,66,66,66,66,66,66,92,188,206,219,232,247,247,247],"floor_reached":33,"playtime":2338,"items_purged":["hexamod:Strike+1"],"score":350,"play_id":"354190fd-696d-47e2-a76d-bab93c3c0e33","local_time":"20201218133731","is_ascension_mode":false,"campfire_choices":[{"data":"hexamod:Float","floor":1.0,"key":"SMITH"},{"data":"hexamod:SoulSteal","floor":8.0,"key":"SMITH"},{"floor":18.0,"key":"RECALL"},{"data":"sneckomod:UnknownRarePower","floor":22.0,"key":"SMITH"},{"data":"hexamod:Sear","floor":26.0,"key":"SMITH"}],"circlet_count":0,"master_deck":["hexamod:Strike+1","hexamod:Defend+1","hexamod:Defend+1","hexamod:Defend+1","hexamod:Defend+1","hexamod:Sear+1","hexamod:Float+1","hexamod:RetreatToShadows","hexamod:SpectralAdrenaline","hexamod:SoulSteal+1","hexamod:FastForward","hexamod:Hexaguard","hexamod:Incineration+1","hexamod:RainOfEmbers+1","Bloodletting","sneckomod:UnknownRarePower+1","hexamod:FourthSeal","hexamod:HeatShield+1","Trip","Hemokinesis+1","champ:StanceDance","hexamod:ExtraCrispy","expansioncontent:Collect","Shrug It Off","hexamod:ThermalTransfer+1"],"relics":["hexamod:SpiritBrand","downfall:HeartsMalice","Anchor","Molten Egg 2","downfall:HeartBlessingBlue","White Beast Statue","PrismaticShard","hexamod:IceCube","downfall:HeartBlessingGreen","Strawberry","InkBottle"],"acts_visited":["Exordium","TheCity"],"potions_floor_usage":[33,33,33],"damage_taken":[{"damage":0.0,"enemies":"Gremlin Nob","floor":2.0,"turns":1.0},{"damage":0.0,"enemies":"Small Slimes","floor":3.0,"turns":1.0},{"damage":0.0,"enemies":"Lagavulin Event","floor":5.0,"turns":1.0},{"damage":6.0,"enemies":"2 Louse","floor":6.0,"turns":4.0},{"damage":0.0,"enemies":"Cultist","floor":9.0,"turns":5.0},{"damage":26.0,"enemies":"Lagavulin","floor":10.0,"turns":9.0},{"damage":6.0,"enemies":"Exordium Thugs","floor":12.0,"turns":3.0},{"damage":0.0,"enemies":"downfall:FleeingMerchant","floor":13.0,"turns":4.0},{"damage":6.0,"enemies":"Lots of Slimes","floor":14.0,"turns":3.0},{"damage":0.0,"enemies":"2 Fungi Beasts","floor":15.0,"turns":3.0},{"damage":14.0,"enemies":"downfall:Ironclad","floor":16.0,"turns":6.0},{"damage":2.0,"enemies":"Shell Parasite","floor":19.0,"turns":4.0},{"damage":6.0,"enemies":"downfall:FleeingMerchant","floor":20.0,"turns":4.0},{"damage":0.0,"enemies":"Chosen","floor":25.0,"turns":1.0},{"damage":3.0,"enemies":"Gremlin Leader","floor":27.0,"turns":7.0},{"damage":5.0,"enemies":"downfall:FleeingMerchant","floor":28.0,"turns":4.0},{"damage":10.0,"enemies":"Snake Plant","floor":29.0,"turns":5.0},{"damage":29.0,"enemies":"Cultist and Chosen","floor":30.0,"turns":5.0},{"damage":14.0,"enemies":"Centurion and Healer","floor":31.0,"turns":5.0},{"damage":0.0,"enemies":"Snake Plant","floor":32.0,"turns":4.0},{"damage":34,"enemies":"downfall:Watcher","floor":33,"turns":4}],"seed_played":"-7210379043559831701","potions_obtained":[{"floor":5.0,"key":"Fire Potion"},{"floor":10.0,"key":"Strength Potion"},{"floor":12.0,"key":"SpeedPotion"},{"floor":13.0,"key":"Fire Potion"},{"floor":14.0,"key":"Fire Potion"},{"floor":16.0,"key":"CultistPotion"},{"floor":19.0,"key":"CultistPotion"},{"floor":20.0,"key":"LiquidBronze"},{"floor":20.0,"key":"Fire Potion"},{"floor":27.0,"key":"Ancient Potion"},{"floor":30.0,"key":"champ:CounterPotion"}],"is_trial":false,"path_per_floor":["R","E","M","?","?","M","T","R","M","E","?","M","$","M","M","B",null,"R","M","$","?","R","?","T","M","R","E","$","M","M","M","M","B"],"character_chosen":"THE_SPIRIT","items_purchased":["PrismaticShard","hexamod:ExtraCrispy","expansioncontent:Collect"],"campfire_rested":0,"item_purchase_floors":[13,28,28],"current_hp_per_floor":[70,70,70,70,70,64,64,74,74,48,48,42,42,36,36,22,80,80,78,72,72,72,72,79,79,79,76,71,61,32,18,18,0,0],"gold":247,"neow_bonus":"THREE_ENEMY_KILL","is_daily":false,"chose_seed":false,"campfire_upgraded":4,"win_rate":0.0,"timestamp":1608269851,"path_taken":["R","E","M","?","?","M","T","R","M","E","?","M","?","M","M","BOSS","R","M","$","?","R","?","T","M","R","E","$","M","?","M","M","BOSS"],"items_purchased_type":["Relic","Card","Card"],"build_version":"2020-12-13","purchased_purges":1,"victory":false,"max_hp_per_floor":[70,70,70,70,70,70,70,80,80,80,80,80,80,80,80,80,80,80,80,80,80,80,80,87,87,87,87,87,87,87,87,87,87,87],"card_choices":[{"not_picked":["hexamod:ThermalTransfer","hexamod:AdvancingGuard"],"picked":"hexamod:RetreatToShadows","floor":2.0},{"not_picked":["hexamod:BacktrackSmack","hexamod:InspiringFlames"],"picked":"hexamod:SpectralAdrenaline","floor":3.0},{"not_picked":["hexamod:NightmareGuise","hexamod:SpectralAdrenaline"],"picked":"hexamod:SoulSteal","floor":5.0},{"not_picked":["hexamod:SpectersWail+1","hexamod:HauntingEcho+1"],"picked":"hexamod:FastForward","floor":6.0},{"not_picked":["hexamod:NightmareGuise","hexamod:BacktrackSmack+1"],"picked":"hexamod:Hexaguard","floor":9.0},{"not_picked":["hexamod:SpectersWail+1","hexamod:Again"],"picked":"hexamod:Incineration+1","floor":10.0},{"not_picked":["hexamod:SwordOfDarkness+1","hexamod:NecessarySacrifice"],"picked":"hexamod:RainOfEmbers+1","floor":12.0},{"not_picked":["hexamod:GhostShield","hexamod:GhostLash+1","hexamod:BacktrackSmack+1"],"picked":"SKIP","floor":13.0},{"not_picked":["sneckomod:QuickMove","Perfected Strike+1","EmptyBody"],"picked":"SKIP","floor":14.0},{"not_picked":["champ:Encircle+1","sneckomod:DefensiveFlair"],"picked":"Bloodletting","floor":15.0},{"not_picked":["Slimebound:RallyTheTroops+1","Guardian:SphericShield"],"picked":"sneckomod:UnknownRarePower","floor":16.0},{"not_picked":["Slimebound:BestDefense","Slimebound:SplitMire+1"],"picked":"hexamod:FourthSeal","floor":19.0},{"not_picked":["Guardian:Planning","Slimebound:PressTheAttack+1"],"picked":"hexamod:HeatShield+1","floor":20.0},{"not_picked":["Deflect","hexamod:SwordOfDarkness+1"],"picked":"Trip","floor":25.0},{"not_picked":["sneckomod:SerpentMind","Slimebound:Equalize+1"],"picked":"Hemokinesis+1","floor":27.0},{"not_picked":["Clash+1","Slimebound:ViciousTackle+1"],"picked":"champ:StanceDance","floor":28.0},{"not_picked":["Purity","Slimebound:ViciousTackle+1","Underhanded Strike+1"],"picked":"SKIP","floor":29.0},{"not_picked":["Twin Strike+1","Headbutt+1"],"picked":"Shrug It Off","floor":30.0},{"not_picked":["hexamod:ExtraCrispy","Headbutt+1"],"picked":"hexamod:ThermalTransfer+1","floor":31.0},{"not_picked":["Guardian:ShieldCharger","hexamod:GhostLash+1","Reaper+1"],"picked":"SKIP","floor":32.0}],"player_experience":204270,"relics_obtained":[{"floor":2.0,"key":"Anchor"},{"floor":5.0,"key":"Molten Egg 2"},{"floor":10.0,"key":"White Beast Statue"},{"floor":24.0,"key":"Strawberry"},{"floor":27.0,"key":"InkBottle"}],"event_choices":[{"cards_removed":["hexamod:Strike"],"damage_healed":0.0,"max_hp_gain":0.0,"max_hp_loss":0.0,"gold_gain":0.0,"event_name":"The Cleric","player_choice":"Card Removal","floor":4.0,"gold_loss":0.0,"damage_taken":0.0},{"cards_removed":["hexamod:Strike"],"damage_healed":0.0,"max_hp_gain":0.0,"max_hp_loss":0.0,"gold_gain":0.0,"event_name":"The Cleric","player_choice":"Card Removal","floor":5.0,"gold_loss":50.0,"damage_taken":0.0},{"damage_healed":0.0,"max_hp_gain":0.0,"max_hp_loss":0.0,"gold_gain":0.0,"event_name":"Back to Basics","player_choice":"Simplicity","floor":21.0,"gold_loss":0.0,"damage_taken":0.0,"cards_upgraded":["hexamod:Strike","hexamod:Strike","hexamod:Defend","hexamod:Defend","hexamod:Defend","hexamod:Defend"]},{"damage_healed":0.0,"max_hp_gain":0.0,"max_hp_loss":0.0,"gold_gain":0.0,"event_name":"NoteForYourself","player_choice":"Ignored","floor":23.0,"gold_loss":0.0,"damage_taken":0.0}],"is_beta":false,"boss_relics":[{"not_picked":["Ectoplasm","Cursed Key"],"picked":"hexamod:IceCube"}],"items_purged_floors":[28],"is_endless":false,"potions_floor_spawned":[5,10,12,13,14,15,16,19,20,25,27,28,29,30,31,32],"killed_by":"downfall:Watcher","ascension_level":0}}