{"host":"q9718omregw4er46","time":1608325235,"event":{"mods":["BaseMod","Bestiary","Colored Powertips","Custom Start","Highlight Path","Minty Spire (QoL Compilation)","Practice Mode","Quick Restart","Relic Stats"],"gold_per_floor":[119,119,194,214,49,49,77,92,92,132,162,186,198,229,241,326,338,364,376,388,41,51,51,82,82,131,144,144,169,187,217,217,292,292,309,183,258,258,296,349,349,409,409,469,518,568,608,651,651,681,681,681,48,78,108],"floor_reached":56,"playtime":2969,"items_purged":["Strike_P","Strike_P"],"score":2605,"play_id":"398fe0f7-8122-47b0-9e18-09230eb0635c","local_time":"20201219020035","is_ascension_mode":true,"campfire_choices":[{"data":"Vault","floor":6,"key":"SMITH"},{"data":"Meditate","floor":15,"key":"SMITH"},{"data":"Wireheading","floor":23,"key":"SMITH"},{"data":"SandsOfTime","floor":25,"key":"SMITH"},{"data":"DeceiveReality","floor":28,"key":"SMITH"},{"floor":32,"key":"RECALL"},{"data":"Wish","floor":41,"key":"SMITH"},{"data":"Vigilance","floor":49,"key":"SMITH"},{"data":"Worship","floor":52,"key":"SMITH"}],"circlet_count":0,"master_deck":["AscendersBane","Strike_P","Defend_P","Defend_P","Defend_P","Defend_P","Eruption","Vigilance+1","Consecrate","Meditate+1","DevaForm","Vault+1","LikeWater+1","Wireheading+1","DeceiveReality+1","Vault","SandsOfTime+1","Fasting2+1","Sanctity+1","MentalFortress+1","CrushJoints+1","Wish+1","DevaForm+1","CutThroughFate+1","Worship+1","WaveOfTheHand+1","LikeWater+1","MentalFortress+1","LikeWater+1"],"relics":["PureWater","NeowsBlessing","Pear","Orrery","FossilizedHelix","MawBank","Bag of Marbles","Snecko Eye","MutagenicStrength","Enchiridion","Frozen Egg 2","Molten Egg 2","MealTicket","Smiling Mask","Darkstone Periapt","Coffee Dripper","Torii","White Beast Statue","Singing Bowl","Sundial","Anchor","Ornamental Fan","Vajra"],"acts_visited":["Exordium","TheCity","TheBeyond","TheEnding"],"potions_floor_usage":[10,16,29,50,55,55],"damage_taken":[{"damage":0,"enemies":"Small Slimes","floor":1,"turns":1},{"damage":0,"enemies":"2 Louse","floor":4,"turns":1},{"damage":0,"enemies":"Gremlin Nob","floor":7,"turns":1},{"damage":0,"enemies":"Jaw Worm","floor":8,"turns":3},{"damage":42,"enemies":"3 Sentries","floor":10,"turns":9},{"damage":0,"enemies":"Looter","floor":11,"turns":1},{"damage":0,"enemies":"2 Fungi Beasts","floor":12,"turns":3},{"damage":0,"enemies":"Exordium Thugs","floor":14,"turns":3},{"damage":10,"enemies":"Slime Boss","floor":16,"turns":12},{"damage":0,"enemies":"Spheric Guardian","floor":18,"turns":4},{"damage":1,"enemies":"3 Byrds","floor":22,"turns":5},{"damage":0,"enemies":"Book of Stabbing","floor":24,"turns":6},{"damage":0,"enemies":"3 Cultists","floor":27,"turns":4},{"damage":0,"enemies":"Gremlin Leader","floor":29,"turns":4},{"damage":0,"enemies":"Cultist and Chosen","floor":30,"turns":6},{"damage":7,"enemies":"Book of Stabbing","floor":31,"turns":5},{"damage":0,"enemies":"Champ","floor":33,"turns":10},{"damage":0,"enemies":"Orb Walker","floor":35,"turns":1},{"damage":0,"enemies":"2 Orb Walkers","floor":37,"turns":5},{"damage":0,"enemies":"3 Darklings","floor":39,"turns":6},{"damage":0,"enemies":"Nemesis","floor":40,"turns":6},{"damage":0,"enemies":"Giant Head","floor":42,"turns":5},{"damage":15,"enemies":"Nemesis","floor":44,"turns":5},{"damage":0,"enemies":"Transient","floor":45,"turns":7},{"damage":0,"enemies":"4 Shapes","floor":46,"turns":6},{"damage":12,"enemies":"Sphere and 2 Shapes","floor":47,"turns":6},{"damage":0,"enemies":"Maw","floor":48,"turns":6},{"damage":12,"enemies":"Donu and Deca","floor":50,"turns":6},{"damage":33,"enemies":"Shield and Spear","floor":54,"turns":8},{"damage":10,"enemies":"The Heart","floor":55,"turns":11}],"seed_played":"-8667622144834787560","potions_obtained":[{"floor":7,"key":"GamblersBrew"},{"floor":11,"key":"DistilledChaos"},{"floor":16,"key":"Block Potion"},{"floor":18,"key":"Explosive Potion"},{"floor":31,"key":"Explosive Potion"},{"floor":35,"key":"Energy Potion"},{"floor":37,"key":"AttackPotion"},{"floor":46,"key":"DistilledChaos"},{"floor":48,"key":"PowerPotion"}],"is_trial":false,"path_per_floor":["M","?","?","M","$","R","E","M","T","E","M","M","?","M","R","B",null,"M","?","?","$","M","R","E","R","T","M","R","E","M","E","R","B",null,"M","$","?","?","M","E","R","E","T","E","M","M","M","M","R","B",null,"R","$","E","B",null],"character_chosen":"WATCHER","items_purchased":["Orrery","Frozen Egg 2","Fasting2+1","DevaForm+1","LikeWater+1","Anchor","Ornamental Fan","Strength Potion"],"campfire_rested":0,"item_purchase_floors":[5,21,21,36,53,53,53,53],"current_hp_per_floor":[61,66,55,55,55,55,55,55,55,13,13,13,13,13,13,3,59,59,59,38,38,37,37,37,37,37,37,37,37,37,30,30,30,66,66,78,78,78,78,78,78,78,78,63,65,67,57,57,57,45,74,74,84,53,43],"gold":108,"neow_bonus":"THREE_ENEMY_KILL","is_daily":false,"chose_seed":false,"campfire_upgraded":8,"win_rate":0.0,"timestamp":1608325235,"path_taken":["M","?","?","M","$","R","E","M","T","E","M","M","?","M","R","BOSS","M","?","?","$","M","R","E","R","T","?","R","E","M","E","R","BOSS","M","$","?","?","M","E","R","E","T","E","M","M","M","M","R","BOSS","R","$","E","BOSS"],"items_purchased_type":["Relic","Relic","Card","Card","Card","Relic","Relic","Potion"],"build_version":"2020-12-13","purchased_purges":2,"victory":true,"max_hp_per_floor":[68,78,78,78,78,78,78,78,78,78,78,78,78,78,78,78,78,78,78,78,78,78,78,78,78,78,78,78,78,78,78,78,78,78,78,78,78,78,78,78,78,78,78,78,80,82,84,84,84,84,84,84,84,86,86],"relic_stats":{"Darkstone Periapt":0,"Torii":6,"Singing Bowl":8,"counters":[30,156],"Sundial":[12],"Ornamental Fan":[24],"Snecko Eye":[216,213,223,216],"MealTicket":22,"MawBank":144,"Smiling Mask":75,"obtain_stats":[{"Darkstone Periapt":31,"Pear":2,"NeowsBlessing":0,"Torii":37,"Singing Bowl":42,"Enchiridion":20,"Vajra":54,"Frozen Egg 2":21,"MawBank":9,"Smiling Mask":29,"White Beast Statue":40,"Anchor":53,"Sundial":44,"Ornamental Fan":53,"MutagenicStrength":19,"Orrery":5,"Snecko Eye":17,"Molten Egg 2":24,"MealTicket":26,"Bag of Marbles":10,"Coffee Dripper":34,"PureWater":0,"FossilizedHelix":7},{"Darkstone Periapt":16,"Pear":1,"NeowsBlessing":0,"Torii":19,"Singing Bowl":22,"Enchiridion":10,"Vajra":29,"Frozen Egg 2":10,"MawBank":4,"Smiling Mask":14,"White Beast Statue":21,"Anchor":28,"Sundial":23,"Ornamental Fan":28,"MutagenicStrength":10,"Orrery":2,"Snecko Eye":9,"Molten Egg 2":12,"MealTicket":12,"Bag of Marbles":5,"Coffee Dripper":17,"PureWater":0,"FossilizedHelix":3},{"Darkstone Periapt":68,"Pear":1,"NeowsBlessing":0,"Torii":84,"Singing Bowl":101,"Enchiridion":38,"Vajra":145,"Frozen Egg 2":38,"MawBank":6,"Smiling Mask":57,"White Beast Statue":96,"Anchor":137,"Sundial":106,"Ornamental Fan":137,"MutagenicStrength":38,"Orrery":2,"Snecko Eye":34,"Molten Egg 2":49,"MealTicket":49,"Bag of Marbles":15,"Coffee Dripper":78,"PureWater":0,"FossilizedHelix":3}]},"card_choices":[{"not_picked":["ThirdEye","Meditate"],"picked":"Consecrate","floor":1},{"not_picked":["CrushJoints","JustLucky"],"picked":"Meditate","floor":4},{"not_picked":["FlyingSleeves","FlurryOfBlows"],"picked":"DevaForm","floor":5},{"not_picked":["BowlingBash","Crescendo"],"picked":"Vault","floor":5},{"not_picked":["Halt","EmptyBody","Devotion"],"picked":"SKIP","floor":7},{"not_picked":["Nirvana","ClearTheMind","BowlingBash"],"picked":"SKIP","floor":8},{"not_picked":["Worship","SashWhip"],"picked":"LikeWater","floor":10},{"not_picked":["BattleHymn","SandsOfTime"],"picked":"Wireheading","floor":11},{"not_picked":["ThirdEye","Indignation","Protect"],"picked":"SKIP","floor":12},{"not_picked":["ClearTheMind","Conclude"],"picked":"DeceiveReality","floor":14},{"not_picked":["ConjureBlade","MasterReality"],"picked":"Vault","floor":16},{"not_picked":["DeceiveReality","ClearTheMind"],"picked":"SandsOfTime","floor":18},{"not_picked":["EmptyBody","CutThroughFate","WindmillStrike"],"picked":"SKIP","floor":22},{"not_picked":["Consecrate+1","SignatureMove+1","FlurryOfBlows+1"],"picked":"SKIP","floor":24},{"not_picked":["Protect","ThirdEye"],"picked":"Sanctity+1","floor":27},{"not_picked":["Establishment+1","EmptyMind"],"picked":"MentalFortress+1","floor":29},{"not_picked":["SashWhip+1","FollowUp+1"],"picked":"CrushJoints+1","floor":30},{"not_picked":["DeceiveReality","FlurryOfBlows+1","FlyingSleeves+1"],"picked":"SKIP","floor":31},{"not_picked":["DeusExMachina","ConjureBlade"],"picked":"Wish","floor":33},{"not_picked":["FlurryOfBlows+1","BowlingBash+1","EmptyFist+1"],"picked":"SKIP","floor":35},{"not_picked":["Brilliance+1","FlyingSleeves+1"],"picked":"CutThroughFate+1","floor":39},{"not_picked":["Sanctity+1","InnerPeace"],"picked":"Worship","floor":40},{"not_picked":["InnerPeace","SashWhip+1"],"picked":"WaveOfTheHand+1","floor":42},{"not_picked":["ClearTheMind","WheelKick+1"],"picked":"LikeWater+1","floor":44},{"not_picked":["FollowUp+1","Halt","FlurryOfBlows+1"],"picked":"Singing Bowl","floor":45},{"not_picked":["EmptyBody","FlurryOfBlows+1","EmptyMind+1"],"picked":"Singing Bowl","floor":46},{"not_picked":["EmptyMind","EmptyBody","BowlingBash+1"],"picked":"Singing Bowl","floor":47},{"not_picked":["FlurryOfBlows+1","EmptyFist+1"],"picked":"MentalFortress+1","floor":48},{"not_picked":["Perseverance","FollowUp+1","Blasphemy"],"picked":"Singing Bowl","floor":54}],"player_experience":1051991,"relics_obtained":[{"floor":7,"key":"FossilizedHelix"},{"floor":9,"key":"MawBank"},{"floor":10,"key":"Bag of Marbles"},{"floor":20,"key":"Enchiridion"},{"floor":24,"key":"Molten Egg 2"},{"floor":26,"key":"MealTicket"},{"floor":29,"key":"Smiling Mask"},{"floor":31,"key":"Darkstone Periapt"},{"floor":37,"key":"Torii"},{"floor":40,"key":"White Beast Statue"},{"floor":42,"key":"Singing Bowl"},{"floor":44,"key":"Sundial"},{"floor":54,"key":"Vajra"}],"event_choices":[{"damage_healed":0,"gold_gain":0,"player_choice":"Success","damage_taken":5,"relics_obtained":["Pear"],"max_hp_gain":0,"max_hp_loss":0,"event_name":"Scrap Ooze","floor":2,"gold_loss":0},{"damage_healed":0,"gold_gain":75,"player_choice":"Gather Gold","damage_taken":11,"max_hp_gain":0,"max_hp_loss":0,"event_name":"World of Goop","floor":3,"gold_loss":0},{"damage_healed":0,"gold_gain":0,"player_choice":"Grow","damage_taken":0,"max_hp_gain":0,"max_hp_loss":0,"event_name":"Living Wall","floor":13,"gold_loss":0,"cards_upgraded":["LikeWater"]},{"damage_healed":0,"gold_gain":0,"player_choice":"Inject Mutagens","damage_taken":0,"relics_obtained":["MutagenicStrength"],"max_hp_gain":0,"max_hp_loss":0,"event_name":"Drug Dealer","floor":19,"gold_loss":0},{"damage_healed":0,"gold_gain":0,"player_choice":"Obtained Book","damage_taken":21,"max_hp_gain":0,"max_hp_loss":0,"event_name":"Cursed Tome","floor":20,"gold_loss":0},{"damage_healed":0,"gold_gain":0,"player_choice":"Fight","damage_taken":0,"max_hp_gain":0,"max_hp_loss":0,"event_name":"Mysterious Sphere","floor":37,"gold_loss":0},{"cards_removed":["Strike_P"],"damage_healed":0,"gold_gain":0,"player_choice":"Removed Attack","damage_taken":0,"max_hp_gain":0,"max_hp_loss":0,"event_name":"Falling","floor":38,"gold_loss":0}],"is_beta":false,"boss_relics":[{"not_picked":["Sozu","Calling Bell"],"picked":"Snecko Eye"},{"not_picked":["SacredBark","Empty Cage"],"picked":"Coffee Dripper"}],"items_purged_floors":[36,53],"is_endless":false,"potions_floor_spawned":[7,11,16,18,22,31,33,35,37,42,44,45,46,47,48,54],"ascension_level":19}}