{"host":"szp1d6dso4pv7ddl","time":1608251040,"event":{"mods":["AchievementEnabler","Alarm Clock","BaseMod","Bestiary","Block Reminder","Colored Map","Colored Powertips","Curses Come First","Displayed Cursed Tome","Highlight Path","Minty Spire (QoL Compilation)","Permanent Neow","Quick Restart","Relic Stats","StSLib"],"gold_per_floor":[10,10,33,56,56,89,14,39,39,39,52,52,77,77,77,77,77],"floor_reached":16,"playtime":543,"items_purged":["Defend_R"],"score":158,"play_id":"a07f48f6-ba4d-45f2-8b8c-1bb8b43bf038","local_time":"20201217162400","is_ascension_mode":true,"campfire_choices":[{"data":"Armaments","floor":10,"key":"SMITH"},{"floor":15,"key":"REST"}],"circlet_count":0,"master_deck":["AscendersBane","Strike_R","Strike_R","Strike_R","Strike_R","Strike_R","Bash","Havoc","Armaments+1","Clash"],"relics":["Burning Blood","Golden Idol","Champion Belt","Turnip"],"acts_visited":["Exordium"],"potions_floor_usage":[13],"damage_taken":[{"damage":9,"enemies":"Jaw Worm","floor":1,"turns":3},{"damage":11,"enemies":"Cultist","floor":3,"turns":4},{"damage":0,"enemies":"2 Louse","floor":4,"turns":2},{"damage":40,"enemies":"Gremlin Nob","floor":6,"turns":5},{"damage":4,"enemies":"Blue Slaver","floor":8,"turns":3},{"damage":6,"enemies":"3 Louse","floor":11,"turns":3},{"damage":8,"enemies":"Large Slime","floor":13,"turns":3},{"damage":39,"enemies":"Slime Boss","floor":16,"turns":8}],"seed_played":"-6417016192207544245","potions_obtained":[{"floor":3,"key":"Energy Potion"},{"floor":8,"key":"Weak Potion"}],"is_trial":false,"path_per_floor":["M","?","M","M","?","E","$","M","T","R","M","$","M","?","R","B"],"character_chosen":"IRONCLAD","items_purchased":[],"campfire_rested":1,"item_purchase_floors":[],"current_hp_per_floor":[69,49,44,50,55,21,21,23,23,23,23,23,21,14,38,0,0],"gold":77,"neow_bonus":"REMOVE_TWO","is_daily":false,"chose_seed":false,"campfire_upgraded":1,"win_rate":0.0,"timestamp":1608251040,"path_taken":["M","?","M","M","?","E","$","?","T","R","M","$","M","?","R","BOSS"],"items_purchased_type":[],"build_version":"2020-12-13","purchased_purges":1,"victory":false,"max_hp_per_floor":[80,80,80,80,80,80,80,80,80,80,80,80,80,80,80,80,80],"relic_stats":{"counters":[8,31],"Golden Idol":30,"Turnip":[6],"Champion Belt":[5],"obtain_stats":[{"Golden Idol":2,"Turnip":9,"Champion Belt":6,"Burning Blood":0},{"Golden Idol":1,"Turnip":5,"Champion Belt":4,"Burning Blood":0},{"Golden Idol":3,"Turnip":17,"Champion Belt":14,"Burning Blood":0}],"Burning Blood":42},"card_choices":[{"not_picked":["Seeing Red","Combust"],"picked":"Clash","floor":1},{"not_picked":["Body Slam","Inflame"],"picked":"Havoc","floor":3},{"not_picked":["Pommel Strike","Reckless Charge","Entrench"],"picked":"SKIP","floor":4},{"not_picked":["Disarm","Corruption"],"picked":"Armaments","floor":6},{"not_picked":["Whirlwind","Combust"],"picked":"Clash","floor":8},{"not_picked":["Havoc","Armaments","Inflame"],"picked":"SKIP","floor":11},{"not_picked":["Headbutt","Clothesline","Rampage"],"picked":"SKIP","floor":13}],"player_experience":969834,"relics_obtained":[{"floor":6,"key":"Champion Belt"},{"floor":9,"key":"Turnip"}],"event_choices":[{"damage_healed":0,"gold_gain":0,"player_choice":"Take Damage","damage_taken":20,"relics_obtained":["Golden Idol"],"max_hp_gain":0,"max_hp_loss":0,"event_name":"Golden Idol","floor":2,"gold_loss":0},{"cards_removed":["Clash"],"damage_healed":5,"gold_gain":0,"player_choice":"Offered Common","damage_taken":0,"max_hp_gain":0,"max_hp_loss":0,"event_name":"Bonfire Elementals","floor":5,"gold_loss":0},{"cards_removed":["Clash"],"damage_healed":5,"gold_gain":0,"player_choice":"Offered Special","damage_taken":0,"max_hp_gain":0,"max_hp_loss":0,"event_name":"Bonfire Elementals","floor":5,"gold_loss":0},{"cards_removed":["Defend_R"],"damage_healed":0,"gold_gain":0,"player_choice":"Card Removal","damage_taken":7,"max_hp_gain":0,"max_hp_loss":0,"event_name":"Golden Wing","floor":14,"gold_loss":0}],"is_beta":false,"boss_relics":[],"items_purged_floors":[7],"is_endless":false,"potions_floor_spawned":[3,8],"killed_by":"Slime Boss","ascension_level":11}}