{"host":"t9ey1ebdrj6sa9fi","time":1608313928,"event":{"mods":["Act Like it!","BaseMod","Better Silent Start","Better Vampires","ChefMod","Colored Map","Colored Powertips","Emptier Cage","Gensokyo","Highlight Path","Koishi","Minty Spire (QoL Compilation)","Optimize The Spire","Permanent Neow","Quick Restart","Random Character Button","Relic Stats","Spicy Shops","StSLib","SuperFastMode","The IronCluck","everything is the same but u backflip on backflip"],"gold_per_floor":[119,119,119,389,25,58,58,85,139,139,139,64,64,0,0,105,105,120,120,70,85,85,85,120,120,143,178,178,192,202,230,230,335,335,349,349,349,49,49,82,82,116,141,172,172,27,43,60,73,173],"floor_reached":51,"playtime":3036,"items_purged":["chefmod:Strike"],"score":954,"play_id":"f8f2b33b-5c4e-40d6-bbc4-22b14ba4a165","local_time":"20201218185208","is_ascension_mode":true,"campfire_choices":[{"data":"chefmod:QuickThaw","floor":7.0,"key":"SMITH"},{"data":"chefmod:RaidPantry","floor":10.0,"key":"SMITH"},{"data":"Gensokyo:CrescentMoonSlash","floor":13.0,"key":"SMITH"},{"data":"chefmod:SliceAndDice","floor":15.0,"key":"SMITH"},{"data":"chefmod:DeepFreeze","floor":23.0,"key":"SMITH"},{"data":"chefmod:SearedScallops","floor":25.0,"key":"SMITH"},{"data":"chefmod:FrozenTuna","floor":28.0,"key":"SMITH"},{"data":"chefmod:TodaysSpecial","floor":32.0,"key":"SMITH"},{"data":"chefmod:SushiPlatter","floor":41.0,"key":"SMITH"}],"circlet_count":0,"master_deck":["chefmod:QuickThaw+1","chefmod:TodaysSpecial+1","chefmod:Granita","Gensokyo:CrescentMoonSlash+1","chefmod:HotSoup","chefmod:BaoBuns","chefmod:RaidPantry+1","chefmod:DeepFreeze+1","chefmod:SearedScallops+1","Night Terror+1","chefmod:HotSoup","chefmod:Gelato","chefmod:FrozenTuna+1","chefmod:DoubleChop","chefmod:OrderUp","chefmod:Mince","chefmod:Escargot","chefmod:LiquidNitrogen","chefmod:SushiPlatter+1","chefmod:Bruschetta","chefmod:Fillet+1","chefmod:BaoBuns+1","chefmod:IcePick","chefmod:FrozenTuna+1","chefmod:ColdSteel","chefmod:FrozenTuna"],"relics":["chefmod:TrustyPot","Gensokyo:OccultBall","chefmod:Spatula","PreservedInsect","Gremlin Horn","Potion Belt","Pen Nib","Sozu","Gensokyo:SongOfSouls","Bag of Preparation","Strawberry","Gambling Chip","Ancient Tea Set","Pandora\u0027s Box","Bag of Marbles","TheAbacus","ClockworkSouvenir","Nunchaku","Pantograph","chefmod:RollingPin","Eternal Feather","DollysMirror"],"acts_visited":["Gensokyo:Gensokyo","Gensokyo:Gensokyoer","Gensokyo:Gensokyoest"],"potions_floor_usage":[],"damage_taken":[{"damage":10.0,"enemies":"Gensokyo:Gryphon","floor":1.0,"turns":4.0},{"damage":26.0,"enemies":"Gensokyo:3_Fairies","floor":4.0,"turns":4.0},{"damage":0.0,"enemies":"Gensokyo:Cirno","floor":6.0,"turns":4.0},{"damage":0.0,"enemies":"Gensokyo:Aya","floor":8.0,"turns":4.0},{"damage":23.0,"enemies":"Gensokyo:Yukari","floor":16.0,"turns":9.0},{"damage":0.0,"enemies":"Gensokyo:CosmicMonolith","floor":18.0,"turns":2.0},{"damage":7.0,"enemies":"Gensokyo:3_Dogs","floor":21.0,"turns":2.0},{"damage":17.0,"enemies":"Gensokyo:Tenshi","floor":24.0,"turns":3.0},{"damage":0.0,"enemies":"Gensokyo:Reisen","floor":27.0,"turns":4.0},{"damage":0.0,"enemies":"Gensokyo:3_Gloops","floor":29.0,"turns":1.0},{"damage":0.0,"enemies":"Gensokyo:Monolith_and_Dog","floor":30.0,"turns":2.0},{"damage":9.0,"enemies":"Gensokyo:Koishi","floor":31.0,"turns":3.0},{"damage":60.0,"enemies":"Gensokyo:Kaguya","floor":33.0,"turns":7.0},{"damage":0.0,"enemies":"Gensokyo:3_Bats","floor":35.0,"turns":1.0},{"damage":19.0,"enemies":"Gensokyo:Marisa","floor":40.0,"turns":4.0},{"damage":0,"enemies":"Gensokyo:Doremy","floor":42,"turns":4},{"damage":4,"enemies":"Gensokyo:Kasen","floor":44,"turns":2},{"damage":0,"enemies":"Gensokyo:AncientGuardian","floor":47,"turns":1},{"damage":0,"enemies":"Gensokyo:Rafflesia","floor":48,"turns":3},{"damage":15,"enemies":"Gensokyo:Rafflesia","floor":49,"turns":1},{"damage":37,"enemies":"Gensokyo:Shinki","floor":50,"turns":8}],"seed_played":"-1808066850502819629","potions_obtained":[{"floor":8.0,"key":"Fire Potion"},{"floor":16.0,"key":"SpeedPotion"}],"is_trial":false,"path_per_floor":["M","?","?","M","$","E","R","E","T","R","T","$","R","?","R","B",null,"M","?","?","M","?","R","E","R","T","E","R","M","M","E","R","B",null,"M","?","T","COS","?","E","R","E","T","E","?","$","M","M","R","B",null],"character_chosen":"THE_CHEF","items_purchased":["chefmod:Spatula","chefmod:HotSoup","DollysMirror"],"campfire_rested":0,"item_purchase_floors":[5,5,46],"current_hp_per_floor":[59,59,53,27,27,27,27,27,27,27,27,27,27,59,59,36,69,69,69,76,69,69,69,52,52,59,59,59,59,59,50,50,10,83,83,83,83,83,83,64,64,64,64,60,60,60,60,60,60,46],"gold":173,"neow_bonus":"RANDOM_COLORLESS_2","is_daily":false,"chose_seed":false,"campfire_upgraded":9,"win_rate":0.0,"timestamp":1608313928,"path_taken":["M","?","?","M","$","E","R","E","T","R","?","?","R","?","R","BOSS","M","?","?","M","?","R","E","R","T","E","R","M","M","E","R","BOSS","M","?","?","COS","?","E","R","E","T","E","?","?","?","?","R","BOSS"],"items_purchased_type":["Relic","Card","Relic"],"build_version":"2020-12-13","purchased_purges":1,"victory":true,"max_hp_per_floor":[69,69,69,69,69,69,69,69,69,69,69,69,69,69,69,69,69,69,69,76,76,76,76,76,76,83,83,83,83,83,83,83,83,83,83,83,83,83,83,83,83,83,83,83,83,83,83,83,83,83],"relic_stats":{"Gremlin Horn":[19,19],"counters":[21,72],"Eternal Feather":15,"PreservedInsect":424,"Pen Nib":[14],"Bag of Preparation":[13],"Sozu":4,"Nunchaku":[5],"TheAbacus":[72],"Gambling Chip":[5],"Pantograph":23,"Pandora\u0027s Box":["chefmod:Mince","chefmod:Escargot","chefmod:LiquidNitrogen","chefmod:RisingDough","chefmod:SushiPlatter","chefmod:Bruschetta","chefmod:CandyBowl"],"obtain_stats":[{"Potion Belt":9,"chefmod:TrustyPot":0,"Gremlin Horn":8,"Eternal Feather":44,"PreservedInsect":6,"Pen Nib":11,"chefmod:Spatula":5,"Bag of Preparation":24,"Ancient Tea Set":31,"ClockworkSouvenir":38,"Sozu":17,"Frozen Eye":31,"Nunchaku":40,"TheAbacus":38,"DollysMirror":46,"Strawberry":26,"Gambling Chip":27,"Pantograph":42,"Gensokyo:OccultBall":2,"Pandora\u0027s Box":34,"chefmod:RollingPin":43,"Bag of Marbles":37,"Gensokyo:SongOfSouls":22},{"Potion Belt":4,"chefmod:TrustyPot":0,"Gremlin Horn":4,"Eternal Feather":17,"PreservedInsect":3,"Pen Nib":4,"chefmod:Spatula":2,"Bag of Preparation":8,"Ancient Tea Set":12,"ClockworkSouvenir":14,"Sozu":5,"Frozen Eye":11,"Nunchaku":15,"TheAbacus":14,"DollysMirror":17,"Strawberry":8,"Gambling Chip":9,"Pantograph":16,"Gensokyo:OccultBall":1,"Pandora\u0027s Box":13,"chefmod:RollingPin":16,"Bag of Marbles":14,"Gensokyo:SongOfSouls":7},{"Potion Belt":16,"chefmod:TrustyPot":0,"Gremlin Horn":16,"Eternal Feather":59,"PreservedInsect":12,"Pen Nib":16,"chefmod:Spatula":8,"Bag of Preparation":32,"Ancient Tea Set":41,"ClockworkSouvenir":49,"Sozu":25,"Frozen Eye":39,"Nunchaku":53,"TheAbacus":49,"DollysMirror":59,"Strawberry":32,"Gambling Chip":36,"Pantograph":57,"Gensokyo:OccultBall":4,"Pandora\u0027s Box":48,"chefmod:RollingPin":57,"Bag of Marbles":49,"Gensokyo:SongOfSouls":29}]},"card_choices":[{"not_picked":["Violence","Mayhem"],"picked":"Secret Technique","floor":0.0},{"not_picked":["chefmod:IcePick","chefmod:AllYouCanEat"],"picked":"chefmod:Granita","floor":1.0},{"not_picked":["chefmod:IcePick","chefmod:AllYouCanEat"],"picked":"chefmod:SliceAndDice","floor":4.0},{"not_picked":["chefmod:FarmersMarket","chefmod:Defrost"],"picked":"chefmod:BaoBuns","floor":6.0},{"not_picked":["chefmod:HotSoup","chefmod:FreezerBurn"],"picked":"chefmod:RaidPantry","floor":8.0},{"not_picked":["chefmod:PrepCook","chefmod:CandyBowl"],"picked":"chefmod:DeepFreeze","floor":16.0},{"not_picked":["chefmod:FiveAlarmChili+1","chefmod:ZaruSoba"],"picked":"chefmod:SearedScallops","floor":18.0},{"not_picked":["chefmod:SliceAndDice","chefmod:DinoKale"],"picked":"chefmod:HotSoup","floor":21.0},{"not_picked":["chefmod:RaidPantry","chefmod:FryPan"],"picked":"chefmod:Gelato","floor":24.0},{"not_picked":["chefmod:ZaruSoba","chefmod:DeepFreeze"],"picked":"chefmod:FrozenTuna","floor":27.0},{"not_picked":["chefmod:ZaruSoba","chefmod:FreshProduce","chefmod:Sorbet"],"picked":"SKIP","floor":29.0},{"not_picked":["chefmod:Ratatouille","chefmod:Defrost+1","chefmod:FullBurn"],"picked":"SKIP","floor":30.0},{"not_picked":["chefmod:NewMenu+1","chefmod:Gelato"],"picked":"chefmod:DoubleChop","floor":31.0},{"not_picked":["chefmod:SushiPlatter","chefmod:TastyDistraction"],"picked":"chefmod:OrderUp","floor":33.0},{"not_picked":["chefmod:SpaghettiCarbonara+1","chefmod:QuickChop"],"picked":"chefmod:Fillet+1","floor":35.0},{"not_picked":["chefmod:SliceAndDice+1","chefmod:Mince"],"picked":"chefmod:BaoBuns+1","floor":40.0},{"not_picked":["chefmod:Canape","chefmod:FireUp+1","chefmod:Omelette"],"picked":"SKIP","floor":42},{"not_picked":["chefmod:Sorbet","chefmod:AllYouCanEat+1"],"picked":"chefmod:IcePick","floor":44},{"not_picked":["chefmod:PotatoGratin+1","chefmod:FireUp+1","chefmod:LocoMoco"],"picked":"SKIP","floor":47},{"not_picked":["chefmod:SliceAndDice+1","chefmod:CleanHouse"],"picked":"chefmod:ColdSteel","floor":48},{"not_picked":["chefmod:ColdSteel","chefmod:CuttingBoard+1","chefmod:FireUp"],"picked":"SKIP","floor":49},{"not_picked":["chefmod:TastyDistraction","chefmod:CapreseSalad"],"picked":"chefmod:FrozenTuna","floor":50}],"player_experience":67244,"relics_obtained":[{"floor":4.0,"key":"Gensokyo:OccultBall"},{"floor":6.0,"key":"PreservedInsect"},{"floor":8.0,"key":"Gremlin Horn"},{"floor":9.0,"key":"Potion Belt"},{"floor":11.0,"key":"Pen Nib"},{"floor":16.0,"key":"Gensokyo:OccultBall"},{"floor":24.0,"key":"Gensokyo:OccultBall"},{"floor":24.0,"key":"Bag of Preparation"},{"floor":26.0,"key":"Strawberry"},{"floor":27.0,"key":"Gambling Chip"},{"floor":31.0,"key":"Ancient Tea Set"},{"floor":33.0,"key":"Gensokyo:OccultBall"},{"floor":37.0,"key":"Bag of Marbles"},{"floor":40.0,"key":"Nunchaku"},{"floor":42,"key":"Gensokyo:OccultBall"},{"floor":42,"key":"Pantograph"},{"floor":43,"key":"chefmod:RollingPin"},{"floor":44,"key":"Eternal Feather"},{"floor":47,"key":"Gensokyo:OccultBall"},{"floor":49,"key":"Gensokyo:OccultBall"}],"event_choices":[],"is_beta":false,"boss_relics":[{"not_picked":["Runic Pyramid","Tiny House"],"picked":"Sozu"},{"not_picked":["Velvet Choker","Snecko Eye"],"picked":"Pandora\u0027s Box"}],"items_purged_floors":[12],"is_endless":false,"potions_floor_spawned":[8,16,21,30,44,49],"ascension_level":1}}