{"host":"TheHustler","time":1608301835,"event":{"mods":["BaseMod","Block Reminder","Colored Map","Colored Powertips","Minty Spire (QoL Compilation)","Quick Restart","StSLib","SuperFastMode","Unceasing Turn Reminder"],"gold_per_floor":[117,117,131,131,150,184,204,204,229,229,243,257,257,275,275,275,275],"floor_reached":16,"playtime":262,"items_purged":[],"score":198,"play_id":"ab865753-dc65-4305-93a9-c89338bdecf1","local_time":"20201218153035","is_ascension_mode":true,"campfire_choices":[{"data":"Limit Break","floor":8,"key":"SMITH"},{"data":"Uppercut","floor":10,"key":"SMITH"},{"data":"True Grit","floor":13,"key":"SMITH"},{"data":"Fire Breathing","floor":15,"key":"SMITH"}],"circlet_count":0,"master_deck":["AscendersBane","Strike_R","Strike_R","Strike_R","Strike_R","Defend_R","Defend_R","Defend_R","Defend_R","Bash","Uppercut+1","Pommel Strike","Clash","True Grit+1","Limit Break+1","Fire Breathing+1","Iron Wave"],"relics":["Burning Blood","NeowsBlessing","Vajra","Pen Nib"],"acts_visited":["Exordium"],"potions_floor_usage":[6,16],"damage_taken":[{"damage":0.0,"enemies":"2 Louse","floor":1.0,"turns":1.0},{"damage":0,"enemies":"Jaw Worm","floor":3,"turns":1},{"damage":0,"enemies":"Cultist","floor":5,"turns":1},{"damage":52,"enemies":"Lagavulin","floor":6,"turns":8},{"damage":19,"enemies":"Exordium Wildlife","floor":7,"turns":5},{"damage":9,"enemies":"Exordium Thugs","floor":11,"turns":5},{"damage":4,"enemies":"Looter","floor":12,"turns":2},{"damage":3,"enemies":"3 Louse","floor":14,"turns":3},{"damage":25,"enemies":"Hexaghost","floor":16,"turns":7}],"seed_played":"4950223977845977017","potions_obtained":[{"floor":1.0,"key":"Ancient Potion"},{"floor":3,"key":"SkillPotion"},{"floor":12,"key":"ColorlessPotion"}],"is_trial":false,"path_per_floor":["M","?","M","?","M","E","M","R","T","R","M","M","R","M","R","B"],"character_chosen":"IRONCLAD","items_purchased":[],"campfire_rested":0,"item_purchase_floors":[],"current_hp_per_floor":[74,74,75,75,75,29,16,16,16,16,13,15,15,18,18,0,0],"gold":275,"neow_bonus":"THREE_ENEMY_KILL","is_daily":false,"chose_seed":false,"campfire_upgraded":4,"win_rate":0.0,"timestamp":1608301835,"path_taken":["M","?","M","?","?","E","M","R","T","R","M","M","R","M","R","BOSS"],"items_purchased_type":[],"build_version":"2020-12-17","purchased_purges":0,"victory":false,"max_hp_per_floor":[75,75,75,75,75,75,75,75,75,75,75,75,75,75,75,75,75],"card_choices":[{"not_picked":["Searing Blow","Hemokinesis"],"picked":"Uppercut","floor":1.0},{"not_picked":["Iron Wave","Ghostly Armor"],"picked":"Pommel Strike","floor":3},{"not_picked":["Iron Wave","Anger"],"picked":"True Grit","floor":5},{"not_picked":["Thunderclap","Perfected Strike","Heavy Blade"],"picked":"SKIP","floor":6},{"not_picked":["Metallicize","Headbutt"],"picked":"Limit Break","floor":7},{"not_picked":["Perfected Strike","Second Wind","Clash"],"picked":"SKIP","floor":11},{"not_picked":["Armaments","Iron Wave"],"picked":"Fire Breathing","floor":12},{"not_picked":["Blood for Blood","Intimidate"],"picked":"Iron Wave","floor":14}],"player_experience":602132,"relics_obtained":[{"floor":6,"key":"Vajra"},{"floor":9,"key":"Pen Nib"}],"event_choices":[{"damage_healed":0,"gold_gain":0,"player_choice":"Fled","damage_taken":0,"max_hp_gain":0,"max_hp_loss":0,"event_name":"Scrap Ooze","floor":2,"gold_loss":0},{"damage_healed":0,"gold_gain":0,"cards_transformed":["Strike_R"],"player_choice":"Transformed","damage_taken":0,"max_hp_gain":0,"max_hp_loss":0,"event_name":"Transmorgrifier","floor":4,"gold_loss":0,"cards_obtained":["Clash"]}],"is_beta":true,"boss_relics":[],"items_purged_floors":[],"is_endless":false,"potions_floor_spawned":[1,3,12],"killed_by":"Hexaghost","ascension_level":18}}