{"host":"y89x8uui45kcjy42","time":1608251086,"event":{"mods":["2.2 Compatiblity","BaseMod","CapriCore","Colored Map","Colored Powertips","Custom Start","Friendly Minions","Highlight Path","Keyboard Shortcuts","Koishi","Minty Spire (QoL Compilation)","Relic Stats","Slay the Relics Exporter","StSLib","SuperFastMode","Waifu the Spire"],"gold_per_floor":[164,180,180,180,201,201,235,248,248,248,262,262,14,89,89,219,219,233,256,281,281,281],"floor_reached":21,"playtime":966,"items_purged":["Koishi:BasicStrike"],"score":199,"play_id":"17d88898-7d46-43f4-99de-b3267b033f63","local_time":"20201218092446","is_ascension_mode":true,"campfire_choices":[{"data":"Koishi:HauntingSlash","floor":6,"key":"SMITH"},{"data":"Koishi:UnseenTerror","floor":10,"key":"SMITH"},{"data":"Koishi:BloodcurdlingScream","floor":12,"key":"SMITH"},{"data":"Koishi:Provoke","floor":15,"key":"SMITH"}],"circlet_count":0,"master_deck":["Koishi:BasicStrike","Koishi:BasicStrike","Koishi:BasicDefend","Koishi:BasicDefend+1","Koishi:BasicDefend","Koishi:BasicDefend","Koishi:Provoke+1","Koishi:HauntingSlash+1","Koishi:PhantomBarrier","Koishi:StingingMind","Koishi:UnseenTerror+1","Koishi:PhantomStrike","Koishi:BloodcurdlingScream+1","Koishi:BramblyRoseGarden","Koishi:MindStellarRelief","Koishi:ParalyzingFear+1"],"relics":["Tiny House","Golden Idol","Tiny Chest","Bag of Marbles","Sozu"],"acts_visited":["Exordium","TheCity"],"potions_floor_usage":[7,8,16,16,16],"damage_taken":[{"damage":0,"enemies":"Jaw Worm","floor":1,"turns":5},{"damage":4,"enemies":"Small Slimes","floor":2,"turns":5},{"damage":0,"enemies":"Cultist","floor":5,"turns":3},{"damage":15,"enemies":"3 Sentries","floor":7,"turns":11},{"damage":12,"enemies":"Large Slime","floor":8,"turns":10},{"damage":1,"enemies":"Blue Slaver","floor":11,"turns":5},{"damage":29,"enemies":"The Guardian","floor":16,"turns":10},{"damage":21,"enemies":"Shell Parasite","floor":18,"turns":4},{"damage":5,"enemies":"3 Byrds","floor":19,"turns":3},{"damage":40,"enemies":"Sentry and Sphere","floor":20,"turns":7},{"damage":18,"enemies":"Snecko","floor":21,"turns":4}],"seed_played":"-1566980788668594767","potions_obtained":[{"floor":0,"key":"SpeedPotion"},{"floor":1,"key":"SpeedPotion"},{"floor":7,"key":"LiquidMemories"}],"is_trial":false,"path_per_floor":["M","M","?","?","M","R","E","M","T","R","M","R","$","?","R","B",null,"M","M","M","M"],"character_chosen":"KOISHI","items_purchased":["Koishi:BramblyRoseGarden","PowerPotion","Strength Potion"],"campfire_rested":0,"item_purchase_floors":[13,13,13],"current_hp_per_floor":[65,65,49,42,49,49,46,40,40,40,46,46,46,35,35,21,65,53,50,15,0,0],"gold":281,"neow_bonus":"BOSS_RELIC","is_daily":false,"chose_seed":false,"campfire_upgraded":4,"win_rate":0.0,"timestamp":1608251086,"path_taken":["M","M","?","?","?","R","E","M","T","R","M","R","$","?","R","BOSS","M","M","M","M"],"items_purchased_type":["Card","Potion","Potion"],"build_version":"2020-12-13","purchased_purges":1,"victory":false,"max_hp_per_floor":[65,65,65,65,65,65,65,65,65,65,65,65,65,65,65,65,65,65,65,65,65,65],"relic_stats":{"Sozu":1,"counters":[11,67],"Golden Idol":56,"Tiny Chest":0,"obtain_stats":[{"Sozu":17,"Tiny House":0,"Golden Idol":3,"Tiny Chest":7,"Bag of Marbles":9,"Koishi:ImaginaryFriend":0},{"Sozu":7,"Tiny House":0,"Golden Idol":2,"Tiny Chest":4,"Bag of Marbles":5,"Koishi:ImaginaryFriend":0},{"Sozu":49,"Tiny House":0,"Golden Idol":10,"Tiny Chest":24,"Bag of Marbles":34,"Koishi:ImaginaryFriend":0}]},"card_choices":[{"not_picked":["Koishi:FleetingPhantom","Koishi:PhantomStrike"],"picked":"Koishi:PhantomBarrier","floor":0},{"not_picked":["Koishi:ReflexRadar","Koishi:SubterraneanRose"],"picked":"Koishi:StingingMind","floor":1},{"not_picked":["Koishi:FreudianInstinct","Koishi:MassHysteria"],"picked":"Koishi:UnseenTerror","floor":2},{"not_picked":["Koishi:IdleWhim","Koishi:ReflexRadar"],"picked":"Koishi:PhantomStrike","floor":5},{"not_picked":["Koishi:RacingHeart","Koishi:RuptureMind","Koishi:EmbryosDream"],"picked":"SKIP","floor":7},{"not_picked":["Koishi:FourthEye","Koishi:UnseenTerror","Koishi:Whimsy"],"picked":"SKIP","floor":8},{"not_picked":["Koishi:PhantomStrike","Koishi:StingingMind"],"picked":"Koishi:BloodcurdlingScream","floor":11},{"not_picked":["Koishi:SuperEgo","Koishi:MentalBreakdown"],"picked":"Koishi:MindStellarRelief","floor":16},{"not_picked":["Koishi:PhilosophyOfTheDespised","Koishi:SubconsciousSweep"],"picked":"Koishi:ParalyzingFear+1","floor":18},{"not_picked":["Koishi:FleetingPhantom","Koishi:SubconsciousSweep+1","Koishi:ParalyzingFear"],"picked":"SKIP","floor":19},{"not_picked":["Koishi:RoseHell","Koishi:FreudianInstinct","Koishi:DreadfulBlow"],"picked":"SKIP","floor":20}],"player_experience":507256,"relics_obtained":[{"floor":7,"key":"Tiny Chest"},{"floor":9,"key":"Bag of Marbles"}],"event_choices":[{"damage_healed":0,"gold_gain":0,"player_choice":"Take Damage","damage_taken":16,"relics_obtained":["Golden Idol"],"max_hp_gain":0,"max_hp_loss":0,"event_name":"Golden Idol","floor":3,"gold_loss":0},{"cards_removed":["Koishi:BasicStrike"],"damage_healed":0,"gold_gain":0,"player_choice":"Card Removal","damage_taken":7,"max_hp_gain":0,"max_hp_loss":0,"event_name":"Golden Wing","floor":4,"gold_loss":0},{"damage_healed":0,"gold_gain":75,"player_choice":"Gather Gold","damage_taken":11,"max_hp_gain":0,"max_hp_loss":0,"event_name":"World of Goop","floor":14,"gold_loss":0}],"is_beta":false,"boss_relics":[{"not_picked":["Runic Dome","Empty Cage"],"picked":"Sozu"}],"items_purged_floors":[13],"is_endless":false,"potions_floor_spawned":[1,7,19],"killed_by":"Snecko","ascension_level":2}}