{"host":"f5gffvlv6a66yqkd","time":1608314457,"event":{"mods":["2.2 Compatiblity","BaseMod","Colored Map","DeckTracker","Keyboard Shortcuts","Minty Spire (QoL Compilation)","Permanent Neow","Quick Restart","Relic Stats","StSLib","SuperFastMode"],"gold_per_floor":[16,28,46,46,57,57,57,57,109,134,134,1,26,41,41,130,130,149,149,149,149,199,199,199,199,199,242,280,280,280],"floor_reached":29,"playtime":854,"items_purged":["Defend_P"],"score":430,"play_id":"7061bc63-a677-4061-b6f6-3aaff21e40e8","local_time":"20201219030057","is_ascension_mode":true,"campfire_choices":[{"data":"Eruption","floor":6,"key":"SMITH"},{"data":"Prostrate","floor":8,"key":"SMITH"},{"data":"MentalFortress","floor":11,"key":"SMITH"},{"data":"CutThroughFate","floor":15,"key":"SMITH"},{"floor":23,"key":"REST"},{"data":"Worship","floor":25,"key":"SMITH"}],"circlet_count":0,"master_deck":["AscendersBane","Strike_P+1","Strike_P","Defend_P","Defend_P","Eruption+1","Vigilance","Prostrate+1","EmptyBody+1","CutThroughFate+1","MentalFortress+1","Halt","Worship+1","Wish","WheelKick","Adaptation+1"],"relics":["PureWater","Golden Idol","Orichalcum","Odd Mushroom","Philosopher\u0027s Stone"],"acts_visited":["Exordium","TheCity"],"potions_floor_usage":[10,16,22,28,28,29],"damage_taken":[{"damage":5,"enemies":"Small Slimes","floor":1,"turns":9},{"damage":0,"enemies":"Jaw Worm","floor":2,"turns":3},{"damage":0,"enemies":"2 Louse","floor":3,"turns":4},{"damage":1,"enemies":"2 Fungi Beasts","floor":5,"turns":4},{"damage":9,"enemies":"The Mushroom Lair","floor":10,"turns":3},{"damage":0,"enemies":"Large Slime","floor":13,"turns":5},{"damage":0,"enemies":"3 Louse","floor":14,"turns":2},{"damage":20,"enemies":"Hexaghost","floor":16,"turns":10},{"damage":29,"enemies":"3 Byrds","floor":18,"turns":8},{"damage":18,"enemies":"2 Thieves","floor":22,"turns":4},{"damage":9,"enemies":"Centurion and Healer","floor":27,"turns":10},{"damage":7,"enemies":"3 Cultists","floor":28,"turns":6},{"damage":0,"enemies":"Gremlin Leader","floor":29,"turns":1}],"seed_played":"6664238173297280066","potions_obtained":[{"floor":2,"key":"StancePotion"},{"floor":5,"key":"DuplicationPotion"},{"floor":14,"key":"DistilledChaos"},{"floor":18,"key":"StancePotion"},{"floor":27,"key":"Block Potion"},{"floor":28,"key":"PowerPotion"}],"is_trial":false,"path_per_floor":["M","M","M","?","M","R","?","R","T","?","R","$","M","M","R","B",null,"M","?","?","?","M","R","?","R","T","M","M","E"],"character_chosen":"WATCHER","items_purchased":["Halt"],"campfire_rested":1,"item_purchase_floors":[12],"current_hp_per_floor":[56,56,56,36,35,35,35,35,35,26,26,26,26,26,26,6,48,19,19,19,19,1,19,19,19,19,10,3,3,3],"gold":280,"neow_bonus":"REMOVE_TWO","is_daily":false,"chose_seed":false,"campfire_upgraded":5,"win_rate":0.0,"timestamp":1608314457,"path_taken":["M","M","M","?","M","R","?","R","T","?","R","?","M","M","R","BOSS","M","?","?","?","M","R","?","R","T","M","M","E"],"items_purchased_type":["Card"],"build_version":"2020-12-13","purchased_purges":1,"victory":false,"max_hp_per_floor":[68,68,68,68,68,68,62,62,62,62,62,62,62,62,62,62,62,62,62,62,62,62,62,62,62,62,62,62,62,62],"relic_stats":{"counters":[13,69],"Golden Idol":47,"Orichalcum":[12],"obtain_stats":[{"Golden Idol":7,"Philosopher\u0027s Stone":17,"PureWater":0,"Orichalcum":9,"Odd Mushroom":10},{"Golden Idol":4,"Philosopher\u0027s Stone":8,"PureWater":0,"Orichalcum":4,"Odd Mushroom":5},{"Golden Idol":20,"Philosopher\u0027s Stone":40,"PureWater":0,"Orichalcum":20,"Odd Mushroom":23}]},"card_choices":[{"not_picked":["ClearTheMind","FollowUp","Evaluate"],"picked":"SKIP","floor":1},{"not_picked":["Halt","Protect"],"picked":"Prostrate","floor":2},{"not_picked":["FlurryOfBlows","CrushJoints"],"picked":"EmptyBody","floor":3},{"not_picked":["Establishment","ClearTheMind"],"picked":"CutThroughFate","floor":5},{"not_picked":["FollowUp","EmptyMind"],"picked":"MentalFortress","floor":10},{"not_picked":["Protect","FollowUp","EmptyBody"],"picked":"SKIP","floor":13},{"not_picked":["Halt","Judgement"],"picked":"Worship","floor":14},{"not_picked":["ConjureBlade","Establishment"],"picked":"Wish","floor":16},{"not_picked":["EmptyBody","Swivel","Fasting2"],"picked":"SKIP","floor":18},{"not_picked":["Halt","Protect","CutThroughFate"],"picked":"SKIP","floor":22},{"not_picked":["Evaluate","MentalFortress"],"picked":"WheelKick","floor":27},{"not_picked":["ClearTheMind","JustLucky"],"picked":"Adaptation+1","floor":28}],"player_experience":1470286,"relics_obtained":[{"floor":9,"key":"Orichalcum"},{"floor":10,"key":"Odd Mushroom"}],"event_choices":[{"damage_healed":0,"gold_gain":0,"player_choice":"Entered Light","damage_taken":20,"max_hp_gain":0,"max_hp_loss":0,"event_name":"Shining Light","floor":4,"gold_loss":0,"cards_upgraded":["EmptyBody","Strike_P"]},{"damage_healed":0,"gold_gain":0,"player_choice":"Lose Max HP","damage_taken":0,"relics_obtained":["Golden Idol"],"max_hp_gain":0,"max_hp_loss":6,"event_name":"Golden Idol","floor":7,"gold_loss":0},{"damage_healed":0,"gold_gain":0,"player_choice":"Fought Mushrooms","damage_taken":0,"max_hp_gain":0,"max_hp_loss":0,"event_name":"Mushrooms","floor":10,"gold_loss":0},{"damage_healed":0,"gold_gain":0,"player_choice":"Ignored","damage_taken":0,"max_hp_gain":0,"max_hp_loss":0,"event_name":"Ghosts","floor":19,"gold_loss":0},{"damage_healed":0,"gold_gain":0,"player_choice":"Ignored","damage_taken":0,"max_hp_gain":0,"max_hp_loss":0,"event_name":"Vampires","floor":20,"gold_loss":0},{"damage_healed":0,"gold_gain":0,"player_choice":"Ignored","damage_taken":0,"max_hp_gain":0,"max_hp_loss":0,"event_name":"The Mausoleum","floor":21,"gold_loss":0},{"cards_removed":["Strike_P"],"damage_healed":0,"gold_gain":0,"player_choice":"Elegance","damage_taken":0,"max_hp_gain":0,"max_hp_loss":0,"event_name":"Back to Basics","floor":24,"gold_loss":0}],"is_beta":false,"boss_relics":[{"not_picked":["Cursed Key","Black Star"],"picked":"Philosopher\u0027s Stone"}],"items_purged_floors":[12],"is_endless":false,"potions_floor_spawned":[2,5,14,18,27,28],"killed_by":"Gremlin Leader","ascension_level":20}}