{"host":"2sct7qpnpunnnd84","time":1608283006,"event":{"mods":["BaseMod","Minty Spire (QoL Compilation)","Quick Restart","StSLib","The IronCluck"],"gold_per_floor":[119,22,97,70,70,70,16,16,84,98,112,130,140,151,151,246,246,259,259,21,32,32,32,32,43,88,88,88,16,35,35,35,139,189,203,203,219,219,229,229,229,229,307,16,29,29,40,140,140,140,140],"floor_reached":50,"playtime":3750,"items_purged":[],"score":480,"play_id":"c9c7d7a2-cde3-4dcf-89e5-b27ccb978bf6","local_time":"20201218011646","is_ascension_mode":false,"campfire_choices":[{"floor":6.0,"key":"REST"},{"data":"Flying Knee","floor":8.0,"key":"SMITH"},{"floor":15.0,"key":"REST"},{"data":"Cloak And Dagger","floor":23.0,"key":"SMITH"},{"data":"Infinite Blades","floor":28.0,"key":"SMITH"},{"floor":32.0,"key":"REST"},{"floor":40.0,"key":"REST"},{"floor":42.0,"key":"REST"},{"floor":46.0,"key":"REST"},{"data":"Footwork","floor":49.0,"key":"SMITH"}],"circlet_count":0,"master_deck":["Strike_G+1","Strike_G+1","Strike_G+1","Strike_G+1","Strike_G+1","Defend_G+1","Defend_G+1","Defend_G+1","Defend_G+1","Defend_G+1","Survivor","Neutralize","Flying Knee+1","Caltrops","Bane","Blade Dance+1","Blade Dance","Well Laid Plans","Deadly Poison","Dagger Throw","Dagger Spray","Cloak And Dagger+1","Bullet Time+1","Predator+1","Caltrops","Poisoned Stab","Deadly Poison+1","Infinite Blades+1","Noxious Fumes","Bouncing Flask","A Thousand Cuts","Cloak And Dagger","Deflect","Blade Dance","Deadly Poison+1","Footwork+1","Deadly Poison","Dagger Spray","Poisoned Stab+1"],"relics":["Ring of the Snake","Bag of Preparation","HornCleat","Busted Crown","TwistedFunnel","WingedGreaves","Oddly Smooth Stone","Tiny House","Shuriken","Potion Belt"],"acts_visited":["Exordium","TheCity","TheBeyond"],"potions_floor_usage":[50,50,50,50],"damage_taken":[{"damage":1.0,"enemies":"2 Louse","floor":1.0,"turns":3.0},{"damage":0.0,"enemies":"Small Slimes","floor":10.0,"turns":2.0},{"damage":3.0,"enemies":"Jaw Worm","floor":11.0,"turns":2.0},{"damage":5.0,"enemies":"Gremlin Gang","floor":12.0,"turns":3.0},{"damage":5.0,"enemies":"Red Slaver","floor":13.0,"turns":2.0},{"damage":0.0,"enemies":"3 Louse","floor":14.0,"turns":2.0},{"damage":51.0,"enemies":"The Guardian","floor":16.0,"turns":11.0},{"damage":4.0,"enemies":"2 Thieves","floor":18.0,"turns":4.0},{"damage":2.0,"enemies":"Chosen","floor":21.0,"turns":3.0},{"damage":0.0,"enemies":"Snecko","floor":25.0,"turns":3.0},{"damage":3.0,"enemies":"Cultist and Chosen","floor":30.0,"turns":4.0},{"damage":59.0,"enemies":"Champ","floor":33.0,"turns":9.0},{"damage":22.0,"enemies":"3 Darklings","floor":35.0,"turns":4.0},{"damage":0.0,"enemies":"3 Shapes","floor":37.0,"turns":5.0},{"damage":32.0,"enemies":"Sphere and 2 Shapes","floor":39.0,"turns":6.0},{"damage":3.0,"enemies":"Jaw Worm Horde","floor":45.0,"turns":3.0},{"damage":2.0,"enemies":"Transient","floor":47.0,"turns":5.0},{"damage":115,"enemies":"Awakened One","floor":50,"turns":10}],"seed_played":"6969045398493176516","potions_obtained":[{"floor":11.0,"key":"DistilledChaos"},{"floor":13.0,"key":"Dexterity Potion"},{"floor":14.0,"key":"Strength Potion"},{"floor":18.0,"key":"Block Potion"},{"floor":34.0,"key":"FairyPotion"},{"floor":39.0,"key":"Ancient Potion"},{"floor":47.0,"key":"BlessingOfTheForge"}],"is_trial":false,"path_per_floor":["M","$","?","$","?","R","$","R","T","M","M","M","M","M","R","B",null,"M","?","$","M","?","R","?","M","T","?","R","$","M","?","R","B",null,"M","?","M","?","M","R","?","R","T","$","M","R","M","?","R","B"],"character_chosen":"THE_SILENT","items_purchased":["Caltrops","Bane","Blade Dance","Blade Dance","Caltrops","Poisoned Stab","TwistedFunnel","Noxious Fumes","Footwork","Deadly Poison","Potion Belt","Strength Potion"],"campfire_rested":6,"item_purchase_floors":[2,2,4,7,20,20,20,29,44,44,44,44],"current_hp_per_floor":[69,69,58,58,58,70,70,70,70,70,67,62,57,57,70,19,70,66,66,66,64,64,64,64,64,64,64,64,64,61,61,70,11,75,53,53,53,53,21,43,43,65,65,65,62,75,73,73,73,0,0],"gold":140,"neow_bonus":"RANDOM_COMMON_RELIC","is_daily":false,"chose_seed":false,"campfire_upgraded":4,"win_rate":0.0,"timestamp":1608283006,"path_taken":["M","$","?","$","?","R","?","R","T","M","M","M","?","M","R","BOSS","M","?","$","M","?","R","?","M","T","?","R","$","M","?","R","BOSS","M","?","M","?","M","R","?","R","T","$","M","R","?","?","R","BOSS"],"items_purchased_type":["Card","Card","Card","Card","Card","Card","Relic","Card","Card","Card","Relic","Potion"],"build_version":"2020-12-13","purchased_purges":0,"victory":false,"max_hp_per_floor":[70,70,70,70,70,70,70,70,70,70,70,70,70,70,70,70,70,70,70,70,70,70,70,70,70,70,70,70,70,70,70,70,70,75,75,75,75,75,75,75,75,75,75,75,75,75,75,75,75,75,75],"card_choices":[{"not_picked":["Sucker Punch","Reflex"],"picked":"Flying Knee","floor":1.0},{"not_picked":["Expertise","Bane"],"picked":"Well Laid Plans","floor":10.0},{"not_picked":["Flying Knee","Underhanded Strike"],"picked":"Deadly Poison","floor":11.0},{"not_picked":["Underhanded Strike","Reflex"],"picked":"Dagger Throw","floor":12.0},{"not_picked":["Poisoned Stab","Reflex"],"picked":"Dagger Spray","floor":13.0},{"not_picked":["Infinite Blades","Flechettes"],"picked":"Cloak And Dagger","floor":14.0},{"not_picked":["A Thousand Cuts","Tools of the Trade"],"picked":"Bullet Time","floor":16.0},{"not_picked":[],"picked":"Predator+1","floor":18.0},{"not_picked":[],"picked":"Deadly Poison+1","floor":21.0},{"not_picked":[],"picked":"Infinite Blades","floor":25.0},{"not_picked":[],"picked":"Bouncing Flask","floor":30.0},{"not_picked":[],"picked":"A Thousand Cuts","floor":33.0},{"not_picked":[],"picked":"Cloak And Dagger","floor":34.0},{"not_picked":[],"picked":"Deflect","floor":35.0},{"not_picked":[],"picked":"Blade Dance","floor":37.0},{"not_picked":[],"picked":"Deadly Poison+1","floor":39.0},{"not_picked":[],"picked":"Dagger Spray","floor":45.0},{"not_picked":[],"picked":"Poisoned Stab+1","floor":47.0}],"player_experience":3360950,"relics_obtained":[{"floor":9.0,"key":"HornCleat"},{"floor":26.0,"key":"Oddly Smooth Stone"},{"floor":43.0,"key":"Shuriken"}],"event_choices":[{"damage_healed":0.0,"max_hp_gain":0.0,"max_hp_loss":0.0,"gold_gain":75.0,"event_name":"World of Goop","player_choice":"Gather Gold","floor":3.0,"gold_loss":0.0,"damage_taken":11.0},{"damage_healed":0.0,"max_hp_gain":0.0,"max_hp_loss":0.0,"gold_gain":0.0,"event_name":"Living Wall","player_choice":"Grow","floor":5.0,"gold_loss":0.0,"damage_taken":0.0,"cards_upgraded":["Blade Dance"]},{"damage_healed":0.0,"max_hp_gain":0.0,"max_hp_loss":0.0,"gold_gain":0.0,"event_name":"Back to Basics","player_choice":"Simplicity","floor":19.0,"gold_loss":0.0,"damage_taken":0.0,"cards_upgraded":["Strike_G","Strike_G","Strike_G","Strike_G","Strike_G","Defend_G","Defend_G","Defend_G","Defend_G","Defend_G"]},{"damage_healed":0.0,"max_hp_gain":0.0,"max_hp_loss":0.0,"gold_gain":0.0,"event_name":"Cursed Tome","player_choice":"Ignored","floor":22.0,"gold_loss":0.0,"damage_taken":0.0},{"damage_healed":0.0,"max_hp_gain":0.0,"max_hp_loss":0.0,"gold_gain":0.0,"event_name":"The Mausoleum","player_choice":"Opened","floor":24.0,"gold_loss":0.0,"damage_taken":0.0,"relics_obtained":["WingedGreaves"]},{"damage_healed":0.0,"max_hp_gain":0.0,"max_hp_loss":0.0,"gold_gain":0.0,"event_name":"Vampires","player_choice":"Ignored","floor":27.0,"gold_loss":0.0,"damage_taken":0.0},{"damage_healed":0.0,"max_hp_gain":0.0,"max_hp_loss":0.0,"gold_gain":0.0,"event_name":"Ghosts","player_choice":"Ignored","floor":31.0,"gold_loss":0.0,"damage_taken":0.0},{"damage_healed":0.0,"max_hp_gain":0.0,"max_hp_loss":0.0,"gold_gain":0.0,"event_name":"Tomb of Lord Red Mask","player_choice":"Ignored","floor":36.0,"gold_loss":0.0,"damage_taken":0.0},{"damage_healed":0.0,"max_hp_gain":0.0,"max_hp_loss":0.0,"gold_gain":0.0,"event_name":"SensoryStone","player_choice":"Memory 1","floor":38.0,"gold_loss":0.0,"damage_taken":0.0},{"damage_healed":0.0,"max_hp_gain":0.0,"max_hp_loss":0.0,"gold_gain":0.0,"event_name":"SecretPortal","player_choice":"Ignored","floor":41.0,"gold_loss":0.0,"damage_taken":0.0},{"damage_healed":0.0,"max_hp_gain":0.0,"max_hp_loss":0.0,"gold_gain":100.0,"event_name":"Golden Shrine","player_choice":"Pray","floor":48.0,"gold_loss":0.0,"damage_taken":0.0}],"is_beta":false,"boss_relics":[{"not_picked":["Empty Cage","SacredBark"],"picked":"Busted Crown"},{"not_picked":["Sozu","Coffee Dripper"],"picked":"Tiny House"}],"items_purged_floors":[],"is_endless":false,"potions_floor_spawned":[11,13,14,18,39,47],"killed_by":"Awakened One","ascension_level":0}}