{"host":"zi8o4akxlgxypwgb","time":1608277537,"event":{"mods":["BaseMod","Minty Spire (QoL Compilation)","Replay The Spire","StSLib","SuperFastMode"],"gold_per_floor":[116,23,42,62,62,62,91,91,91,124,140,140,140,45,45,45,45],"floor_reached":16,"playtime":944,"items_purged":[],"score":146,"play_id":"cc7d4483-be1c-4f3d-beff-fbc6bfdaf998","local_time":"20201218154537","is_ascension_mode":true,"campfire_choices":[{"data":"Eruption","floor":6.0,"key":"SMITH"},{"data":"ThirdEye","floor":8.0,"key":"SMITH"},{"floor":13.0,"key":"REST"},{"data":"Crescendo","floor":15.0,"key":"SMITH"}],"circlet_count":0,"master_deck":["Strike_P","Strike_P","Strike_P","Strike_P","Defend_P","Defend_P","Defend_P","Defend_P","Eruption+1","Vigilance","Brilliance","CrushJoints","Prostrate","Replay:Vibes","CommonCold","ThirdEye+1","Pray","FollowUp","Crescendo+1","CutThroughFate"],"relics":["PureWater","Onion Ring","Ring of Panic","CaptainsWheel","TeardropLocket","Torii","InkBottle"],"acts_visited":["Exordium"],"potions_floor_usage":[],"damage_taken":[{"damage":2.0,"enemies":"Small Slimes","floor":1.0,"turns":5.0},{"damage":0.0,"enemies":"Cultist","floor":3.0,"turns":1.0},{"damage":0.0,"enemies":"Jaw Worm","floor":4.0,"turns":3.0},{"damage":41.0,"enemies":"3 Sentries","floor":7.0,"turns":7.0},{"damage":0.0,"enemies":"Lagavulin","floor":10.0,"turns":2.0},{"damage":0.0,"enemies":"2 Fungi Beasts","floor":11.0,"turns":2.0},{"damage":30,"enemies":"Fading Forest","floor":16,"turns":10}],"seed_played":"-4050382960585789628","potions_obtained":[{"floor":3.0,"key":"FearPotion"}],"is_trial":false,"path_per_floor":["M","?","M","M","?","R","E","R","T","E","M","?","R","$","R","B"],"character_chosen":"WATCHER","items_purchased":["Crescendo","CutThroughFate"],"campfire_rested":1,"item_purchase_floors":[14,14],"current_hp_per_floor":[70,70,70,70,70,70,29,29,29,29,29,4,25,25,25,0,0],"gold":45,"neow_bonus":"ONE_RANDOM_RARE_CARD","is_daily":false,"chose_seed":false,"campfire_upgraded":3,"win_rate":0.0,"timestamp":1608277537,"path_taken":["M","?","M","?","?","R","E","R","T","E","M","?","R","$","R","BOSS"],"items_purchased_type":["Card","Card"],"build_version":"2020-12-13","purchased_purges":0,"victory":false,"max_hp_per_floor":[72,72,72,72,72,72,72,72,72,72,72,72,72,72,72,72,72],"card_choices":[{"not_picked":["SashWhip","Evaluate"],"picked":"CrushJoints","floor":1.0},{"not_picked":["Replay:LoomingThreat","Consecrate"],"picked":"Prostrate","floor":3.0},{"not_picked":["Collect","WaveOfTheHand"],"picked":"Replay:Vibes","floor":4.0},{"not_picked":["Prostrate","Replay:LoomingThreat"],"picked":"ThirdEye","floor":7.0},{"not_picked":["Study","BowlingBash"],"picked":"Pray","floor":10.0},{"not_picked":["Replay:Vibes","JustLucky"],"picked":"FollowUp","floor":11.0}],"player_experience":348252,"relics_obtained":[{"floor":5.0,"key":"Ring of Panic"},{"floor":7.0,"key":"CaptainsWheel"},{"floor":9.0,"key":"TeardropLocket"},{"floor":10.0,"key":"Torii"}],"event_choices":[{"damage_healed":0.0,"max_hp_gain":0.0,"max_hp_loss":0.0,"gold_gain":0.0,"event_name":"WeMeetAgain","player_choice":"Paid Gold","floor":2.0,"gold_loss":93.0,"damage_taken":0.0,"relics_obtained":["Onion Ring"]},{"damage_healed":0.0,"max_hp_gain":0.0,"max_hp_loss":0.0,"gold_gain":0.0,"event_name":"Scrap Ooze","player_choice":"Success","floor":12.0,"gold_loss":0.0,"damage_taken":25.0,"relics_obtained":["InkBottle"]}],"is_beta":false,"boss_relics":[],"items_purged_floors":[],"is_endless":false,"potions_floor_spawned":[3],"killed_by":"Fading Forest","ascension_level":2}}