{"host":"a7kkotolxcg5vljr","time":1608307223,"event":{"mods":["2.2 Compatiblity","AchievementEnabler","Act Like it!","BaseMod","Better Altar","Better Skull","Better Third Choice","Colored Map","Colored Powertips","Downfall","Hermit","Highlight Path","Marisa????????","Minty Spire (QoL Compilation)","Quick Restart","Rare Cards Sparkle","Replay The Spire","Spicy Shops","StSLib","The Cursed","The Disciple","The Servant 0.9.4"],"gold_per_floor":[118,118,118,130,305,330,21,21,21,38,67,87,102,102,102,206,206,188,188,188],"floor_reached":19,"playtime":917,"items_purged":[],"score":204,"play_id":"9cb94f21-11ff-4aa8-97ba-2737f2f51ab0","local_time":"20201218110023","is_ascension_mode":false,"campfire_choices":[],"circlet_count":0,"master_deck":["Strike_B","Strike_B","Strike_B","Strike_B","Defend_B","Defend_B","Defend_B","Defend_B","Zap","Dualcast","Hologram","Pot Of Greed","Burn","Pot Of Greed+1","Cold Snap","Amplify","Conserve Battery","Crystallizer","Compile Driver","Double Energy","Go for the Eyes","Thunder Strike","Sweeping Beam"],"relics":["Cracked Core","NeowsBlessing","Grinning Jar","DataDisk","Replay:Baseball","Bottled Lightning","Ring of Chaos"],"acts_visited":["Exordium","TheCity"],"potions_floor_usage":[14,16,18,19],"damage_taken":[{"damage":0,"enemies":"Small Slimes","floor":1,"turns":1},{"damage":0,"enemies":"2 Louse","floor":4,"turns":1},{"damage":0,"enemies":"3 Sentries","floor":6,"turns":1},{"damage":5,"enemies":"Cultist","floor":10,"turns":3},{"damage":4,"enemies":"Lagavulin","floor":11,"turns":6},{"damage":0,"enemies":"3 Louse","floor":12,"turns":3},{"damage":0,"enemies":"2 Fungi Beasts","floor":13,"turns":3},{"damage":0,"enemies":"Exordium Wildlife","floor":14,"turns":1},{"damage":50,"enemies":"Fading Forest","floor":16,"turns":11},{"damage":26,"enemies":"2 Thieves","floor":18,"turns":4},{"damage":52,"enemies":"Masked Bandits","floor":19,"turns":5}],"seed_played":"7269756928600853008","potions_obtained":[{"floor":4,"key":"SmokeBomb"},{"floor":10,"key":"LiquidMemories"},{"floor":13,"key":"Elixir"},{"floor":16,"key":"Guardian:BlockOnCardUsePotion"},{"floor":18,"key":"Swift Potion"}],"is_trial":false,"path_per_floor":["M","?","?","M","?","E","$","?","T","M","E","M","M","M","R_BF","B",null,"M","?"],"character_chosen":"DEFECT","items_purchased":["Replay:Baseball","Conserve Battery"],"campfire_rested":0,"item_purchase_floors":[7,7],"current_hp_per_floor":[75,57,57,57,57,57,57,57,57,52,48,48,48,48,70,20,75,49,0,0],"gold":188,"neow_bonus":"THREE_ENEMY_KILL","is_daily":false,"chose_seed":false,"campfire_upgraded":0,"win_rate":0.0,"timestamp":1608307223,"path_taken":["M","?","?","M","?","E","$","?","T","M","E","M","M","M","R_BF","BOSS","M","?"],"items_purchased_type":["Relic","Card"],"build_version":"2020-12-13","purchased_purges":0,"victory":false,"max_hp_per_floor":[75,75,75,75,75,75,75,75,75,75,75,75,75,75,75,75,75,75,75,75],"card_choices":[{"not_picked":["Barrage","Leap"],"picked":"Hologram","floor":1},{"not_picked":["Lockon","Capacitor"],"picked":"Cold Snap","floor":4},{"not_picked":["Panic Button","Leap"],"picked":"Amplify","floor":6},{"not_picked":["ReplaySort","Defragment"],"picked":"Crystallizer","floor":10},{"not_picked":["Streamline","Panic Button"],"picked":"Compile Driver","floor":11},{"not_picked":["Stack","Panic Button"],"picked":"Double Energy","floor":12},{"not_picked":["Panic Button","Leap"],"picked":"Go for the Eyes","floor":13},{"not_picked":["Buffer","Creative AI"],"picked":"Thunder Strike","floor":16},{"not_picked":["Melter+1","Steam Power"],"picked":"Sweeping Beam","floor":18}],"player_experience":356944,"relics_obtained":[{"floor":6,"key":"DataDisk"},{"floor":11,"key":"Bottled Lightning"}],"event_choices":[{"damage_healed":0,"gold_gain":0,"player_choice":"Relic ","damage_taken":18,"max_hp_gain":0,"max_hp_loss":0,"event_name":"betterThird:BetterScrap","floor":2,"gold_loss":0,"cards_obtained":["Nirvana"]},{"damage_healed":57,"gold_gain":0,"player_choice":"Embrace Burn","damage_taken":0,"max_hp_gain":0,"max_hp_loss":75,"event_name":"betterThird:BetterShining","floor":3,"gold_loss":0},{"damage_healed":0,"gold_gain":175,"player_choice":"AGREE","damage_taken":130,"max_hp_gain":0,"max_hp_loss":0,"event_name":"betterThird:BetterSerpent","floor":5,"gold_loss":0},{"cards_removed":["Doubt"],"damage_healed":0,"gold_gain":0,"player_choice":"Removed Curses","damage_taken":0,"max_hp_gain":0,"max_hp_loss":0,"event_name":"Fountain of Cleansing","floor":8,"gold_loss":0},{"damage_healed":0,"gold_gain":0,"player_choice":"Fought Bandits","damage_taken":0,"max_hp_gain":0,"max_hp_loss":0,"event_name":"Masked Bandits","floor":19,"gold_loss":0}],"is_beta":false,"boss_relics":[{"not_picked":["SacredBark","Fusion Hammer"],"picked":"Ring of Chaos"}],"items_purged_floors":[],"is_endless":false,"potions_floor_spawned":[4,10,13,16,18],"killed_by":"Masked Bandits","ascension_level":0}}