{"host":"344lv32hnei0mdhu","time":1608327546,"event":{"mods":["Act Like it!","BaseMod","Better Match","Better Sensory Stone","Better Skull","Better Third Choice","Better Vampires","Colored Powertips","Highlight Path","Minty Spire (QoL Compilation)","Quick Restart","Random Character Button","Rare Cards Sparkle","StSLib"],"gold_per_floor":[113,124,46,46,62,92,92,102,127,170,179,28,102,111,111,244,325,350,372,173,205,252,252,252],"floor_reached":23,"playtime":938,"items_purged":[],"score":289,"play_id":"fdb16828-1096-4ca0-8766-bb48996a5048","local_time":"20201218153906","is_ascension_mode":true,"campfire_choices":[{"floor":7,"key":"REST"},{"floor":15,"key":"REST"}],"circlet_count":0,"master_deck":["Bash","Pummel","Cleave","Rupture+1","Evolve","Fire Breathing","Clothesline","Hemokinesis","Self Repair","Injury","Limit Break","Limit Break","Juggernaut","Searing Blow","Fiend Fire","Clothesline","Juggernaut","Ghostly Armor","Dark Embrace","Twin Strike","Rampage+1","Spot Weakness+1","Pummel","Metallicize","Impervious","Shockwave"],"relics":["Burning Blood","NeowsBlessing","Akabeko","CeramicFish","Nunchaku","Thread and Needle","Bag of Marbles","Golden Idol","Pandora\u0027s Box","DollysMirror","Red Mask"],"acts_visited":["Exordium","TheCity"],"potions_floor_usage":[6,22,22,23],"damage_taken":[{"damage":0,"enemies":"Small Slimes","floor":1,"turns":1},{"damage":0,"enemies":"Cultist","floor":2,"turns":1},{"damage":0,"enemies":"2 Louse","floor":5,"turns":1},{"damage":29,"enemies":"Gremlin Nob","floor":6,"turns":4},{"damage":0,"enemies":"Looter","floor":8,"turns":1},{"damage":20,"enemies":"3 Sentries","floor":10,"turns":4},{"damage":58,"enemies":"The Guardian","floor":16,"turns":15},{"damage":48,"enemies":"3 Byrds","floor":18,"turns":9},{"damage":10,"enemies":"Chosen","floor":19,"turns":4},{"damage":0,"enemies":"Snake Plant","floor":21,"turns":1},{"damage":24,"enemies":"Masked Bandits","floor":22,"turns":3},{"damage":25,"enemies":"Gremlin Leader","floor":23,"turns":4}],"seed_played":"4453436110806381144","potions_obtained":[{"floor":1,"key":"Explosive Potion"},{"floor":5,"key":"Strength Potion"},{"floor":10,"key":"SteroidPotion"},{"floor":18,"key":"BlessingOfTheForge"},{"floor":19,"key":"Weak Potion"}],"is_trial":false,"path_per_floor":["M","M","$","?","M","E","R","M","T","E","?","$","?","?","R","B",null,"M","M","$","M","?","E"],"character_chosen":"IRONCLAD","items_purchased":["Rupture","Bag of Marbles","DollysMirror","Metallicize"],"campfire_rested":2,"item_purchase_floors":[3,12,20,20],"current_hp_per_floor":[78,80,80,80,80,57,80,80,80,66,49,49,49,49,73,28,67,32,35,35,41,23,0,0],"gold":252,"neow_bonus":"THREE_ENEMY_KILL","is_daily":false,"chose_seed":false,"campfire_upgraded":0,"win_rate":0.0,"timestamp":1608327546,"path_taken":["M","M","$","?","?","E","R","M","T","E","?","$","?","?","R","BOSS","M","M","$","M","?","E"],"items_purchased_type":["Card","Relic","Relic","Card"],"build_version":"2020-12-13","purchased_purges":0,"victory":false,"max_hp_per_floor":[80,80,80,80,80,80,80,80,80,80,80,80,80,80,80,80,80,80,80,80,80,80,80,80],"card_choices":[{"not_picked":["Havoc","Dropkick"],"picked":"Pummel","floor":1},{"not_picked":["Combust","Sword Boomerang"],"picked":"Cleave","floor":2},{"not_picked":["Clash","Warcry"],"picked":"Evolve","floor":5},{"not_picked":["Evolve","Headbutt"],"picked":"Fire Breathing","floor":6},{"not_picked":["Dual Wield","Seeing Red"],"picked":"Clothesline","floor":8},{"not_picked":["Heavy Blade","Armaments"],"picked":"Hemokinesis","floor":10},{"not_picked":["Bludgeon","Berserk"],"picked":"Limit Break","floor":16},{"not_picked":["Perfected Strike+1","Clash"],"picked":"Rampage+1","floor":18},{"not_picked":["Anger","Body Slam"],"picked":"Spot Weakness+1","floor":19},{"not_picked":["Warcry+1","Infernal Blade+1"],"picked":"Impervious","floor":21},{"not_picked":["Shrug It Off","Flex"],"picked":"Shockwave","floor":22}],"player_experience":348051,"relics_obtained":[{"floor":6,"key":"Akabeko"},{"floor":9,"key":"CeramicFish"},{"floor":10,"key":"Nunchaku"},{"floor":22,"key":"Red Mask"}],"event_choices":[{"damage_healed":0,"gold_gain":0,"player_choice":"Forge","damage_taken":0,"max_hp_gain":0,"max_hp_loss":0,"event_name":"Accursed Blacksmith","floor":4,"gold_loss":0,"cards_upgraded":["Rupture"]},{"damage_healed":0,"gold_gain":74,"player_choice":"Gained Gold","damage_taken":0,"max_hp_gain":0,"max_hp_loss":0,"event_name":"Golden Wing","floor":13,"gold_loss":0},{"damage_healed":0,"gold_gain":0,"player_choice":"Take Wound","damage_taken":0,"relics_obtained":["Golden Idol"],"max_hp_gain":0,"max_hp_loss":0,"event_name":"Golden Idol","floor":14,"gold_loss":0,"cards_obtained":["Injury"]},{"damage_healed":0,"gold_gain":0,"player_choice":"Fought Bandits","damage_taken":0,"max_hp_gain":0,"max_hp_loss":0,"event_name":"Masked Bandits","floor":22,"gold_loss":0}],"is_beta":false,"boss_relics":[{"not_picked":["SacredBark","Runic Cube"],"picked":"Pandora\u0027s Box"}],"items_purged_floors":[],"is_endless":false,"potions_floor_spawned":[1,5,10,18,19],"killed_by":"Gremlin Leader","ascension_level":9}}