{"host":"qoai0zeca0j4yswu","time":1608335029,"event":{"mods":["BaseMod","Curses Come First","Downfall","Minty Spire (QoL Compilation)","StSLib"],"gold_per_floor":[99,33,33,51,1,32,32,49,60,45,45,61,46,46,62,162,162,37,22,22,122,72,92,119,147,158,192,292,305,305,58,68,172,172,47,58,68,101,51,61,111,61,86,36,48,65,65,119,119,119],"floor_reached":51,"playtime":3930,"items_purged":["Slimebound:Strike_Slimebound"],"score":720,"play_id":"9731b0a7-b2a4-4b89-a372-54296bde3c9b","local_time":"20201218154349","is_ascension_mode":false,"campfire_choices":[{"floor":1,"key":"RECALL"},{"data":"Slimebound:MinionMaster","floor":5,"key":"SMITH"},{"data":"Slimebound:LevelUp","floor":18,"key":"SMITH"},{"data":"Slimebound:MassRepurpose","floor":20,"key":"SMITH"},{"data":"Slimebound:SplitBruiser","floor":22,"key":"SMITH"},{"data":"Slimebound:Split","floor":35,"key":"SMITH"},{"data":"Slimebound:Overexert","floor":39,"key":"SMITH"},{"floor":42,"key":"REST"},{"data":"Slimebound:MassRepurpose","floor":44,"key":"SMITH"}],"circlet_count":0,"master_deck":["Slimebound:Split+1","Slimebound:CorrosiveSpit","Slimebound:MinionMaster+1","Slimebound:SplitAcid","Slimebound:SplitAcid","Slimebound:SlimeBrawl+1","Slimebound:SplitLeeching","Slimebound:RejuvenatingLick","Regret","Slimebound:LevelUp+1","Slimebound:MassRepurpose+1","Slimebound:MassRepurpose+1","Slimebound:SplitBruiser+1","Slimebound:FormOfPuddle+1","Slimebound:SlimeTap","Slimebound:Overexert+1","Slimebound:FirmFortitude","Slimebound:FlameTackle","Slimebound:Chomp","Slimebound:SlimeSpikes","Slimebound:GoopSpray","Slimebound:FinishingTackle","Slimebound:Repurpose+1","Slimebound:LevelUp+1"],"relics":["Slimebound:AbsorbEndCombat","Slimebound:GreedOozeRelic","MealTicket","Velvet Choker","downfall:HeartBlessingBlue","Whetstone","Bottled Tornado","Centennial Puzzle","downfall:GremlinWheel","Strange Spoon","Bronze Scales","Dream Catcher","Pandora\u0027s Box","downfall:HeartBlessingRed","Toy Ornithopter","Akabeko","Anchor","Bag of Marbles","Turnip"],"acts_visited":["Exordium","TheCity","TheBeyond"],"potions_floor_usage":[49],"damage_taken":[{"damage":9,"enemies":"downfall:FleeingMerchant","floor":2,"turns":4},{"damage":9,"enemies":"Cultist","floor":4,"turns":4},{"damage":52,"enemies":"Lagavulin","floor":6,"turns":6},{"damage":11,"enemies":"Small Slimes","floor":8,"turns":4},{"damage":13,"enemies":"Jaw Worm","floor":9,"turns":4},{"damage":25,"enemies":"downfall:FleeingMerchant","floor":10,"turns":4},{"damage":14,"enemies":"Blue Slaver","floor":12,"turns":4},{"damage":24,"enemies":"downfall:FleeingMerchant","floor":13,"turns":4},{"damage":21,"enemies":"Exordium Thugs","floor":15,"turns":3},{"damage":48,"enemies":"downfall:Watcher","floor":16,"turns":7},{"damage":29,"enemies":"downfall:FleeingMerchant","floor":19,"turns":4},{"damage":28,"enemies":"Shell Parasite","floor":23,"turns":4},{"damage":50,"enemies":"Gremlin Leader","floor":25,"turns":4},{"damage":7,"enemies":"Snake Plant","floor":26,"turns":3},{"damage":69,"enemies":"Slavers","floor":27,"turns":4},{"damage":9,"enemies":"Slavers","floor":28,"turns":3},{"damage":28,"enemies":"Shelled Parasite and Fungi","floor":29,"turns":4},{"damage":21,"enemies":"downfall:FleeingMerchant","floor":31,"turns":3},{"damage":8,"enemies":"Chosen and Byrds","floor":32,"turns":1},{"damage":54,"enemies":"downfall:Ironclad","floor":33,"turns":6},{"damage":36,"enemies":"3 Darklings","floor":36,"turns":3},{"damage":21,"enemies":"Orb Walker","floor":37,"turns":2},{"damage":61,"enemies":"Reptomancer","floor":38,"turns":6},{"damage":36,"enemies":"3 Darklings","floor":40,"turns":3},{"damage":46,"enemies":"Nemesis","floor":43,"turns":7},{"damage":18,"enemies":"Transient","floor":45,"turns":5},{"damage":24,"enemies":"4 Shapes","floor":46,"turns":4},{"damage":54,"enemies":"2 Orb Walkers","floor":48,"turns":3},{"damage":0,"enemies":"Maw","floor":49,"turns":1},{"damage":58,"enemies":"downfall:Silent","floor":50,"turns":6}],"seed_played":"-2000948190088933253","potions_obtained":[{"floor":4,"key":"SpeedPotion"},{"floor":15,"key":"SteroidPotion"},{"floor":16,"key":"Ancient Potion"},{"floor":23,"key":"SmokeBomb"}],"is_trial":false,"path_per_floor":["R","$","?","M","R","E","T","M","M","$","?","M","$","?","M","B",null,"R","$","R","?","R","M","T","E","M","E","?","M","?","$","M","B",null,"R","M","M","E","R","M","T","R","E","R","M","M","?","?","M","B",null],"character_chosen":"SLIMEBOUND","items_purchased":["Slimebound:SplitAcid","Strange Spoon","Bronze Scales","Slimebound:SlimeTap","Dream Catcher"],"campfire_rested":1,"item_purchase_floors":[2,31,31,31,31],"current_hp_per_floor":[60,57,57,58,58,22,22,21,16,26,26,24,37,37,34,20,60,70,59,59,59,59,53,53,41,52,7,22,12,12,44,46,36,70,70,52,55,32,32,28,28,49,65,65,68,60,60,46,51,49],"gold":119,"neow_bonus":"ONE_RANDOM_RARE_CARD","is_daily":false,"chose_seed":false,"campfire_upgraded":7,"win_rate":0.0,"timestamp":1608335029,"path_taken":["R","$","?","M","R","E","T","M","M","$","?","M","$","?","M","BOSS","R","$","R","?","R","M","T","E","M","E","?","?","?","?","M","BOSS","R","M","M","E","R","M","T","R","E","R","M","M","?","?","M","BOSS"],"items_purchased_type":["Card","Relic","Relic","Card","Relic"],"build_version":"2020-12-13","purchased_purges":1,"victory":true,"max_hp_per_floor":[60,60,60,60,60,60,60,60,60,60,60,60,60,60,60,60,60,70,70,70,70,70,70,70,70,70,70,70,70,70,70,70,70,70,70,70,70,70,70,70,70,70,70,70,70,70,70,70,70,70],"card_choices":[{"not_picked":["Slimebound:SpikyOuterGoop","Slimebound:ViciousTackle","Slimebound:LeechEnergy"],"picked":"SKIP","floor":2},{"not_picked":["Slimebound:SlimeBrawl","Slimebound:RollThrough"],"picked":"Slimebound:SplitAcid","floor":4},{"not_picked":["Slimebound:DivideAndConquer","Slimebound:LivingWall"],"picked":"Slimebound:SlimeBrawl","floor":6},{"not_picked":["Slimebound:RollThrough","Slimebound:Gluttony"],"picked":"Slimebound:SplitLeeching","floor":8},{"not_picked":["Slimebound:FinishingTackle","Slimebound:GrowthPunch","Slimebound:Nibble"],"picked":"SKIP","floor":9},{"not_picked":["Slimebound:Schlurp","Slimebound:GrowthPunch"],"picked":"Slimebound:RejuvenatingLick","floor":10},{"not_picked":["Slimebound:PressTheAttack","Slimebound:SlimeBarrage"],"picked":"Slimebound:LevelUp","floor":12},{"not_picked":["Slimebound:SlimeSpikes","Slimebound:RollThrough","Slimebound:AcidTongue"],"picked":"SKIP","floor":13},{"not_picked":["Slimebound:Replication","Slimebound:RejuvenatingLick"],"picked":"Slimebound:MassRepurpose","floor":15},{"not_picked":["Slimebound:SlimeSlap","Slimebound:DouseInSlime"],"picked":"Slimebound:MassRepurpose","floor":16},{"not_picked":["Slimebound:SplitMire+1","Slimebound:RollThrough"],"picked":"Slimebound:SplitBruiser","floor":19},{"not_picked":["Slimebound:SplitLeeching+1","Slimebound:DivideAndConquer"],"picked":"Slimebound:FormOfPuddle+1","floor":23},{"not_picked":["Slimebound:ComboTackle","Slimebound:FirmFortitude+1","Slimebound:LivingWall"],"picked":"SKIP","floor":25},{"not_picked":["Slimebound:FirmFortitude","Slimebound:SplitLeeching","Slimebound:Repurpose+1"],"picked":"SKIP","floor":26},{"not_picked":["Slimebound:PressTheAttack","Slimebound:DivideAndConquer","Slimebound:TongueLash"],"picked":"SKIP","floor":27},{"not_picked":["Slimebound:LeechEnergy","Slimebound:DivideAndConquer","Slimebound:Nibble"],"picked":"SKIP","floor":29},{"not_picked":["Slimebound:DivideAndConquer","Slimebound:Grow","Slimebound:Schlurp"],"picked":"SKIP","floor":31},{"not_picked":["Slimebound:FinishingTackle+1","Slimebound:Replication+1","Slimebound:OozeBath"],"picked":"SKIP","floor":32},{"not_picked":["Slimebound:DouseInSlime","Slimebound:MinionMaster"],"picked":"Slimebound:Overexert","floor":33},{"not_picked":["Slimebound:DivideAndConquer+1","Slimebound:FinishingTackle+1","Slimebound:Recollect+1"],"picked":"SKIP","floor":36},{"not_picked":["Slimebound:SplitAcid+1","Slimebound:ViciousTackle+1","Slimebound:SamplingLick+1"],"picked":"SKIP","floor":37},{"not_picked":["Slimebound:SplitMire+1","Slimebound:SplitAcid"],"picked":"Slimebound:Repurpose+1","floor":38},{"not_picked":["Slimebound:ForwardTackle+1","Slimebound:GoopSpray+1","Slimebound:ViciousTackle"],"picked":"SKIP","floor":40},{"not_picked":["Slimebound:TongueLash","Slimebound:AcidTongue+1","Slimebound:MegaLick"],"picked":"SKIP","floor":43},{"not_picked":["Slimebound:LeechEnergy","Slimebound:TongueLash"],"picked":"Slimebound:LevelUp+1","floor":45},{"not_picked":["Slimebound:GrowthPunch+1","Slimebound:ServeAndProtect+1","Slimebound:Recollect+1"],"picked":"SKIP","floor":46}],"player_experience":708502,"relics_obtained":[{"floor":6,"key":"MealTicket"},{"floor":24,"key":"Whetstone"},{"floor":25,"key":"Bottled Tornado"},{"floor":27,"key":"Centennial Puzzle"},{"floor":28,"key":"downfall:GremlinWheel"},{"floor":35,"key":"Toy Ornithopter"},{"floor":38,"key":"Akabeko"},{"floor":41,"key":"Anchor"},{"floor":43,"key":"Bag of Marbles"},{"floor":48,"key":"Turnip"}],"event_choices":[{"damage_healed":0,"gold_gain":0,"player_choice":"Relic","damage_taken":0,"max_hp_gain":0,"max_hp_loss":0,"event_name":"Wheel of Change","floor":35,"gold_loss":0},{"cards_removed":["Slimebound:Tackle"],"damage_healed":0,"gold_gain":0,"player_choice":"Removed Attack","damage_taken":0,"max_hp_gain":0,"max_hp_loss":0,"event_name":"Falling","floor":47,"gold_loss":0},{"damage_healed":0,"gold_gain":0,"player_choice":"Fight","damage_taken":0,"max_hp_gain":0,"max_hp_loss":0,"event_name":"Mysterious Sphere","floor":48,"gold_loss":0}],"is_beta":false,"boss_relics":[{"not_picked":["SacredBark","SlaversCollar"],"picked":"Velvet Choker"},{"not_picked":["Runic Dome","Sozu"],"picked":"Pandora\u0027s Box"}],"items_purged_floors":[31],"is_endless":false,"potions_floor_spawned":[4,15,16,23,26,27,28,36,37,45],"ascension_level":0}}