{"host":"33wh7cigx3w9wmym","time":1608257526,"event":{"mods":["AchievementEnabler","Act Like it!","BaseMod","Colored Map","Colored Powertips","Downfall","Friendly Minions","GifTheSpireLib","Minty Spire (QoL Compilation)","StSLib"],"gold_per_floor":[99,127,137,172,185,205,205,205,205,205,19,169,184,284,294,294,294],"floor_reached":16,"playtime":1219,"items_purged":[],"score":141,"play_id":"a6f67c24-40b8-4e2d-a0fe-3661cdd9f024","local_time":"20201218001206","is_ascension_mode":true,"campfire_choices":[{"data":"champ:Taunt","floor":1,"key":"SMITH"},{"floor":8,"key":"REST"},{"floor":10,"key":"RECALL"}],"circlet_count":0,"master_deck":["champ:Strike","champ:Strike","champ:Strike","champ:Strike","champ:Defend+1","champ:Defend","champ:Defend","champ:Defend","champ:Execute","champ:Taunt+1","champ:DefensiveShout","champ:BladeFlurry+1","champ:AdrenalArmor+1","champ:Encircle","champ:Aggression","Regret","champ:PerfectForm","champ:SteelEdge","champ:SwordSigil","champ:Circumvent","Slimebound:Icky","champ:BladeFlurry","champ:ShieldSigil","champ:IronFortress"],"relics":["champ:ChampionCrown","Juzu Bracelet","Nunchaku","Mango","Pear","CloakClasp"],"acts_visited":["Exordium"],"potions_floor_usage":[14,14],"damage_taken":[{"damage":44,"enemies":"Gremlin Nob","floor":2,"turns":6},{"damage":5,"enemies":"Small Slimes","floor":3,"turns":3},{"damage":38,"enemies":"3 Sentries","floor":4,"turns":11},{"damage":6,"enemies":"2 Louse","floor":5,"turns":3},{"damage":16,"enemies":"Jaw Worm","floor":6,"turns":5},{"damage":18,"enemies":"downfall:FleeingMerchant","floor":11,"turns":4},{"damage":37,"enemies":"Large Slime","floor":13,"turns":7},{"damage":46,"enemies":"Large Slime","floor":14,"turns":7},{"damage":29,"enemies":"3 Louse","floor":15,"turns":2},{"damage":34,"enemies":"downfall:Silent","floor":16,"turns":4}],"seed_played":"4242644156920965788","potions_obtained":[{"floor":2,"key":"Dexterity Potion"},{"floor":3,"key":"Weak Potion"},{"floor":14,"key":"champ:CounterPotion"}],"is_trial":false,"path_per_floor":["R","E","M","E","M","M","T","R","?","R","$","?","M","?","M","B"],"character_chosen":"THE_CHAMP","items_purchased":["champ:SteelEdge","champ:SwordSigil","champ:Circumvent"],"campfire_rested":1,"item_purchase_floors":[11,11,11],"current_hp_per_floor":[90,56,56,47,43,41,51,85,85,85,84,84,58,34,29,0,0],"gold":294,"neow_bonus":"RANDOM_COMMON_RELIC","is_daily":false,"chose_seed":false,"campfire_upgraded":1,"win_rate":0.0,"timestamp":1608257526,"path_taken":["R","E","M","E","M","M","T","R","?","R","$","?","M","?","M","BOSS"],"items_purchased_type":["Card","Card","Card"],"build_version":"2020-12-13","purchased_purges":0,"victory":false,"max_hp_per_floor":[90,90,90,104,104,104,114,114,114,114,114,114,114,114,114,114,114],"card_choices":[{"not_picked":["champ:BerserkersShout","champ:HeavySlash"],"picked":"champ:DefensiveShout","floor":2},{"not_picked":["champ:Encircle","champ:BerserkerStyle"],"picked":"champ:BladeFlurry","floor":3},{"not_picked":["champ:FocusedDefense","champ:Encircle"],"picked":"champ:AdrenalArmor","floor":4},{"not_picked":["champ:BerserkersShout","champ:ShieldWall"],"picked":"champ:Encircle","floor":5},{"not_picked":["champ:SkillfulDodge","champ:Haymaker"],"picked":"champ:Aggression","floor":6},{"not_picked":["champ:EnragedBash","champ:FightOn"],"picked":"champ:PerfectForm","floor":11},{"not_picked":["champ:StanceDance","champ:Circumvent"],"picked":"champ:BladeFlurry","floor":13},{"not_picked":["champ:DefensiveShout","champ:Circumvent"],"picked":"champ:ShieldSigil","floor":14},{"not_picked":["champ:RageSigil","champ:EnGarde"],"picked":"champ:IronFortress","floor":15}],"player_experience":401958,"relics_obtained":[{"floor":2,"key":"Nunchaku"},{"floor":4,"key":"Mango"},{"floor":7,"key":"Pear"},{"floor":14,"key":"CloakClasp"}],"event_choices":[],"is_beta":false,"boss_relics":[],"items_purged_floors":[],"is_endless":false,"potions_floor_spawned":[2,3,14],"killed_by":"downfall:Silent","ascension_level":1}}