{"host":"3srbdas3e7jgqz5l","time":1608305473,"event":{"mods":["BaseMod","Downfall","Minty Spire (QoL Compilation)","StSLib"],"gold_per_floor":[109,184,284,294,306,306,332,332,332,332,346,70,103,120,120,236,248,271,303,11,86,99,99,110,110,110,121,155,178,207,226,226,325,325,341,112,123,135,135,170,188,188,239,239,258,286,286,286,286,286,286,286,7,41,41],"floor_reached":56,"playtime":3196,"items_purged":["Strike_R","Strike_R","Strike_R","hexamod:Haunted"],"score":1841,"play_id":"ff2bf24e-a8e9-4294-9421-cd98cc10596d","local_time":"20201218153113","is_ascension_mode":true,"campfire_choices":[{"data":"Whirlwind","floor":6.0,"key":"SMITH"},{"data":"Infernal Blade","floor":8.0,"key":"SMITH"},{"floor":10.0,"key":"DIG"},{"floor":15.0,"key":"DIG"},{"data":"Demon Form","floor":23.0,"key":"SMITH"},{"floor":25.0,"key":"DIG"},{"floor":32.0,"key":"REST"},{"data":"Dark Embrace","floor":42.0,"key":"SMITH"},{"floor":47.0,"key":"RECALL"},{"floor":49.0,"key":"REST"},{"floor":52,"key":"DIG"}],"circlet_count":0,"master_deck":["AscendersBane","Strike_R","Strike_R","Defend_R","Defend_R","Defend_R","Defend_R","Bash","Infernal Blade+1","Whirlwind+1","Battle Trance","Feed","Headbutt","Shrug It Off+1","Demon Form+1","Sword Boomerang","Inflame","True Grit+1","True Grit+1","Dark Embrace+1","Spot Weakness+1","Spot Weakness+1","Exhume+1","Shrug It Off+1","True Grit+1","Armaments+1","expansioncontent:StudyTheSpire","Enlightenment+1","Clothesline+1","Power Through+1","Corruption","Pain","Inflame","Disarm+1"],"relics":["Burning Blood","NeowsBlessing","Shovel","Toxic Egg 2","Boot","Potion Belt","Tiny Chest","MawBank","Cursed Key","PreservedInsect","HornCleat","Omamori","MealTicket","Nunchaku","Runic Pyramid","Pocketwatch","Art of War","Mummified Hand","Bird Faced Urn","Bottled Tornado","InkBottle"],"acts_visited":["Exordium","TheCity","TheBeyond","TheEnding"],"potions_floor_usage":[50,55],"damage_taken":[{"damage":0.0,"enemies":"Small Slimes","floor":1.0,"turns":1.0},{"damage":0.0,"enemies":"Cultist","floor":4.0,"turns":1.0},{"damage":0.0,"enemies":"Jaw Worm","floor":5.0,"turns":1.0},{"damage":23.0,"enemies":"Gremlin Nob","floor":7.0,"turns":4.0},{"damage":9.0,"enemies":"Lots of Slimes","floor":11.0,"turns":4.0},{"damage":5.0,"enemies":"3 Sentries","floor":13.0,"turns":4.0},{"damage":2.0,"enemies":"Gremlin Gang","floor":14.0,"turns":2.0},{"damage":64.0,"enemies":"The Guardian","floor":16.0,"turns":16.0},{"damage":12.0,"enemies":"Chosen","floor":18.0,"turns":4.0},{"damage":18.0,"enemies":"Shell Parasite","floor":19.0,"turns":5.0},{"damage":0.0,"enemies":"3 Cultists","floor":22.0,"turns":2.0},{"damage":16.0,"enemies":"Sentry and Sphere","floor":24.0,"turns":4.0},{"damage":17.0,"enemies":"Shelled Parasite and Fungi","floor":27.0,"turns":5.0},{"damage":21.0,"enemies":"Slavers","floor":28.0,"turns":4.0},{"damage":22.0,"enemies":"Book of Stabbing","floor":30.0,"turns":5.0},{"damage":8.0,"enemies":"Centurion and Healer","floor":31.0,"turns":6.0},{"damage":13.0,"enemies":"Champ","floor":33.0,"turns":11.0},{"damage":16.0,"enemies":"3 Darklings","floor":35.0,"turns":4.0},{"damage":3.0,"enemies":"3 Shapes","floor":37.0,"turns":5.0},{"damage":26.0,"enemies":"Sphere and 2 Shapes","floor":38.0,"turns":8.0},{"damage":23.0,"enemies":"Nemesis","floor":40.0,"turns":5.0},{"damage":15.0,"enemies":"Spire Growth","floor":41.0,"turns":5.0},{"damage":17.0,"enemies":"3 Darklings","floor":45.0,"turns":4.0},{"damage":40.0,"enemies":"Reptomancer","floor":46.0,"turns":7.0},{"damage":62,"enemies":"Awakened One","floor":50,"turns":9},{"damage":42,"enemies":"Shield and Spear","floor":54,"turns":4},{"damage":44,"enemies":"The Heart","floor":55,"turns":8}],"seed_played":"7133894624352118013","potions_obtained":[{"floor":4.0,"key":"Fire Potion"},{"floor":5.0,"key":"Ancient Potion"},{"floor":16.0,"key":"PowerPotion"},{"floor":22.0,"key":"SkillPotion"},{"floor":24.0,"key":"Dexterity Potion"},{"floor":27.0,"key":"Dexterity Potion"},{"floor":30.0,"key":"Block Potion"},{"floor":35.0,"key":"SkillPotion"},{"floor":41.0,"key":"FearPotion"}],"is_trial":false,"path_per_floor":["M","?","?","M","M","R","E","R","T","R","M","$","E","M","R","B",null,"M","M","$","?","M","R","M","R","T","M","E","T","E","M","R","B",null,"M","$","M","M","?","E","M","R","T","?","M","E","R","T","R","B",null,"R","$","E","B",null],"character_chosen":"IRONCLAD","items_purchased":["Potion Belt","SpeedPotion","True Grit+1","PreservedInsect","Shrug It Off+1","True Grit+1","PowerPotion","Inflame"],"campfire_rested":2,"item_purchase_floors":[12,12,20,20,36,36,53,53],"current_hp_per_floor":[78,67,67,73,79,79,62,62,62,62,62,62,66,73,73,18,74,71,62,62,53,62,62,55,55,55,47,35,35,22,20,53,46,96,86,101,110,96,91,74,69,69,69,69,58,28,28,28,67,24,108,108,123,103,81],"gold":41,"neow_bonus":"THREE_ENEMY_KILL","is_daily":false,"chose_seed":false,"campfire_upgraded":4,"win_rate":0.0,"timestamp":1608305473,"path_taken":["M","?","?","?","M","R","E","R","T","R","M","$","E","M","R","BOSS","M","M","$","?","?","R","M","R","T","?","E","?","E","M","R","BOSS","M","$","M","?","?","E","M","R","T","?","M","E","R","?","R","BOSS","R","$","E","BOSS"],"items_purchased_type":["Relic","Potion","Card","Relic","Card","Card","Potion","Card"],"build_version":"2020-12-13","purchased_purges":4,"victory":true,"max_hp_per_floor":[80,80,80,80,80,80,80,80,80,80,83,83,86,89,89,92,92,95,98,98,98,101,101,104,104,104,107,110,110,113,113,113,113,113,113,113,119,125,125,125,129,129,129,129,129,133,133,133,133,136,136,136,136,140,140],"card_choices":[{"not_picked":["Havoc","Entrench"],"picked":"Infernal Blade","floor":1.0},{"not_picked":["Pommel Strike","Sword Boomerang"],"picked":"Whirlwind","floor":4.0},{"not_picked":["True Grit","Flex"],"picked":"Battle Trance","floor":5.0},{"not_picked":["Havoc","Headbutt"],"picked":"Feed","floor":7.0},{"not_picked":["Warcry+1","Clash"],"picked":"Headbutt","floor":11.0},{"not_picked":["Rage+1","True Grit+1"],"picked":"Shrug It Off+1","floor":13.0},{"not_picked":["Wild Strike","Thunderclap","Bloodletting+1"],"picked":"SKIP","floor":14.0},{"not_picked":["Juggernaut","Bludgeon"],"picked":"Demon Form","floor":16.0},{"not_picked":["Perfected Strike+1","Power Through+1"],"picked":"Sword Boomerang","floor":18.0},{"not_picked":["Clothesline","Heavy Blade"],"picked":"Inflame","floor":19.0},{"not_picked":["Power Through+1","Shrug It Off+1"],"picked":"True Grit+1","floor":22.0},{"not_picked":["Inflame","Cleave"],"picked":"Dark Embrace","floor":24.0},{"not_picked":["Immolate","Iron Wave","Clash"],"picked":"SKIP","floor":27.0},{"not_picked":["Sever Soul","Body Slam","Second Wind+1"],"picked":"SKIP","floor":28.0},{"not_picked":["Evolve","Double Tap+1"],"picked":"Spot Weakness+1","floor":30.0},{"not_picked":["Twin Strike","Rampage"],"picked":"Spot Weakness+1","floor":31.0},{"not_picked":["Demon Form","Berserk"],"picked":"Exhume+1","floor":33.0},{"not_picked":["Clothesline","Sword Boomerang+1","Cleave"],"picked":"SKIP","floor":35.0},{"not_picked":["Carnage","Cleave","Havoc+1"],"picked":"SKIP","floor":37.0},{"not_picked":["Combust+1","Wild Strike"],"picked":"Armaments+1","floor":38.0},{"not_picked":["Mind Blast","Purity+1"],"picked":"expansioncontent:StudyTheSpire","floor":39.0},{"not_picked":["Flash of Steel","expansioncontent:GoopSpray+1"],"picked":"Enlightenment+1","floor":39.0},{"not_picked":["Anger+1","Warcry+1"],"picked":"Clothesline+1","floor":40.0},{"not_picked":["True Grit+1","Evolve"],"picked":"Power Through+1","floor":41.0},{"not_picked":["Infernal Blade+1","Iron Wave+1","Reckless Charge"],"picked":"SKIP","floor":45.0},{"not_picked":["Heavy Blade","Whirlwind","Body Slam"],"picked":"SKIP","floor":46.0},{"not_picked":["Inflame","Armaments+1"],"picked":"Disarm+1","floor":54}],"player_experience":431243,"relics_obtained":[{"floor":7.0,"key":"Shovel"},{"floor":9.0,"key":"Toxic Egg 2"},{"floor":10.0,"key":"Boot"},{"floor":13.0,"key":"Tiny Chest"},{"floor":15.0,"key":"MawBank"},{"floor":25.0,"key":"HornCleat"},{"floor":28.0,"key":"Omamori"},{"floor":29.0,"key":"MealTicket"},{"floor":30.0,"key":"Nunchaku"},{"floor":40.0,"key":"Pocketwatch"},{"floor":43.0,"key":"Art of War"},{"floor":46.0,"key":"Mummified Hand"},{"floor":48.0,"key":"Bird Faced Urn"},{"floor":52,"key":"Bottled Tornado"},{"floor":54,"key":"InkBottle"}],"event_choices":[{"damage_healed":0.0,"max_hp_gain":0.0,"max_hp_loss":0.0,"gold_gain":75.0,"event_name":"World of Goop","player_choice":"Gather Gold","floor":2.0,"gold_loss":0.0,"damage_taken":11.0},{"damage_healed":0.0,"max_hp_gain":0.0,"max_hp_loss":0.0,"gold_gain":100.0,"event_name":"Golden Shrine","player_choice":"Pray","floor":3.0,"gold_loss":0.0,"damage_taken":0.0},{"damage_healed":0.0,"max_hp_gain":0.0,"max_hp_loss":0.0,"gold_gain":75.0,"event_name":"FaceTrader","player_choice":"Touch","floor":21.0,"gold_loss":0.0,"damage_taken":9.0},{"damage_healed":0.0,"max_hp_gain":0.0,"max_hp_loss":0.0,"gold_gain":0.0,"event_name":"SensoryStone","player_choice":"Memory 2","floor":39.0,"gold_loss":0.0,"damage_taken":5.0},{"damage_healed":0.0,"max_hp_gain":0.0,"max_hp_loss":0.0,"gold_gain":0.0,"event_name":"Match and Keep!","player_choice":"1 cards matched","floor":44.0,"gold_loss":0.0,"damage_taken":0.0,"cards_obtained":["Corruption"]}],"is_beta":false,"boss_relics":[{"not_picked":["Tiny House","SlaversCollar"],"picked":"Cursed Key"},{"not_picked":["Mark of Pain","Black Star"],"picked":"Runic Pyramid"}],"items_purged_floors":[12,20,36,53],"is_endless":false,"potions_floor_spawned":[4,5,7,11,16,22,24,27,30,35,41],"ascension_level":12}}