{"host":"a7kkotolxcg5vljr","time":1608308598,"event":{"mods":["2.2 Compatiblity","AchievementEnabler","Act Like it!","BaseMod","Better Altar","Better Skull","Better Third Choice","Colored Map","Colored Powertips","Downfall","Hermit","Highlight Path","Marisa????????","Minty Spire (QoL Compilation)","Quick Restart","Rare Cards Sparkle","Replay The Spire","Spicy Shops","StSLib","The Cursed","The Disciple","The Servant 0.9.4"],"gold_per_floor":[112,128,140,154,154,154,154],"floor_reached":6,"playtime":184,"items_purged":[],"score":38,"play_id":"80230dd4-deb7-429a-9e4b-1750eb2689d3","local_time":"20201218112318","is_ascension_mode":false,"campfire_choices":[],"circlet_count":0,"master_deck":["Strike_B","Strike_B","Strike_B","Strike_B","Defend_B","Defend_B","Defend_B","Defend_B","Zap","Dualcast","champ:Defend","Replay:Light Bash","expansioncontent:StudyTheSpire","Chaos","Double Energy","Ball Lightning","Force Field"],"relics":["Cracked Core"],"acts_visited":["Exordium"],"potions_floor_usage":[6,6],"damage_taken":[{"damage":3,"enemies":"Small Slimes","floor":1,"turns":4},{"damage":0,"enemies":"2 Louse","floor":2,"turns":2},{"damage":6,"enemies":"Cultist","floor":3,"turns":3},{"damage":34,"enemies":"3 Louse","floor":4,"turns":3},{"damage":55,"enemies":"Gremlin Nob","floor":6,"turns":4}],"seed_played":"5094966558935350643","potions_obtained":[{"floor":1,"key":"Explosive Potion"},{"floor":4,"key":"Explosive Potion"}],"is_trial":false,"path_per_floor":["M","M","M","M","?","E"],"character_chosen":"DEFECT","items_purchased":[],"campfire_rested":0,"item_purchase_floors":[],"current_hp_per_floor":[72,72,66,32,32,0,0],"gold":154,"neow_bonus":"RANDOM_COLORLESS_2","is_daily":false,"chose_seed":false,"campfire_upgraded":0,"win_rate":0.0,"timestamp":1608308598,"path_taken":["M","M","M","M","?","E"],"items_purchased_type":[],"build_version":"2020-12-13","purchased_purges":0,"victory":false,"max_hp_per_floor":[75,75,75,75,75,75,75],"card_choices":[{"not_picked":["expansioncontent:Corrupt","Poisoned Strike"],"picked":"expansioncontent:StudyTheSpire","floor":0},{"not_picked":["Auto Shields","Reinforced Body"],"picked":"Chaos","floor":1},{"not_picked":["Redo","Steam Power"],"picked":"Double Energy","floor":2},{"not_picked":["Cold Snap","ReplayTheSpireMod:Repulse"],"picked":"Ball Lightning","floor":3},{"not_picked":["Undo","Skim"],"picked":"Force Field","floor":4}],"player_experience":356944,"relics_obtained":[],"event_choices":[{"damage_healed":0,"gold_gain":0,"player_choice":"Ignored","damage_taken":0,"max_hp_gain":0,"max_hp_loss":0,"event_name":"Golden Wing","floor":5,"gold_loss":0}],"is_beta":false,"boss_relics":[],"items_purged_floors":[],"is_endless":false,"potions_floor_spawned":[1,4],"killed_by":"Gremlin Nob","ascension_level":0}}