{"host":"99ad87xtd5ypi7ii","time":1608290997,"event":{"mods":["BaseMod","Hermit","Highlight Path","Marisa????????","Minty Spire (QoL Compilation)","Robot Space Explorer","StSLib","The Bladedancer","The Construct","The Cursed","The Disciple","The Gatherer","The Hierophant","The Runesmith","The Servant 0.9.4","TheVacant"],"gold_per_floor":[110,110,121,139,89,116,116,151,198,225,225,400,400,64,64,160,160,180,180,56,75,93,93,120,120,144,175,175,194,194,194,194,307,307,321,52,77,424,444,444,354,354,354,374,417,432,463,477,477,477,477,477,9,44,44],"floor_reached":56,"playtime":5533,"items_purged":["Doubt","Strike_R"],"score":1683,"play_id":"a03ec4c5-a1ef-40b3-bd49-45d49838583e","local_time":"20201218122957","is_ascension_mode":true,"campfire_choices":[{"data":"Flame Barrier","floor":7,"key":"SMITH"},{"floor":11,"key":"REST"},{"data":"Armaments","floor":15,"key":"SMITH"},{"data":"Corruption","floor":23,"key":"SMITH"},{"floor":25,"key":"REST"},{"floor":28,"key":"REST"},{"data":"Exhume","floor":32,"key":"SMITH"},{"floor":40,"key":"REST"},{"data":"Dark Embrace","floor":42,"key":"SMITH"},{"floor":49,"key":"RECALL"},{"data":"Sentinel","floor":52,"key":"SMITH"}],"circlet_count":0,"master_deck":["Strike_R","Strike_R","Defend_R+1","Defend_R","Defend_R","Defend_R","Bash","Inflame","Bash","Twin Strike","Flame Barrier+1","Fire Breathing","Impervious","Armaments+1","Feel No Pain","Reaper","Bloodletting","Dual Wield+1","Dark Embrace+1","Corruption+1","Rupture","Sentinel+1","Exhume+1","Feed","Dark Embrace+1","True Grit+1","Exhume","Apotheosis","Secret Technique","Body Slam+1"],"relics":["Burning Blood","Pear","Centennial Puzzle","The Courier","FaceOfCleric","Dead Branch","Philosopher\u0027s Stone","Question Card","Orrery","Mango","CeramicFish","Runesmith:AutoHammer","Bottled Flame","MutagenicStrength","SlaversCollar","Gambling Chip","Old Coin","Letter Opener","Orichalcum","InkBottle","Bronze Scales","construct:BoolHorns"],"acts_visited":["Exordium","TheCity","TheBeyond","TheEnding"],"potions_floor_usage":[8,10,18,22,24,35,38,50],"damage_taken":[{"damage":10,"enemies":"Cultist","floor":1,"turns":5},{"damage":17,"enemies":"Small Slimes","floor":3,"turns":3},{"damage":0,"enemies":"2 Louse","floor":4,"turns":3},{"damage":16,"enemies":"Gremlin Nob","floor":6,"turns":4},{"damage":28,"enemies":"3 Sentries","floor":8,"turns":6},{"damage":35,"enemies":"Lagavulin","floor":10,"turns":7},{"damage":54,"enemies":"Hexaghost","floor":16,"turns":13},{"damage":12,"enemies":"3 Byrds","floor":18,"turns":4},{"damage":12,"enemies":"Chosen","floor":21,"turns":4},{"damage":28,"enemies":"Snake Plant","floor":22,"turns":3},{"damage":32,"enemies":"Gremlin Leader","floor":24,"turns":6},{"damage":14,"enemies":"Slavers","floor":27,"turns":4},{"damage":9,"enemies":"Shelled Parasite and Fungi","floor":29,"turns":2},{"damage":3,"enemies":"Champ","floor":33,"turns":5},{"damage":37,"enemies":"3 Darklings","floor":35,"turns":4},{"damage":9,"enemies":"3 Shapes","floor":37,"turns":2},{"damage":28,"enemies":"2 Orb Walkers","floor":38,"turns":4},{"damage":12,"enemies":"Sphere and 2 Shapes","floor":39,"turns":3},{"damage":35,"enemies":"Transient","floor":44,"turns":5},{"damage":14,"enemies":"Giant Head","floor":45,"turns":5},{"damage":3,"enemies":"3 Darklings","floor":46,"turns":1},{"damage":6,"enemies":"Reptomancer","floor":47,"turns":3},{"damage":9,"enemies":"Maw","floor":48,"turns":5},{"damage":16,"enemies":"Donu and Deca","floor":50,"turns":5},{"damage":6,"enemies":"Shield and Spear","floor":54,"turns":2},{"damage":76,"enemies":"The Heart","floor":55,"turns":4}],"seed_played":"6320218569566927723","potions_obtained":[{"floor":4,"key":"Energy Potion"},{"floor":8,"key":"DuplicationPotion"},{"floor":16,"key":"SteroidPotion"},{"floor":18,"key":"Fruit Juice"},{"floor":22,"key":"DuplicationPotion"},{"floor":29,"key":"Ancient Potion"},{"floor":33,"key":"DistilledChaos"},{"floor":37,"key":"LiquidMemories"},{"floor":45,"key":"Block Potion"}],"is_trial":false,"path_per_floor":["M","?","M","M","?","E","R","E","T","E","R","?","?","$","R","B",null,"M","T","$","M","M","R","E","R","T","E","R","M","T","?","R","B",null,"M","$","M","?","M","R","?","R","T","M","E","M","E","M","R","B",null,"R","$","E","B",null],"character_chosen":"IRONCLAD","items_purchased":["Dead Branch","Feel No Pain","Orrery","Gambling Chip","Dark Embrace","Bronze Scales","Apotheosis","Secret Technique"],"campfire_rested":4,"item_purchase_floors":[14,14,20,36,36,53,53,53],"current_hp_per_floor":[84,84,73,79,79,79,79,57,57,28,57,57,57,57,57,10,77,81,81,81,76,59,59,56,92,92,85,121,124,124,124,124,125,125,101,101,99,82,77,117,117,117,117,108,138,139,140,141,141,136,141,141,141,142,78],"gold":44,"neow_bonus":"TEN_PERCENT_HP_BONUS","is_daily":false,"chose_seed":false,"campfire_upgraded":6,"win_rate":0.0,"timestamp":1608290997,"path_taken":["M","?","M","?","?","E","R","E","T","E","R","?","?","$","R","BOSS","M","?","$","?","M","R","E","R","T","E","R","M","?","?","R","BOSS","M","$","M","?","M","R","?","R","T","M","E","M","E","M","R","BOSS","R","$","E","BOSS"],"items_purchased_type":["Relic","Card","Relic","Relic","Card","Relic","Card","Card"],"build_version":"2020-12-13","purchased_purges":2,"victory":true,"max_hp_per_floor":[88,88,88,88,88,98,98,98,98,98,98,98,98,98,98,99,99,105,105,105,106,107,107,122,122,122,123,123,124,124,124,124,125,125,129,129,130,135,136,136,136,136,136,137,138,139,140,141,141,142,142,142,142,143,144],"card_choices":[{"not_picked":["Anger","Havoc"],"picked":"Inflame","floor":1},{"not_picked":["Burning Pact","Clash"],"picked":"Twin Strike","floor":3},{"not_picked":["Reckless Charge","Clash"],"picked":"Flame Barrier","floor":4},{"not_picked":["Sever Soul","Clash"],"picked":"Fire Breathing","floor":6},{"not_picked":["Flame Barrier","Dark Embrace"],"picked":"Impervious","floor":8},{"not_picked":["Carnage","Inflame"],"picked":"Armaments","floor":10},{"not_picked":["Double Tap","Barricade"],"picked":"Reaper","floor":16},{"not_picked":["Armaments","Clothesline+1","Iron Wave"],"picked":"SKIP","floor":18},{"not_picked":["Feel No Pain+1","Thunderclap+1","Iron Wave"],"picked":"Bloodletting","floor":20},{"not_picked":["Clothesline","Clash","Juggernaut"],"picked":"Dual Wield+1","floor":20},{"not_picked":["Rupture","Clash","Seeing Red+1"],"picked":"Dark Embrace+1","floor":20},{"not_picked":["Hemokinesis","Infernal Blade+1","Clothesline"],"picked":"Corruption","floor":20},{"not_picked":["Juggernaut","Thunderclap","Clothesline"],"picked":"Rupture","floor":20},{"not_picked":["Armaments","Anger","Bloodletting","Thunderclap"],"picked":"SKIP","floor":21},{"not_picked":["Cleave+1","Flex","Clash"],"picked":"Sentinel","floor":22},{"not_picked":["Feel No Pain+1","Armaments","Corruption"],"picked":"Exhume","floor":24},{"not_picked":["Rage","Thunderclap","Anger","Iron Wave"],"picked":"SKIP","floor":27},{"not_picked":["Fire Breathing","Feel No Pain","Clothesline+1","Uppercut"],"picked":"SKIP","floor":29},{"not_picked":["Double Tap","Demon Form","Immolate"],"picked":"Feed","floor":33},{"not_picked":["Rupture+1","Bloodletting+1","Shrug It Off+1","Entrench+1"],"picked":"SKIP","floor":35},{"not_picked":["Rampage+1","Blood for Blood+1","Headbutt+1"],"picked":"True Grit+1","floor":37},{"not_picked":["Warcry","Twin Strike+1","Body Slam","Entrench"],"picked":"SKIP","floor":39},{"not_picked":["True Grit","Twin Strike","Uppercut+1","Heavy Blade"],"picked":"SKIP","floor":44},{"not_picked":["Cleave","Perfected Strike","Flex+1"],"picked":"Exhume","floor":45},{"not_picked":["Clothesline","Rage","Whirlwind","Warcry+1"],"picked":"SKIP","floor":46},{"not_picked":["Shrug It Off+1","Reaper","Perfected Strike+1","Anger"],"picked":"SKIP","floor":47},{"not_picked":["Twin Strike","Whirlwind+1","Clothesline","Shockwave+1"],"picked":"SKIP","floor":48},{"not_picked":["Sword Boomerang","Evolve+1","Iron Wave"],"picked":"Body Slam+1","floor":54}],"player_experience":782706,"relics_obtained":[{"floor":6,"key":"Pear"},{"floor":8,"key":"Centennial Puzzle"},{"floor":10,"key":"The Courier"},{"floor":19,"key":"Question Card"},{"floor":24,"key":"Mango"},{"floor":26,"key":"CeramicFish"},{"floor":27,"key":"Runesmith:AutoHammer"},{"floor":30,"key":"Bottled Flame"},{"floor":38,"key":"Old Coin"},{"floor":43,"key":"Letter Opener"},{"floor":45,"key":"Orichalcum"},{"floor":47,"key":"InkBottle"},{"floor":54,"key":"construct:BoolHorns"}],"event_choices":[{"damage_healed":0,"gold_gain":0,"player_choice":"1 cards matched","damage_taken":0,"max_hp_gain":0,"max_hp_loss":0,"event_name":"Match and Keep!","floor":2,"gold_loss":0,"cards_obtained":["Bash"]},{"cards_removed":["Strike_R"],"damage_healed":0,"gold_gain":0,"player_choice":"Card Removal","damage_taken":0,"max_hp_gain":0,"max_hp_loss":0,"event_name":"The Cleric","floor":5,"gold_loss":50},{"damage_healed":0,"gold_gain":175,"player_choice":"AGREE","damage_taken":0,"max_hp_gain":0,"max_hp_loss":0,"event_name":"Liars Game","floor":12,"gold_loss":0,"cards_obtained":["Doubt"]},{"damage_healed":0,"gold_gain":0,"player_choice":"Trade","damage_taken":0,"relics_obtained":["FaceOfCleric"],"max_hp_gain":0,"max_hp_loss":0,"event_name":"FaceTrader","floor":13,"gold_loss":0},{"damage_healed":0,"gold_gain":0,"player_choice":"Inject Mutagens","damage_taken":0,"relics_obtained":["MutagenicStrength"],"max_hp_gain":0,"max_hp_loss":0,"event_name":"Drug Dealer","floor":31,"gold_loss":0},{"damage_healed":0,"gold_gain":0,"player_choice":"Fight","damage_taken":0,"max_hp_gain":0,"max_hp_loss":0,"event_name":"Mysterious Sphere","floor":38,"gold_loss":0},{"cards_removed":["Strike_R"],"damage_healed":0,"gold_gain":0,"player_choice":"Upgrade and Remove","damage_taken":0,"max_hp_gain":0,"max_hp_loss":0,"event_name":"Designer","floor":41,"gold_loss":90,"cards_upgraded":["Defend_R"]}],"is_beta":false,"boss_relics":[{"not_picked":["Cursed Key","Busted Crown"],"picked":"Philosopher\u0027s Stone"},{"not_picked":["Runic Pyramid","construct:ClawGrip"],"picked":"SlaversCollar"}],"items_purged_floors":[14,53],"is_endless":false,"potions_floor_spawned":[4,8,16,18,22,29,33,37,45],"ascension_level":5}}