{"host":"bq4pt811tk9yrmjl","time":1608329415,"event":{"mods":["AchievementEnabler","BaseMod","Colored Map","Colored Powertips","Defuse TimeMaze Blight","Minty Spire (QoL Compilation)","StSLib","SuperFastMode","UnlockEverythingMod"],"gold_per_floor":[109,128,128,303,80,114,114,124,175,175,188,253,253,253],"floor_reached":13,"playtime":131,"items_purged":[],"score":113,"play_id":"510b1cd5-e517-4a98-a1a5-d30c6a47b52b","local_time":"20201218201015","is_ascension_mode":true,"campfire_choices":[{"data":"Sunder","floor":7,"key":"SMITH"},{"data":"Zap","floor":10,"key":"SMITH"}],"circlet_count":0,"master_deck":["Strike_B","Strike_B","Strike_B","Strike_B","Defend_B","Defend_B","Defend_B","Defend_B","Zap+1","Dualcast","Ball Lightning","Capacitor","Doubt","Sunder+1","Self Repair","Auto Shields","Reinforced Body"],"relics":["Cracked Core","NeowsBlessing","Medical Kit","Potion Belt","Blue Candle"],"acts_visited":["Exordium"],"potions_floor_usage":[8],"damage_taken":[{"damage":0.0,"enemies":"Small Slimes","floor":1.0,"turns":1.0},{"damage":0.0,"enemies":"2 Louse","floor":2.0,"turns":1.0},{"damage":0,"enemies":"3 Sentries","floor":6,"turns":1},{"damage":11,"enemies":"Jaw Worm","floor":8,"turns":2},{"damage":22,"enemies":"3 Louse","floor":11,"turns":3},{"damage":25,"enemies":"Lagavulin Event","floor":12,"turns":5},{"damage":0,"enemies":"Lagavulin","floor":13,"turns":1}],"seed_played":"8466777403938831485","potions_obtained":[{"floor":1.0,"key":"Swift Potion"},{"floor":11,"key":"Strength Potion"},{"floor":12,"key":"SpeedPotion"}],"is_trial":false,"path_per_floor":["M","M","?","?","$","E","R","M","T","R","M","?","E"],"character_chosen":"DEFECT","items_purchased":["Medical Kit","Sunder"],"campfire_rested":0,"item_purchase_floors":[5,5],"current_hp_per_floor":[75,75,80,80,80,80,80,69,69,69,54,36,36,36],"gold":253,"neow_bonus":"THREE_ENEMY_KILL","is_daily":false,"chose_seed":false,"campfire_upgraded":2,"win_rate":0.0,"timestamp":1608329415,"path_taken":["M","M","?","?","$","E","R","M","T","R","?","?","E"],"items_purchased_type":["Relic","Card"],"build_version":"2020-12-13","purchased_purges":0,"victory":false,"max_hp_per_floor":[75,75,80,80,80,80,80,80,80,80,80,80,80,80],"card_choices":[{"not_picked":["Cold Snap","Turbo"],"picked":"Ball Lightning","floor":1.0},{"not_picked":["Thunder Strike","Reinforced Body"],"picked":"Capacitor","floor":2.0},{"not_picked":["Redo","Chill"],"picked":"Self Repair","floor":6},{"not_picked":["Chaos","Hologram","Streamline"],"picked":"SKIP","floor":8},{"not_picked":["Recycle","Stack"],"picked":"Auto Shields","floor":11},{"not_picked":["Sweeping Beam","Streamline"],"picked":"Reinforced Body","floor":12}],"player_experience":76989,"relics_obtained":[{"floor":6,"key":"Potion Belt"}],"event_choices":[{"damage_healed":0.0,"max_hp_gain":5.0,"max_hp_loss":0.0,"gold_gain":0.0,"event_name":"Big Fish","player_choice":"Donut","floor":3.0,"gold_loss":0.0,"damage_taken":0.0},{"damage_healed":0.0,"max_hp_gain":0.0,"max_hp_loss":0.0,"gold_gain":175.0,"event_name":"Liars Game","player_choice":"AGREE","floor":4.0,"gold_loss":0.0,"damage_taken":0.0,"cards_obtained":["Doubt"]},{"damage_healed":0,"gold_gain":30,"player_choice":"Searched \u00273\u0027 times","damage_taken":0,"relics_obtained":["Blue Candle"],"max_hp_gain":0,"max_hp_loss":0,"event_name":"Dead Adventurer","floor":12,"gold_loss":0}],"is_beta":false,"boss_relics":[],"items_purged_floors":[],"is_endless":false,"potions_floor_spawned":[1,11,12],"killed_by":"Lagavulin","ascension_level":1}}