{"host":"nk1hwk2qadwaubm5","time":1608294990,"event":{"mods":["BaseMod","Hermit","Infinite Spire","Minty Spire (QoL Compilation)","Replay The Spire","StSLib","The Animator","The Cursed","The Jungle","The Servant 0.9.4"],"gold_per_floor":[111,186,9,22,22,22,22,22,22,22,55,71,100,115,115,215,215,234,8,20,70,70,125,125,125,151,151,151,151,194,237,237,308,308,455,455,515,552,601,108,150,108,169,243,268,74,137,137,137,188,188,196,196],"floor_reached":52,"playtime":4258,"items_purged":["Strike_S","Voices","ReplayTheSpireMod:Splinters","Spreading Infection"],"score":858,"play_id":"64b2cb8b-bc8d-4cdb-826d-a22dfbb66961","local_time":"20201218133630","is_ascension_mode":true,"campfire_choices":[{"data":"Barrier","floor":6,"key":"SMITH"},{"data":"Potential","floor":8,"key":"SMITH"},{"data":"KidneyShot","floor":10,"key":"SMITH"},{"floor":27,"key":"DIG"},{"data":"TimeWarp","floor":34,"key":"SMITH"},{"floor":49,"key":"RECALL"},{"data":"Decay","floor":51,"key":"PURGE"}],"circlet_count":0,"master_deck":["Defend_S","Defend_S","Defend_S","KidneyShot+1","Exchange","ShatteredReality","Barrier+1","TimeWarp+1","Potential+1","Manipulate+1","Starlight","Initiator","CurseOfTheBell","Potential","infinitespire:Starlight","Bite","Bite","Bite","Bite","Advance","Potential","Sunlight","Master of Strategy","Apotheosis","TimeWarp","Alleviate","Luminosity","Moondial","ShatteredReality+1","hermit:ImpendingDoom","Alleviate","Gouge","animator:Curse_Dizziness","Rearm+1","Replace"],"relics":["Uniform","Replay:Kaleidoscope","Replay:Wax Seal","Centennial Puzzle","Replay:Multitool","Sundial","ReplayTheSpireMod:Ring of Exchange","Ring of Fangs","Calling Bell","infinitespire:CheckeredPen","MealTicket","Gambling Chip","Boot","Ring of Fury","Ring of Greed","Blue Doll","Replay:Bandana","Gremlin Food","Lantern","Oddly Smooth Stone","Coffee Dripper","Philosopher\u0027s Stone","ReplayTheSpireMod:TigerMarble","ReplayTheSpireMod:ShopPack","Nunchaku","Letter Opener","Calipers","Orichalcum","Replay:Mystery Machine"],"acts_visited":["Exordium","TheCity","TheBeyond"],"potions_floor_usage":[13,16,23,31,41,42],"damage_taken":[{"damage":4,"enemies":"Cultist","floor":1,"turns":4},{"damage":0,"enemies":"Small Slimes","floor":4,"turns":3},{"damage":10,"enemies":"3 Sentries","floor":11,"turns":7},{"damage":7,"enemies":"Jaw Worm","floor":12,"turns":2},{"damage":6,"enemies":"Gremlin Nob","floor":13,"turns":4},{"damage":6,"enemies":"Exordium Thugs","floor":14,"turns":5},{"damage":18,"enemies":"Slime Boss","floor":16,"turns":15},{"damage":1,"enemies":"3 Byrds","floor":18,"turns":6},{"damage":10,"enemies":"2 Thieves","floor":20,"turns":3},{"damage":32,"enemies":"Slavers","floor":23,"turns":4},{"damage":5,"enemies":"Snake Plant","floor":30,"turns":4},{"damage":0,"enemies":"Cultist and Chosen","floor":31,"turns":4},{"damage":18,"enemies":"Replay:Snechameleon","floor":33,"turns":3},{"damage":33,"enemies":"Automaton","floor":35,"turns":7},{"damage":0,"enemies":"3 Darklings","floor":37,"turns":3},{"damage":12,"enemies":"Orb Walker","floor":38,"turns":2},{"damage":0,"enemies":"Maw","floor":39,"turns":4},{"damage":2,"enemies":"Sphere and 2 Shapes","floor":41,"turns":3},{"damage":5,"enemies":"Giant Head","floor":42,"turns":7},{"damage":14,"enemies":"Reptomancer","floor":44,"turns":5},{"damage":14,"enemies":"R_Hoarder","floor":47,"turns":4},{"damage":0,"enemies":"Jaw Worm Horde","floor":50,"turns":1},{"damage":49,"enemies":"LordOfAnnihilation","floor":52,"turns":1}],"seed_played":"-3326149645239291534","potions_obtained":[{"floor":1,"key":"Elixir"},{"floor":11,"key":"Elixir"},{"floor":12,"key":"Regen Potion"},{"floor":14,"key":"CultistPotion"},{"floor":18,"key":"Elixir"},{"floor":23,"key":"FearPotion"},{"floor":30,"key":"Fire Potion"},{"floor":31,"key":"SpeedPotion"},{"floor":39,"key":"Strength Potion"},{"floor":41,"key":"Swift Potion"},{"floor":43,"key":"SpeedPotion"},{"floor":44,"key":"Strength Potion"}],"is_trial":false,"path_per_floor":["M","?","$","M","?","R","$","R","T","R","E","M","E","M","R","B",null,"M","$","M","?","?","E","?","R","T","R","PTL","PTL","M","M","AVR","E","R","B",null,"M","M","M","$","M","E","?","E","T","$","E","?","R","M","R","B"],"character_chosen":"THE_SERVANT","items_purchased":["Barrier","Replay:Wax Seal","TimeWarp","Boot","Nunchaku","Letter Opener","Gouge"],"campfire_rested":0,"item_purchase_floors":[3,3,3,19,40,40,46],"current_hp_per_floor":[55,44,44,44,44,44,44,44,44,44,34,27,33,27,27,9,47,46,59,49,49,35,13,13,13,13,13,13,13,28,41,41,36,36,29,38,41,29,41,41,41,38,28,27,27,41,31,31,31,34,34,0,0],"gold":196,"neow_bonus":"ONE_RARE_RELIC","is_daily":false,"chose_seed":false,"campfire_upgraded":4,"win_rate":0.0,"timestamp":1608294990,"path_taken":["M","?","$","M","?","R","?","R","T","R","E","?","E","M","R","BOSS","M","$","M","?","?","E","?","R","T","R","PTL","PTL","M","M","AVR","E","R","BOSS","M","M","M","$","M","E","?","E","T","$","E","?","R","M","R","BOSS"],"items_purchased_type":["Card","Relic","Card","Relic","Relic","Relic","Card"],"build_version":"2020-12-13","purchased_purges":4,"victory":false,"max_hp_per_floor":[59,59,59,59,59,59,59,59,59,59,59,59,59,59,59,59,59,59,59,59,59,59,59,59,41,41,41,41,41,41,41,41,41,41,41,41,41,41,41,41,41,41,41,41,41,41,41,41,41,41,41,41,41],"card_choices":[{"not_picked":["Alleviate","TimeWarp"],"picked":"ShatteredReality","floor":1},{"not_picked":["Foresight","Advance"],"picked":"Potential","floor":4},{"not_picked":["Reset","Solidify"],"picked":"Starlight","floor":11},{"not_picked":["Defy","Hightail","Desolation"],"picked":"SKIP","floor":12},{"not_picked":["Barrier","ReturningBlade","Contraction"],"picked":"SKIP","floor":13},{"not_picked":["GearUp","Ricochet","Comet"],"picked":"SKIP","floor":14},{"not_picked":["SoulSculpture","PendulumOfEternity"],"picked":"Initiator","floor":16},{"not_picked":["Rearm","Spin"],"picked":"Potential","floor":18},{"not_picked":["Rewind","SurpressingFire","DoubleEdge"],"picked":"SKIP","floor":20},{"not_picked":["infinitespire:FutureSight","infinitespire:SealOfDarkness+"],"picked":"infinitespire:Starlight","floor":22},{"not_picked":["Ricochet","TrueSight","ShatteredReality"],"picked":"SKIP","floor":23},{"not_picked":["Rewind","Contraction"],"picked":"Advance","floor":30},{"not_picked":["Shuttle","BottledTime"],"picked":"Potential","floor":31},{"not_picked":["ShatteredReality","Defy","Starlight"],"picked":"SKIP","floor":33},{"not_picked":["KillingDoll","LightFlow"],"picked":"Sunlight","floor":35},{"not_picked":["Sadistic Nature","Chrysalis"],"picked":"Master of Strategy","floor":36},{"not_picked":["ReplayTheSpireMod:Trickstab","Transmutation"],"picked":"Apotheosis","floor":36},{"not_picked":["Rearm+1","Rewind+1"],"picked":"TimeWarp","floor":37},{"not_picked":["Rearm","Starlight"],"picked":"Alleviate","floor":38},{"not_picked":["DancingSilver+1","Orbit"],"picked":"Luminosity","floor":39},{"not_picked":["Shuttle+1","Unruled+1","StarChef"],"picked":"SKIP","floor":41},{"not_picked":["Spin","TimeTheft"],"picked":"Moondial","floor":42},{"not_picked":["TimeWarp","DoubleEdge+1"],"picked":"ShatteredReality+1","floor":43},{"not_picked":["Collapse+1","MoonPhase+1"],"picked":"Alleviate","floor":44},{"not_picked":["Alleviate+1","BestPractice"],"picked":"Rearm+1","floor":47},{"not_picked":["SpecialFormula+1","Rearm"],"picked":"Replace","floor":50}],"player_experience":180425,"relics_obtained":[{"floor":9,"key":"Centennial Puzzle"},{"floor":11,"key":"Replay:Multitool"},{"floor":13,"key":"Sundial"},{"floor":15,"key":"ReplayTheSpireMod:Ring of Exchange"},{"floor":15,"key":"Ring of Fangs"},{"floor":17,"key":"infinitespire:CheckeredPen"},{"floor":17,"key":"MealTicket"},{"floor":17,"key":"Gambling Chip"},{"floor":21,"key":"Ring of Fury"},{"floor":21,"key":"Ring of Greed"},{"floor":21,"key":"Blue Doll"},{"floor":21,"key":"Replay:Bandana"},{"floor":23,"key":"Gremlin Food"},{"floor":26,"key":"Lantern"},{"floor":27,"key":"Oddly Smooth Stone"},{"floor":33,"key":"ReplayTheSpireMod:TigerMarble"},{"floor":42,"key":"Calipers"},{"floor":43,"key":"Orichalcum"},{"floor":47,"key":"Replay:Mystery Machine"}],"event_choices":[{"damage_healed":0,"gold_gain":75,"player_choice":"Gather Gold","damage_taken":11,"max_hp_gain":0,"max_hp_loss":0,"event_name":"World of Goop","floor":2,"gold_loss":0},{"damage_healed":0,"gold_gain":0,"player_choice":"Became a vampire","damage_taken":0,"max_hp_gain":0,"max_hp_loss":18,"event_name":"Vampires","floor":25,"gold_loss":0,"cards_obtained":["Bite","Bite","Bite","Bite","Bite"]},{"cards_removed":["Bite"],"damage_healed":0,"gold_gain":0,"player_choice":"Removed Attack","damage_taken":0,"max_hp_gain":0,"max_hp_loss":0,"event_name":"Falling","floor":48,"gold_loss":0}],"is_beta":false,"boss_relics":[{"not_picked":["Ectoplasm","Tiny House"],"picked":"Calling Bell"},{"not_picked":["ReplayTheSpireMod:CursedCoin","Painkiller Herb"],"picked":"ReplayTheSpireMod:ShopPack"}],"items_purged_floors":[19,32,40,46],"is_endless":false,"potions_floor_spawned":[1,11,12,14,18,23,30,31,35,39,41,44,50],"killed_by":"LordOfAnnihilation","ascension_level":5}}