{"host":"a5y02gvi04tqovpl","time":1608273752,"event":{"mods":["Act Like it!","BaseMod","Better Third Choice","Colored Map","Downfall","Minty Spire (QoL Compilation)","StSLib"],"gold_per_floor":[99,99,134,134,134,73,99,4,29,29,45,57,207,199,220,330,330,255,255,255,255,255],"floor_reached":21,"playtime":1179,"items_purged":[],"score":206,"play_id":"79c4125f-38a2-4807-8469-c46bf233d7fc","local_time":"20201218171232","is_ascension_mode":false,"campfire_choices":[{"floor":1.0,"key":"RECALL"},{"data":"hexamod:GhostOfSpirePresent","floor":10,"key":"SMITH"},{"data":"hexamod:GhostOfSpirePresent","floor":18,"key":"SMITH"},{"data":"RitualDagger","floor":20,"key":"SMITH"}],"circlet_count":0,"master_deck":["hexamod:Strike","hexamod:Strike","hexamod:Strike","hexamod:Strike","hexamod:Defend","hexamod:Defend","hexamod:Defend","hexamod:Defend","hexamod:Sear","hexamod:Float","Meditate+1","hexamod:Incineration","hexamod:FirstSeal","hexamod:Hexaguard","hexamod:SpectersWail","hexamod:BurningTouch","hexamod:GhostOfSpirePresent+1","hexamod:PhantomFireball","hexamod:GhostOfSpirePresent+1","hexamod:HeatShield","Slimebound:Icky","hexamod:SecondSeal","hexamod:EmpoweringStance","RitualDagger+1"],"relics":["hexamod:SpiritBrand","downfall:HeartsMalice","hexamod:MatchstickCase","Question Card","Boot","InkBottle","Sozu","downfall:HeartBlessingRed"],"acts_visited":["Exordium","TheCity"],"potions_floor_usage":[],"damage_taken":[{"damage":0.0,"enemies":"Lagavulin","floor":3.0,"turns":1.0},{"damage":0,"enemies":"Small Slimes","floor":4,"turns":1},{"damage":0,"enemies":"2 Louse","floor":5,"turns":1},{"damage":0,"enemies":"downfall:FleeingMerchant","floor":6,"turns":4},{"damage":15,"enemies":"downfall:FleeingMerchant","floor":8,"turns":4},{"damage":20,"enemies":"Gremlin Nob","floor":9,"turns":4},{"damage":2,"enemies":"Jaw Worm","floor":11,"turns":4},{"damage":0,"enemies":"Large Slime","floor":12,"turns":5},{"damage":0,"enemies":"3 Louse","floor":15,"turns":4},{"damage":20,"enemies":"downfall:Watcher","floor":16,"turns":8},{"damage":64,"enemies":"downfall:Defect","floor":21,"turns":6}],"seed_played":"-3591477302879129451","potions_obtained":[{"floor":3,"key":"AttackPotion"},{"floor":9,"key":"FearPotion"},{"floor":12,"key":"Guardian:BlockOnCardUsePotion"}],"is_trial":false,"path_per_floor":["R","?","E","M","M","$","T","$","E","R","M","M","?","?","M","B",null,"R","?","R","?"],"character_chosen":"THE_SPIRIT","items_purchased":["hexamod:BurningTouch","hexamod:PhantomFireball"],"campfire_rested":0,"item_purchase_floors":[6,8],"current_hp_per_floor":[70,65,65,65,65,65,65,57,44,44,42,49,49,49,56,36,70,70,64,64,0,0],"gold":255,"neow_bonus":"THREE_ENEMY_KILL","is_daily":false,"chose_seed":false,"campfire_upgraded":3,"win_rate":0.0,"timestamp":1608273752,"path_taken":["R","?","E","M","M","$","T","$","E","R","M","M","?","?","M","BOSS","R","?","R","?"],"items_purchased_type":["Card","Card"],"build_version":"2020-12-13","purchased_purges":0,"victory":false,"max_hp_per_floor":[70,70,70,70,70,70,70,70,70,70,70,70,70,70,70,70,70,70,70,70,70,70],"card_choices":[{"not_picked":["hexamod:ThirdSeal","hexamod:BacktrackSmack"],"picked":"hexamod:Incineration","floor":3},{"not_picked":["hexamod:Firestarter","hexamod:ThermalTransfer","hexamod:GhostLash"],"picked":"hexamod:FirstSeal","floor":4},{"not_picked":["hexamod:InspiringFlames","hexamod:GhostflameBarrier","hexamod:FastForward"],"picked":"hexamod:Hexaguard","floor":5},{"not_picked":["hexamod:Firestarter","hexamod:NightmareGuise","hexamod:PhantomCloak"],"picked":"hexamod:SpectersWail","floor":6},{"not_picked":["hexamod:Firestarter","hexamod:RainOfEmbers","hexamod:HeatMetal"],"picked":"hexamod:GhostOfSpirePresent","floor":8},{"not_picked":["hexamod:Hexaguard","hexamod:ShieldOfDarkness","hexamod:GhostShield"],"picked":"hexamod:GhostOfSpirePresent","floor":9},{"not_picked":["hexamod:TimeOfNeed","hexamod:HeatCrush","hexamod:BacktrackSmack"],"picked":"hexamod:HeatShield","floor":11},{"not_picked":["hexamod:ThermalTransfer","hexamod:Incineration","hexamod:HauntingEcho","hexamod:EtherealExpedition"],"picked":"SKIP","floor":12},{"not_picked":["hexamod:Firestarter","hexamod:BacktrackSmack","hexamod:FirstSeal","hexamod:GhostLash"],"picked":"SKIP","floor":15},{"not_picked":["hexamod:HexaLevel","hexamod:TimeWarp","hexamod:TurnItUp"],"picked":"hexamod:EmpoweringStance","floor":16}],"player_experience":13616,"relics_obtained":[{"floor":3,"key":"Question Card"},{"floor":7,"key":"Boot"},{"floor":9,"key":"InkBottle"}],"event_choices":[],"is_beta":false,"boss_relics":[{"not_picked":["SlaversCollar","Busted Crown"],"picked":"Sozu"}],"items_purged_floors":[],"is_endless":false,"potions_floor_spawned":[3,9,12,15,16],"killed_by":"downfall:Defect","ascension_level":0}}