{"host":"o1wkfo8ppvrprpet","time":1608264270,"event":{"mods":["Aspiration","Astrologer","BaseMod","CapriCore","Colored Powertips","Koishi","Minty Spire (QoL Compilation)","Replay The Spire","RumiaBox-露米娅的神秘盒子","Spicy Shops","StSLib","The Administrix","The Gatherer","The Immortal","Waifu the Spire","【东方二次创作】八云紫mod"],"gold_per_floor":[135,145,164,174,174,174,201,201,274,239,250,280,37,51,51,153,153,163,163,173,98,114,144,144,342,342,358,358,358,358,389,389,492,492,503,514,44,55,65,90,105,105,132,143,177,177,188,203,203,203],"floor_reached":51,"playtime":5454,"items_purged":["AT_purpleEX","AT_purpleEX","Heel Hook"],"score":700,"play_id":"8ba66827-dbc3-4d63-becd-681f1ca7b3c7","local_time":"20201218120430","is_ascension_mode":true,"campfire_choices":[{"data":"Fantasy_PerpetualMotionMachine_purple","floor":6.0,"key":"SMITH"},{"data":"OmniscientAndOmnipotent_Monster_purple","floor":8.0,"key":"SMITH"},{"data":"RuleDissolution_purple","floor":15.0,"key":"SMITH"},{"data":"ContainerChange_purple","floor":24.0,"key":"SMITH"},{"data":"Line_surface_state_purple","floor":29.0,"key":"SMITH"},{"floor":32,"key":"REST"},{"data":"WatchEChange_purple","floor":46,"key":"SMITH"},{"data":"PositiveMatter_Antimatter_Universe_purple","floor":49,"key":"SMITH"}],"circlet_count":0,"master_deck":["Defend_purpleEX","Defend_purpleEX","Defend_purpleEX","Observe_purple_1+1","Observe_purple_2+1","Fantasy_PerpetualMotionMachine_purple+1","OmniscientAndOmnipotent_Monster_purple+1","Line_surface_state_purple+1","Bait_HighSpeedFlying_purple","RuleDissolution_purple+1","ContainerChange_purple+1","Mirror_Drifter_purple","ReplayTheSpireMod:Tripwire","ProofOfUnderstanding_purple","DimensionStaggered_purple+1","Charmbait_purple","SharpContractionReality_purple+1","PositiveMatter_Antimatter_Universe_purple+1","Boundary_LifeAndDeath_purple","Worldmountain_purple","WatchEChange_purple+1","Worldmountain_purple+1"],"relics":["Boundary_crack","Memoryfragments_purpleEX","MagicDraw3","ReplayTheSpireMod:Shallot","Mummified Hand","Empty Cage","Gremlin Food","aspiration:AnachronicSnailShell","Painkiller Herb","Membership Card","Replay:Bottled Steam","Replay:Mystery Machine","Ccalipers","aspiration:ChemicalBlood","aspiration:HiddenCompartment"],"acts_visited":["Exordium","TheCity","TheBeyond"],"potions_floor_usage":[31,33,39],"damage_taken":[{"damage":0.0,"enemies":"Cultist","floor":1.0,"turns":4.0},{"damage":1.0,"enemies":"Jaw Worm","floor":2.0,"turns":4.0},{"damage":0.0,"enemies":"2 Louse","floor":3.0,"turns":2.0},{"damage":11.0,"enemies":"Exordium Wildlife","floor":4.0,"turns":5.0},{"damage":48.0,"enemies":"Gremlin Nob","floor":7.0,"turns":6.0},{"damage":2.0,"enemies":"Lots of Slimes","floor":11.0,"turns":4.0},{"damage":15.0,"enemies":"Lagavulin","floor":12.0,"turns":5.0},{"damage":0.0,"enemies":"Red Slaver","floor":14.0,"turns":2.0},{"damage":0.0,"enemies":"Slime Boss","floor":16.0,"turns":4.0},{"damage":0.0,"enemies":"Shell Parasite","floor":18.0,"turns":4.0},{"damage":0.0,"enemies":"2 Thieves","floor":20.0,"turns":3.0},{"damage":0.0,"enemies":"Sentry and Sphere","floor":22.0,"turns":4.0},{"damage":33.0,"enemies":"Book of Stabbing","floor":23.0,"turns":5.0},{"damage":8.0,"enemies":"Snecko","floor":27.0,"turns":5.0},{"damage":5,"enemies":"Shelled Parasite and Fungi","floor":31,"turns":4},{"damage":7,"enemies":"Automaton","floor":33,"turns":8},{"damage":1,"enemies":"3 Shapes","floor":35,"turns":4},{"damage":0,"enemies":"Orb Walker","floor":36,"turns":3},{"damage":0,"enemies":"Transient","floor":38,"turns":5},{"damage":6,"enemies":"Sphere and 2 Shapes","floor":39,"turns":3},{"damage":23,"enemies":"Nemesis","floor":40,"turns":4},{"damage":0,"enemies":"Writhing Mass","floor":41,"turns":3},{"damage":0,"enemies":"3 Darklings","floor":44,"turns":2},{"damage":0,"enemies":"R_Hoarder","floor":45,"turns":4},{"damage":0,"enemies":"Maw","floor":47,"turns":4},{"damage":0,"enemies":"Sphere and 2 Shapes","floor":48,"turns":1},{"damage":7,"enemies":"Replay:Hell Engine","floor":50,"turns":6}],"seed_played":"-3918551274166770356","potions_obtained":[{"floor":2.0,"key":"Strength Potion"},{"floor":4.0,"key":"Ancient Potion"},{"floor":14.0,"key":"Explosive Potion"},{"floor":16.0,"key":"Reflective Coating"},{"floor":20.0,"key":"ColorlessPotion"},{"floor":23.0,"key":"Adrenaline Potion"},{"floor":31,"key":"LiquidBronze"},{"floor":36,"key":"Strength Potion"},{"floor":39,"key":"SpeedPotion"}],"is_trial":false,"path_per_floor":["M","M","M","M","?","R","E","R","T","?","M","E","$","M","R","B",null,"M","?","M","?","M","E","R","?","T","M","?","R","?","M","R","B",null,"?","?","T","?","?","E","?","?","T","?","E","T","?","?","T","B",null],"character_chosen":"Youkari","items_purchased":["WatchEyeChange_purple","Membership Card","Replay:Bottled Steam","Replay:Mystery Machine"],"campfire_rested":1,"item_purchase_floors":[13,37,37,37],"current_hp_per_floor":[70,70,70,62,62,62,14,14,14,31,30,18,18,20,20,24,70,70,70,70,70,70,42,42,42,42,39,39,39,26,26,48,46,75,75,75,75,75,77,59,62,88,88,88,88,88,88,88,88,83],"gold":203,"neow_bonus":"UPGRADE_CARD","is_daily":false,"chose_seed":false,"campfire_upgraded":7,"win_rate":0.0,"timestamp":1608264270,"path_taken":["M","M","?","?","?","R","E","R","T","?","?","E","$","?","R","BOSS","M","?","M","?","M","E","R","?","T","M","?","R","?","?","R","BOSS","?","?","T","?","?","E","?","?","T","?","E","T","?","?","T","BOSS"],"items_purchased_type":["Card","Relic","Relic","Relic"],"build_version":"2020-12-13","purchased_purges":3,"victory":true,"max_hp_per_floor":[70,70,70,70,70,70,70,70,70,70,70,70,70,70,70,70,70,70,70,70,70,70,70,70,70,70,70,70,70,75,75,75,75,75,75,75,75,75,78,78,78,88,88,88,88,88,88,88,88,88],"card_choices":[{"not_picked":["AdvanceAttack_purple","Worldmountain_purple"],"picked":"Fantasy_PerpetualMotionMachine_purple","floor":1.0},{"not_picked":["Mirror_FormAndEmptin_purple","SharpContractionReality_purple"],"picked":"OmniscientAndOmnipotent_Monster_purple","floor":2.0},{"not_picked":["DimensionStaggered_purple","AdvanceAttack_purple"],"picked":"WeekHit_purple","floor":3.0},{"not_picked":["WasteWire_Metro_purple","RealityDreamConfluencek_purple","SharpContractionReality_purple"],"picked":"SKIP","floor":4.0},{"not_picked":["PositiveMatter_Antimatter_Universe_purple","SharpContractionReality_purple","RealityDreamConfluencek_purple"],"picked":"SKIP","floor":7.0},{"not_picked":["StateErode_purple","Realm_recovery_purpleEX"],"picked":"Line_surface_state_purple","floor":11.0},{"not_picked":["Boundary_LifeAndDeath_purple","SfantasyHide_purple"],"picked":"Bait_HighSpeedFlying_purple","floor":12.0},{"not_picked":["Erosivefilter_purple","SharpContractionReality_purple"],"picked":"RuleDissolution_purple","floor":14.0},{"not_picked":["BarrageBoundary_PipeDream_purple","UniverseChoice_purple"],"picked":"ContainerChange_purple","floor":16.0},{"not_picked":["OpenedBox_purple","OmniscientAndOmnipotent_Monster_purple+1"],"picked":"Mirror_Drifter_purple","floor":18.0},{"not_picked":["StateDuplicate_purple","RuleDissolution_purple","Realm_recovery_purpleEX+1"],"picked":"SKIP","floor":20.0},{"not_picked":["StateDuplicate_purple","MeetDecomposer_purple","Shallow_ocean_purpleEX"],"picked":"SKIP","floor":22.0},{"not_picked":["Anti_communist_purple","WingOfChimera_purple+1"],"picked":"ProofOfUnderstanding_purple","floor":23.0},{"not_picked":["ExistenceContinue_purple","Umbrella_purple"],"picked":"DimensionStaggered_purple+1","floor":25.0},{"not_picked":["Mirror_FourBoundary_purple","CommonSense_AntiCommonSense_purple","RuleDissolution_purple+1"],"picked":"SKIP","floor":27.0},{"not_picked":["DimensionStaggered_purple","Bait_Toxicbait_purple","Yakumo_Ran_purple"],"picked":"SKIP","floor":31},{"not_picked":["LoveAcrossDimensions_purple","Theboundaryofcreation_purpleEX"],"picked":"GluttonyofRealm_purpleEX","floor":33},{"not_picked":["RuleDissolution_purple+1","DarkRealmRedLine_purple+1"],"picked":"SharpContractionReality_purple+1","floor":35},{"not_picked":["Line_surface_state_purple+1","PositiveMatter_Antimatter_Universe_purple","ExistenceContinue_purple+1"],"picked":"SKIP","floor":36},{"not_picked":["Line_surface_state_purple+1","ExistenceContinue_purple+1"],"picked":"PositiveMatter_Antimatter_Universe_purple","floor":36},{"not_picked":["DimensionStaggered_purple","SharpContractionReality_purple"],"picked":"Boundary_LifeAndDeath_purple","floor":38},{"not_picked":["RuleDissolution_purple+1","DarkRealmRedLine_purple"],"picked":"Worldmountain_purple","floor":39},{"not_picked":["WeekHit_purple+1","Boundary_LightAndDark_purple","RuleDissolution_purple+1"],"picked":"SKIP","floor":40},{"not_picked":["PurpleNeedle_purple+1","Worldmountain_purple","StateErode_purple"],"picked":"SKIP","floor":41},{"not_picked":["Charmbait_purple","D_absorption_purple"],"picked":"WatchEChange_purple","floor":44},{"not_picked":["OmniscientAndOmnipotent_Monster_purple+1","Mirror_FormAndEmptin_purple"],"picked":"Worldmountain_purple+1","floor":45},{"not_picked":["ExistenceContinue_purple","MetroBOOM_purple","RuptureOfTimeAndSpace_purple+1"],"picked":"SKIP","floor":47},{"not_picked":["Charmbait_purple","Realm_recovery_purpleEX","RuptureOfTimeAndSpace_purple+1"],"picked":"SKIP","floor":48}],"player_experience":600716,"relics_obtained":[{"floor":7.0,"key":"MagicDraw3"},{"floor":9.0,"key":"ReplayTheSpireMod:Shallot"},{"floor":12.0,"key":"Mummified Hand"},{"floor":23.0,"key":"Gremlin Food"},{"floor":26.0,"key":"aspiration:AnachronicSnailShell"},{"floor":40,"key":"Ccalipers"},{"floor":43,"key":"aspiration:ChemicalBlood"},{"floor":45,"key":"aspiration:HiddenCompartment"}],"event_choices":[{"damage_healed":0.0,"max_hp_gain":0.0,"max_hp_loss":0.0,"gold_gain":0.0,"event_name":"Liars Game","player_choice":"Ignored","floor":5.0,"gold_loss":0.0,"damage_taken":0.0},{"damage_healed":17.0,"max_hp_gain":0.0,"max_hp_loss":0.0,"gold_gain":0.0,"event_name":"The Cleric","player_choice":"Healed","floor":10.0,"gold_loss":35.0,"damage_taken":0.0},{"cards_removed":["Strike_G"],"damage_healed":0.0,"max_hp_gain":0.0,"max_hp_loss":0.0,"gold_gain":0.0,"event_name":"Beggar","player_choice":"Gave Gold","floor":21.0,"gold_loss":75.0,"damage_taken":0.0},{"damage_healed":0.0,"max_hp_gain":0.0,"max_hp_loss":0.0,"gold_gain":0.0,"event_name":"The Library","player_choice":"Read","floor":28.0,"gold_loss":0.0,"damage_taken":0.0,"cards_obtained":["Charmbait_purple"]},{"damage_healed":0.0,"max_hp_gain":5.0,"max_hp_loss":0.0,"gold_gain":0.0,"event_name":"Forgotten Altar","player_choice":"Shed Blood","floor":30.0,"gold_loss":0.0,"damage_taken":18.0},{"cards_removed":["GluttonyofRealm_purpleEX"],"damage_healed":16,"gold_gain":0,"player_choice":"Offered Rare","damage_taken":0,"max_hp_gain":10,"max_hp_loss":0,"event_name":"Bonfire Elementals","floor":42,"gold_loss":0}],"is_beta":false,"boss_relics":[{"not_picked":["aspiration:SilentSkillbook","aspiration:RunicSpoon"],"picked":"Empty Cage"},{"not_picked":["Ring of Chaos","aspiration:DefectSkillbook"],"picked":"Painkiller Herb"}],"items_purged_floors":[13,13,37],"is_endless":false,"potions_floor_spawned":[2,4,14,16,20,23,31,36,39,45,47],"ascension_level":1}}