{"host":"684z1xpuwaoqmmh1","time":1608302950,"event":{"mods":["BaseMod","Downfall","Hermit","Jorbs\u0027s Wanderer Trilogy","Marisa????????","Minty Spire (QoL Compilation)","StSLib","The Hierophant","The Mystic"],"gold_per_floor":[99,130,146,156,156,156,181,106,135,135,135,45,58,58,71,176,176,176,211,211,228,228,628,628,653,578,612,192,209,209,209,227,322,322,247,247,267,295,295,305,305,316,316,348,623,623,230,309,326,326,326,359,55,55,55],"floor_reached":56,"playtime":2986,"items_purged":["champ:Defend","champ:Strike","Regret","Writhe"],"score":2002,"play_id":"c273335e-c705-439c-a9d8-72762ef49ee3","local_time":"20201218164910","is_ascension_mode":true,"campfire_choices":[{"data":"champ:Taunt","floor":1.0,"key":"SMITH"},{"floor":6.0,"key":"RECALL"},{"data":"champ:Encircle","floor":8.0,"key":"SMITH"},{"data":"champ:Backstep","floor":10.0,"key":"SMITH"},{"data":"champ:SteelEdge","floor":18.0,"key":"SMITH"},{"data":"champ:Haymaker","floor":20.0,"key":"SMITH"},{"data":"champ:Balance","floor":26.0,"key":"SMITH"},{"data":"champ:GutPunch","floor":35.0,"key":"SMITH"},{"data":"champ:FocusedDefense","floor":39.0,"key":"SMITH"},{"data":"champ:GutPunch","floor":43.0,"key":"SMITH"},{"data":"champ:AdrenalArmor","floor":54,"key":"SMITH"}],"circlet_count":0,"master_deck":["AscendersBane","champ:Strike+1","champ:Strike+1","champ:Defend","champ:Defend","champ:Defend","champ:Execute","champ:Taunt+1","champ:Haymaker+1","champ:Backstep+1","champ:Encircle+1","champ:ShieldWall+1","champ:SteelEdge+1","champ:Balance+1","champ:BringItOn","champ:LastStand+1","champ:DefensiveShout","champ:FanOfKnives","champ:FocusedDefense+1","champ:Circumvent","champ:EndlessRage+1","champ:GutPunch+1","Necronomicurse","champ:CrownThrow+1","champ:GutPunch+1","champ:FocusedBerserking+1","champ:GladiatorStyle+1","champ:ShieldWall+1","champ:Control+1","champ:RageSigil","champ:GutPunch","champ:DefensiveStyle+1","champ:AdrenalArmor+1"],"relics":["champ:ChampionCrown","Pantograph","Frozen Egg 2","Bronze Scales","downfall:HeartBlessingRed","Eternal Feather","Busted Crown","Mercury Hourglass","Old Coin","Singing Bowl","Pen Nib","downfall:HeartBlessingBlue","Blood Vial","Membership Card","Calipers","Art of War","Necronomicon","Philosopher\u0027s Stone","downfall:HeartBlessingGreen","HornCleat","Juzu Bracelet","Ancient Tea Set","ClockworkSouvenir","CaptainsWheel","Whetstone","Oddly Smooth Stone","OrangePellets","StrikeDummy","Gremlin Horn","War Paint"],"acts_visited":["Exordium","TheCity","TheBeyond","TheEnding"],"potions_floor_usage":[55,55],"damage_taken":[{"damage":27.0,"enemies":"3 Sentries","floor":2.0,"turns":10.0},{"damage":5.0,"enemies":"Jaw Worm","floor":3.0,"turns":3.0},{"damage":7.0,"enemies":"Small Slimes","floor":4.0,"turns":4.0},{"damage":24.0,"enemies":"Gremlin Nob","floor":9.0,"turns":4.0},{"damage":7.0,"enemies":"downfall:FleeingMerchant","floor":12.0,"turns":4.0},{"damage":3.0,"enemies":"2 Louse","floor":13.0,"turns":3.0},{"damage":13.0,"enemies":"Large Slime","floor":15.0,"turns":4.0},{"damage":40.0,"enemies":"downfall:Defect","floor":16.0,"turns":8.0},{"damage":35.0,"enemies":"Gremlin Leader","floor":19.0,"turns":8.0},{"damage":7.0,"enemies":"Chosen","floor":21.0,"turns":4.0},{"damage":25.0,"enemies":"downfall:CharBossIronclad","floor":23.0,"turns":5.0},{"damage":36.0,"enemies":"Slavers","floor":25.0,"turns":4.0},{"damage":22.0,"enemies":"Gremlin Leader","floor":27.0,"turns":6.0},{"damage":0.0,"enemies":"downfall:FleeingMerchant","floor":28.0,"turns":4.0},{"damage":12.0,"enemies":"Snake Plant","floor":29.0,"turns":3.0},{"damage":22.0,"enemies":"Shelled Parasite and Fungi","floor":32.0,"turns":5.0},{"damage":44.0,"enemies":"downfall:Silent","floor":33.0,"turns":7.0},{"damage":28.0,"enemies":"Orb Walker","floor":37.0,"turns":3.0},{"damage":35.0,"enemies":"Reptomancer","floor":38.0,"turns":7.0},{"damage":14.0,"enemies":"3 Darklings","floor":40.0,"turns":4.0},{"damage":46.0,"enemies":"Transient","floor":42.0,"turns":5.0},{"damage":38.0,"enemies":"Nemesis","floor":44.0,"turns":5.0},{"damage":6.0,"enemies":"downfall:FleeingMerchant","floor":47.0,"turns":4.0},{"damage":30.0,"enemies":"downfall:FleeingMerchant","floor":48.0,"turns":5.0},{"damage":23,"enemies":"Jaw Worm Horde","floor":49,"turns":3},{"damage":24,"enemies":"downfall:Ironclad","floor":50,"turns":6},{"damage":23,"enemies":"downfall:CharBossMerchant","floor":52,"turns":4},{"damage":89,"enemies":"downfall:NeowBoss","floor":55,"turns":20}],"seed_played":"-2600974543122004692","potions_obtained":[{"floor":0.0,"key":"Block Potion"},{"floor":0.0,"key":"Fire Potion"},{"floor":3.0,"key":"LiquidBronze"},{"floor":9.0,"key":"Explosive Potion"},{"floor":16.0,"key":"EssenceOfSteel"},{"floor":19.0,"key":"ColorlessPotion"},{"floor":22.0,"key":"CultistPotion"},{"floor":27.0,"key":"Guardian:BlockOnCardUsePotion"},{"floor":32.0,"key":"BlessingOfTheForge"},{"floor":38.0,"key":"LiquidBronze"}],"is_trial":false,"path_per_floor":["R","E","M","M","?","R","T","R","E","R","?","$","M","?","M","B",null,"R","E","R","M","?","?","T","E","R","E","$","M","?","?","M","B",null,"R","?","M","E","R","M","T","M","R","E","?","?","?","$","M","B",null,"E","$","R","B",null],"character_chosen":"THE_CHAMP","items_purchased":["Membership Card","champ:EndlessRage+1","Calipers","champ:GutPunch","ClockworkSouvenir","CaptainsWheel","champ:ShieldWall+1","Whetstone","Oddly Smooth Stone","OrangePellets","champ:Control","Gremlin Horn","champ:RageSigil","champ:GutPunch","War Paint","champ:DefensiveStyle+1","champ:AdrenalArmor"],"campfire_rested":0,"item_purchase_floors":[28,28,28,28,47,47,47,47,48,48,48,53,53,53,53,53,53],"current_hp_per_floor":[81,69,69,67,55,55,55,55,43,52,52,52,49,49,49,49,80,89,78,87,87,87,85,85,56,75,71,73,71,71,55,48,61,95,106,106,104,95,110,110,110,78,93,100,100,102,105,114,116,116,116,118,118,118,117],"gold":55,"neow_bonus":"THREE_SMALL_POTIONS","is_daily":false,"chose_seed":false,"campfire_upgraded":10,"win_rate":0.0,"timestamp":1608302950,"path_taken":["R","E","M","M","?","R","T","R","E","R","?","$","M","?","M","BOSS","R","E","R","M","?","?","T","E","R","E","$","M","?","?","M","BOSS","R","?","?","E","R","M","T","M","R","E","?","?","?","$","M","BOSS","E","$","R","BOSS"],"items_purchased_type":["Relic","Card","Relic","Card","Relic","Relic","Card","Relic","Relic","Relic","Card","Relic","Card","Card","Relic","Card","Card"],"build_version":"2020-12-13","purchased_purges":4,"victory":true,"max_hp_per_floor":[90,90,90,90,90,90,90,90,90,90,90,90,90,90,90,90,90,90,90,90,90,90,90,90,92,102,102,102,104,104,104,106,106,106,106,106,108,110,110,110,110,110,110,112,112,114,114,114,116,116,116,118,118,118,118],"card_choices":[{"not_picked":["champ:GladiatorsShout","champ:PerfectedStrike"],"picked":"champ:Haymaker","floor":2.0},{"not_picked":["champ:ShieldSigil","champ:CrookedStrike"],"picked":"champ:Backstep","floor":3.0},{"not_picked":["champ:BerserkersShout","champ:RageSigil"],"picked":"champ:Encircle","floor":4.0},{"not_picked":["champ:FightOn","champ:HeartStrike"],"picked":"champ:ShieldWall+1","floor":9.0},{"not_picked":["champ:GladiatorsShout","champ:SwordSigil"],"picked":"champ:SteelEdge","floor":12.0},{"not_picked":["champ:StanceDance","champ:BladeFlurry"],"picked":"champ:Balance","floor":13.0},{"not_picked":["champ:StanceDance","champ:CrookedStrike"],"picked":"champ:BringItOn","floor":15.0},{"not_picked":["champ:StrikeOfGenius+1","champ:SteelEdge"],"picked":"champ:LastStand+1","floor":16.0},{"not_picked":["champ:Encircle"],"picked":"SKIP","floor":19.0},{"not_picked":[],"picked":"champ:DefensiveShout","floor":21.0},{"not_picked":[],"picked":"champ:FanOfKnives","floor":23.0},{"not_picked":["champ:Encircle"],"picked":"Singing Bowl","floor":25.0},{"not_picked":[],"picked":"champ:FocusedDefense","floor":27.0},{"not_picked":[],"picked":"champ:Circumvent","floor":28.0},{"not_picked":["champ:ShieldSigil"],"picked":"Singing Bowl","floor":29.0},{"not_picked":["champ:Shatter"],"picked":"Singing Bowl","floor":32.0},{"not_picked":[],"picked":"champ:CrownThrow","floor":33.0},{"not_picked":["champ:PreciseThrust"],"picked":"Singing Bowl","floor":37.0},{"not_picked":["champ:BringItOn"],"picked":"Singing Bowl","floor":38.0},{"not_picked":[],"picked":"champ:GutPunch","floor":40.0},{"not_picked":[],"picked":"champ:FocusedBerserking","floor":42.0},{"not_picked":["champ:TornadoPunch"],"picked":"Singing Bowl","floor":44.0},{"not_picked":["expansioncontent:Hexaburn"],"picked":"Singing Bowl","floor":46.0},{"not_picked":[],"picked":"champ:GladiatorStyle+1","floor":47.0},{"not_picked":["champ:SkillfulDodge"],"picked":"Singing Bowl","floor":49},{"not_picked":["champ:BerserkersShout"],"picked":"Singing Bowl","floor":52}],"player_experience":2330285,"relics_obtained":[{"floor":2.0,"key":"Pantograph"},{"floor":7.0,"key":"Bronze Scales"},{"floor":9.0,"key":"Eternal Feather"},{"floor":19.0,"key":"Mercury Hourglass"},{"floor":23.0,"key":"Old Coin"},{"floor":23.0,"key":"Singing Bowl"},{"floor":25.0,"key":"Pen Nib"},{"floor":27.0,"key":"Blood Vial"},{"floor":31.0,"key":"Necronomicon"},{"floor":38.0,"key":"HornCleat"},{"floor":41.0,"key":"Juzu Bracelet"},{"floor":44.0,"key":"Ancient Tea Set"},{"floor":52,"key":"StrikeDummy"}],"event_choices":[{"damage_healed":0.0,"max_hp_gain":0.0,"max_hp_loss":0.0,"gold_gain":0.0,"event_name":"Scrap Ooze","player_choice":"Success","floor":5.0,"gold_loss":0.0,"damage_taken":12.0,"relics_obtained":["Frozen Egg 2"]},{"cards_removed":["champ:Strike"],"damage_healed":0.0,"max_hp_gain":0.0,"max_hp_loss":0.0,"gold_gain":0.0,"event_name":"The Cleric","player_choice":"Card Removal","floor":11.0,"gold_loss":0.0,"damage_taken":0.0},{"damage_healed":0.0,"max_hp_gain":0.0,"max_hp_loss":0.0,"gold_gain":0.0,"event_name":"Upgrade Shrine","player_choice":"Upgraded","floor":36.0,"gold_loss":0.0,"damage_taken":0.0,"cards_upgraded":["champ:CrownThrow"]}],"is_beta":false,"boss_relics":[{"not_picked":["Runic Pyramid","SacredBark"],"picked":"Busted Crown"},{"not_picked":["Astrolabe","Tiny House"],"picked":"Philosopher\u0027s Stone"}],"items_purged_floors":[12,28,47,48],"is_endless":false,"potions_floor_spawned":[3,9,13,15,16,19,27,32,38,42,44],"ascension_level":12}}