{"host":"agga6lej02o7kt08","time":1608321688,"event":{"mods":["Arknights The Spire","Aspiration","BaseMod","Better Third Choice","BetterRewards","Colored Map","Colored Powertips","Hubris","Minty Spire (QoL Compilation)","Replay The Spire","Spicy Shops","StSLib","¡¼?Úª?ø«¡½REMEMod"],"gold_per_floor":[111,111,111,159,121,251,264,274,353,388,263,263,289,299,299,395,395,412,327,327,327,327,327,327,327,357,357,357,368,394,394,413,448,448,548,548,559,559,559,572,247,272,272,299,323,339,351,385,400,430,430,430,430,430,530,555,555],"floor_reached":58,"playtime":2624,"items_purged":["REME_Flogging+1","Defend_G","Defend_G","Defend_G","Backflip","Strike_G"],"score":2135,"play_id":"ffda5341-e3f6-4a02-9db7-9fc4196e24d9","local_time":"20201219050128","is_ascension_mode":true,"campfire_choices":[{"data":"Cloak And Dagger","floor":12,"key":"SMITH"},{"data":"Cloak And Dagger","floor":15,"key":"SMITH"},{"floor":25,"key":"RECALL"},{"data":"Blade Dance","floor":27,"key":"SMITH"},{"data":"Strike_G","floor":31,"key":"PURGE"},{"data":"Strike_G","floor":34,"key":"PURGE"},{"data":"Blade Dance","floor":43,"key":"SMITH"},{"data":"Strike_G","floor":51,"key":"PURGE"},{"data":"Finisher","floor":54,"key":"SMITH"}],"circlet_count":0,"master_deck":["REME_Flogging+1","Survivor","Neutralize","REME_FirmDetermination+1","Cloak And Dagger+1","Blade Dance+1","Adrenaline","Cloak And Dagger+1","Blade Dance+1","Finisher+1","Cloak And Dagger+1","Footwork+1","After Image+1","Accuracy+1"],"relics":["Ring of the Snake","REME_ComplimentaryCards","Frozen Egg 2","Replay:PocketPolymizer","StoneCalendar","Boot","hubris:Icosahedron","Prayer Wheel","Replay:Bottled Flurry","Bag of Marbles","SacredBark","Replay:Multitool","aspiration:RitualStick","Gremlin Food","Golden Egg","Blue Candle","Lizard Tail","Empty Cage","hubris:SphereOfDissonance","Turnip","Regal Pillow","Replay:Wax Seal","aspiration:Lifesprig","hubris:NiceRug","Membership Card","Incense Burner","Bottled Lightning","hubris:Reverence","Tingsha"],"acts_visited":["Exordium","TheCity","TheBeyond","TheEnding"],"potions_floor_usage":[5,10,16,35,57,57,57],"damage_taken":[{"damage":0.0,"enemies":"Jaw Worm","floor":1.0,"turns":2.0},{"damage":0,"enemies":"Small Slimes","floor":5,"turns":5},{"damage":5,"enemies":"Gremlin Nob","floor":6,"turns":3},{"damage":0,"enemies":"Cultist","floor":7,"turns":2},{"damage":0,"enemies":"3 Louse","floor":8,"turns":3},{"damage":0,"enemies":"Replay:BlueRogue","floor":10,"turns":3},{"damage":0,"enemies":"3 Sentries","floor":13,"turns":4},{"damage":0,"enemies":"Large Slime","floor":14,"turns":1},{"damage":0,"enemies":"Slime Boss","floor":16,"turns":2},{"damage":0,"enemies":"Chosen","floor":18,"turns":2},{"damage":0,"enemies":"Book of Stabbing","floor":26,"turns":3},{"damage":0,"enemies":"2 Thieves","floor":29,"turns":2},{"damage":0,"enemies":"Replay:Snechameleon","floor":30,"turns":2},{"damage":0,"enemies":"Snake Plant","floor":32,"turns":3},{"damage":2,"enemies":"Book of Stabbing","floor":33,"turns":2},{"damage":0,"enemies":"Pondfish","floor":35,"turns":6},{"damage":0,"enemies":"Orb Walker","floor":37,"turns":1},{"damage":0,"enemies":"3 Darklings","floor":40,"turns":2},{"damage":8,"enemies":"R_Hoarder","floor":42,"turns":4},{"damage":0,"enemies":"Reptomancer","floor":44,"turns":2},{"damage":0,"enemies":"Sphere and 2 Shapes","floor":46,"turns":1},{"damage":0,"enemies":"Transient","floor":47,"turns":3},{"damage":4,"enemies":"R_Hoarder","floor":48,"turns":4},{"damage":0,"enemies":"Writhing Mass","floor":49,"turns":1},{"damage":0,"enemies":"Nemesis","floor":50,"turns":4},{"damage":0,"enemies":"Time Eater","floor":52,"turns":7},{"damage":0,"enemies":"hubris:Merchant","floor":55,"turns":3},{"damage":0,"enemies":"Shield and Spear","floor":56,"turns":2},{"damage":21,"enemies":"The Heart","floor":57,"turns":5}],"seed_played":"635320880319696515","potions_obtained":[{"floor":4,"key":"Adrenaline Potion"},{"floor":4,"key":"Strength Potion"},{"floor":5,"key":"Elixir"},{"floor":13,"key":"Flashbang"},{"floor":16,"key":"Poison Potion"},{"floor":18,"key":"Toxic Potion"},{"floor":35,"key":"FearPotion"},{"floor":55,"key":"Venom Potion"}],"is_trial":false,"path_per_floor":["M","?","?","?","M","E","M","M","T","E","$","R","E","M","R","B",null,"M","?","?","?","?","PTL","PTL","R","E","R","T","M","E","R","M","E","R","B",null,"M","?","?","M","$","E","R","E","T","M","M","E","M","E","R","B",null,"R","$","E","B",null],"character_chosen":"THE_SILENT","items_purchased":["Frozen Egg 2","REME_FirmDetermination+1","Boot","Swift Potion"],"campfire_rested":0,"item_purchase_floors":[0,0,0,0],"current_hp_per_floor":[29,29,32,32,32,27,27,27,27,27,27,27,27,27,27,27,73,73,73,57,57,42,42,42,42,42,42,42,42,42,42,42,40,40,40,73,73,73,73,73,73,65,65,65,65,65,65,61,61,61,61,61,73,73,73,73,52],"gold":555,"neow_bonus":"","is_daily":false,"chose_seed":false,"campfire_upgraded":5,"win_rate":0.0,"timestamp":1608321688,"path_taken":["M","?","?","?","?","E","M","M","T","E","?","R","E","M","R","BOSS","M","?","?","?","?","PTL","PTL","R","E","R","T","M","E","R","M","E","R","BOSS","M","?","?","M","$","E","R","E","T","M","M","E","?","E","R","BOSS","R","$","E","BOSS"],"items_purchased_type":["Relic","Card","Relic","Potion"],"build_version":"2020-12-13","purchased_purges":6,"victory":true,"max_hp_per_floor":[70,70,73,73,73,73,73,73,73,73,73,73,73,73,73,73,73,73,73,73,73,73,73,73,73,73,73,73,73,73,73,73,73,73,73,73,73,73,73,73,73,73,73,73,73,73,73,73,73,73,73,73,73,73,73,73,73],"card_choices":[{"not_picked":["Catalyst","Acrobatics","Poisoned Stab"],"picked":"SKIP","floor":1.0},{"not_picked":["Masterful Stab","Deflect","Dodge and Roll"],"picked":"SKIP","floor":5},{"not_picked":["Crippling Poison","Outmaneuver","Fluid Movement+1"],"picked":"SKIP","floor":5},{"not_picked":["Flying Knee","ReplayTheSpireMod:Tripwire"],"picked":"Poison Darts","floor":6},{"not_picked":["Tactician","Flying Knee"],"picked":"Backflip","floor":7},{"not_picked":["Dodge and Roll","Acrobatics","Flying Knee"],"picked":"SKIP","floor":7},{"not_picked":["Quick Slash","Underhanded Strike"],"picked":"Cloak And Dagger","floor":8},{"not_picked":["Dodge and Roll","Prepared","REME_GrazeFinale"],"picked":"SKIP","floor":8},{"not_picked":["Predator","Poisoned Stab","PiercingWail"],"picked":"SKIP","floor":10},{"not_picked":["Deadly Poison","Escape Plan"],"picked":"Blade Dance","floor":13},{"not_picked":["Bane","Dodge and Roll"],"picked":"Adrenaline","floor":14},{"not_picked":["Backflip","Deadly Poison"],"picked":"Cloak And Dagger","floor":14},{"not_picked":["Backflip","Dodge and Roll"],"picked":"Blade Dance","floor":18},{"not_picked":["Dodge and Roll","Slice","Blur"],"picked":"SKIP","floor":18},{"not_picked":["Flying Knee","Skewer","Predator"],"picked":"SKIP","floor":26},{"not_picked":["Deflect","Dagger Spray","Hidden Blade"],"picked":"SKIP","floor":29},{"not_picked":["Skewer","Backflip","Dagger Throw"],"picked":"SKIP","floor":29},{"not_picked":["PiercingWail","Replay:Poison Smokescreen","Wraith Form v2+1"],"picked":"SKIP","floor":30},{"not_picked":["PiercingWail","Replay:Poison Smokescreen","Wraith Form v2+1"],"picked":"SKIP","floor":30},{"not_picked":["Cloak And Dagger+1","Endless Agony+1"],"picked":"Finisher","floor":32},{"not_picked":["Dagger Spray","Deflect","hubris:Sniper+1"],"picked":"SKIP","floor":32},{"not_picked":["Poison Darts","Sucker Punch","Outmaneuver+1"],"picked":"SKIP","floor":33},{"not_picked":["Poisoned Stab","Outmaneuver+1","Backflip+1"],"picked":"SKIP","floor":37},{"not_picked":["Poisoned Stab","Dagger Spray","Dodge and Roll"],"picked":"SKIP","floor":37},{"not_picked":["ReplayTheSpireMod:The Works+1","Backflip"],"picked":"Cloak And Dagger+1","floor":40},{"not_picked":["Acrobatics","Bouncing Flask+1"],"picked":"Footwork+1","floor":40},{"not_picked":["Backflip","Expertise","Footwork+1"],"picked":"SKIP","floor":42},{"not_picked":["Backflip","Expertise","Footwork+1"],"picked":"SKIP","floor":42},{"not_picked":["REME_SpectralBlade","Dash","Flying Knee"],"picked":"SKIP","floor":44},{"not_picked":["Cloak And Dagger","Toxin Wave+1","Poisoned Stab+1"],"picked":"SKIP","floor":46},{"not_picked":["hubris:TrickCloak+1","Flying Knee","Backflip+1"],"picked":"SKIP","floor":46},{"not_picked":["Toxin Wave+1","Deadly Poison"],"picked":"After Image+1","floor":47},{"not_picked":["Deflect+1","Backflip","ReplayTheSpireMod:Tripwire"],"picked":"SKIP","floor":47},{"not_picked":["Flying Knee","Cloak And Dagger+1","Acrobatics+1"],"picked":"SKIP","floor":48},{"not_picked":["Cloak And Dagger","Bane+1","Sucker Punch"],"picked":"SKIP","floor":49},{"not_picked":["Dagger Throw+1","Bane","hubris:SlightOfHand"],"picked":"SKIP","floor":49},{"not_picked":["Eviscerate+1","Toxin Wave+1","Finisher+1"],"picked":"SKIP","floor":50},{"not_picked":[],"picked":"Accuracy+1","floor":55},{"not_picked":["Backstab"],"picked":"SKIP","floor":55},{"not_picked":["Underhanded Strike"],"picked":"SKIP","floor":55},{"not_picked":["Sneak Up"],"picked":"SKIP","floor":55},{"not_picked":["Malaise"],"picked":"SKIP","floor":55},{"not_picked":["Forethought"],"picked":"SKIP","floor":55},{"not_picked":["Poisoned Strike"],"picked":"SKIP","floor":55},{"not_picked":["Prepared+1","Underhanded Strike+1","Poisoned Stab"],"picked":"SKIP","floor":56}],"player_experience":798420,"relics_obtained":[{"floor":6,"key":"Replay:Bottled Flurry"},{"floor":10,"key":"Bag of Marbles"},{"floor":26,"key":"Gremlin Food"},{"floor":28,"key":"Golden Egg"},{"floor":30,"key":"Blue Candle"},{"floor":33,"key":"Lizard Tail"},{"floor":42,"key":"hubris:SphereOfDissonance"},{"floor":44,"key":"Turnip"},{"floor":45,"key":"Regal Pillow"},{"floor":48,"key":"Replay:Wax Seal"},{"floor":50,"key":"aspiration:Lifesprig"},{"floor":55,"key":"Membership Card"},{"floor":55,"key":"Incense Burner"},{"floor":55,"key":"Bottled Lightning"},{"floor":55,"key":"hubris:Reverence"},{"floor":56,"key":"Tingsha"}],"event_choices":[{"damage_healed":0,"gold_gain":0,"player_choice":"Obtained Relic","damage_taken":0,"relics_obtained":["Replay:Multitool"],"max_hp_gain":0,"max_hp_loss":0,"event_name":"Addict","floor":19,"gold_loss":85},{"damage_healed":0,"gold_gain":0,"player_choice":"Obtained Book","damage_taken":16,"max_hp_gain":0,"max_hp_loss":0,"event_name":"Cursed Tome","floor":20,"gold_loss":0},{"damage_healed":0,"gold_gain":0,"player_choice":"Ignored","damage_taken":0,"max_hp_gain":0,"max_hp_loss":0,"event_name":"Vampires","floor":21,"gold_loss":0},{"damage_healed":0,"gold_gain":0,"player_choice":"Ignored","damage_taken":0,"max_hp_gain":0,"max_hp_loss":0,"event_name":"Tomb of Lord Red Mask","floor":38,"gold_loss":0},{"cards_removed":["Defend_G"],"damage_healed":0,"gold_gain":0,"player_choice":"Purged","damage_taken":0,"max_hp_gain":0,"max_hp_loss":0,"event_name":"Purifier","floor":39,"gold_loss":0}],"is_beta":false,"boss_relics":[{"not_picked":["Velvet Choker","Replay:Grab Bag"],"picked":"SacredBark"},{"not_picked":["Cursed Key","aspiration:RitualDagger"],"picked":"Empty Cage"}],"items_purged_floors":[0,0,11,41,41,55],"is_endless":false,"potions_floor_spawned":[5,8,13,14,16,18,29,32,35,37,44,46,49,56],"ascension_level":1}}