{"host":"15ff3ltgpietarej","time":1608268387,"event":{"mods":["BaseMod","Downfall","Highlight Path","Minty Spire (QoL Compilation)","StSLib"],"gold_per_floor":[99,99,125,183,216,141,141,141,73,101,126,157,187,212,240,348,360,372,13,26,11,27,52,75,0,0,0],"floor_reached":26,"playtime":1150,"items_purged":["Slimebound:Strike_Slimebound"],"score":431,"play_id":"a60fc094-1642-431c-bce9-7495069b4686","local_time":"20201218061307","is_ascension_mode":true,"campfire_choices":[{"floor":1,"key":"RECALL"},{"data":"Slimebound:Split","floor":6,"key":"SMITH"},{"floor":18,"key":"DIG"},{"floor":25,"key":"DIG"}],"circlet_count":0,"master_deck":["Slimebound:Strike_Slimebound","Slimebound:Tackle+1","Slimebound:Defend_Slimebound","Slimebound:Defend_Slimebound","Slimebound:Defend_Slimebound","Slimebound:Defend_Slimebound","Slimebound:Split+1","Slimebound:CorrosiveSpit","Slimebound:MinionMaster+1","Slimebound:Schlurp","Slimebound:SlimeSpikes","Slimebound:MassFeed","Slimebound:SlimeSpikes+1","Slimebound:GoopSpray+1","Slimebound:SplitSpecialist+1","Slimebound:SplitMire+1","Slimebound:SlimeTap+1","Slimebound:TagTeam+1","Slimebound:TagTeam","Slimebound:MinionMaster+1","Slimebound:SplitAcid+1","Slimebound:SplitBruiser+1"],"relics":["Slimebound:AbsorbEndCombat","downfall:HeartsMalice","Lizard Tail","Frozen Egg 2","Unceasing Top","Shovel","downfall:HeartBlessingRed","Toxic Egg 2","MawBank","Fusion Hammer","Regal Pillow","Whetstone","downfall:HeartBlessingBlue","Anchor"],"acts_visited":["Exordium","TheCity"],"potions_floor_usage":[9,16,16,23,26],"damage_taken":[{"damage":0,"enemies":"3 Sentries","floor":3,"turns":1},{"damage":0,"enemies":"Gremlin Nob","floor":4,"turns":1},{"damage":0,"enemies":"Gremlin Nob","floor":5,"turns":1},{"damage":8,"enemies":"downfall:FleeingMerchant","floor":9,"turns":4},{"damage":30,"enemies":"Lagavulin","floor":10,"turns":9},{"damage":10,"enemies":"Jaw Worm","floor":11,"turns":4},{"damage":19,"enemies":"2 Louse","floor":12,"turns":3},{"damage":12,"enemies":"Small Slimes","floor":13,"turns":3},{"damage":28,"enemies":"Blue Slaver","floor":14,"turns":3},{"damage":32,"enemies":"Exordium Thugs","floor":15,"turns":6},{"damage":16,"enemies":"downfall:Ironclad","floor":16,"turns":9},{"damage":24,"enemies":"downfall:FleeingMerchant","floor":19,"turns":4},{"damage":32,"enemies":"Spheric Guardian","floor":20,"turns":4},{"damage":16,"enemies":"downfall:FleeingMerchant","floor":21,"turns":4},{"damage":15,"enemies":"Chosen","floor":22,"turns":3},{"damage":41,"enemies":"Book of Stabbing","floor":23,"turns":4},{"damage":58,"enemies":"Slavers","floor":26,"turns":4}],"seed_played":"2894125585161648693","potions_obtained":[{"floor":3,"key":"Slimebound:SpawnSlimePotion"},{"floor":13,"key":"Regen Potion"},{"floor":14,"key":"Slimebound:SlimyTonguePotion"},{"floor":20,"key":"AttackPotion"},{"floor":22,"key":"Fire Potion"}],"is_trial":false,"path_per_floor":["R","?","E","?","E","R","T","?","$","E","M","M","M","M","M","B",null,"R","$","M","$","M","E","T","R","E"],"character_chosen":"SLIMEBOUND","items_purchased":["Slimebound:SlimeSpikes+1","Slimebound:TagTeam","Slimebound:MinionMaster+1"],"campfire_rested":0,"item_purchase_floors":[9,19,19],"current_hp_per_floor":[60,53,53,53,53,53,53,53,59,41,46,39,41,30,54,72,72,72,68,52,60,61,44,44,54,0,0],"gold":0,"neow_bonus":"THREE_ENEMY_KILL","is_daily":false,"chose_seed":false,"campfire_upgraded":1,"win_rate":0.0,"timestamp":1608268387,"path_taken":["R","?","E","?","E","R","T","?","?","E","M","M","?","M","M","BOSS","R","$","M","$","M","E","T","R","E"],"items_purchased_type":["Card","Card","Card"],"build_version":"2020-12-13","purchased_purges":1,"victory":false,"max_hp_per_floor":[60,60,60,60,60,60,60,60,60,60,63,63,63,66,69,72,72,72,72,72,72,72,72,72,82,82,82],"card_choices":[{"not_picked":["Slimebound:SplitBruiser","Slimebound:Dissolve"],"picked":"Slimebound:MinionMaster+1","floor":3},{"not_picked":["Slimebound:GrowthPunch","Slimebound:Gluttony+1"],"picked":"Slimebound:Schlurp","floor":4},{"not_picked":["Slimebound:FinishingTackle","Slimebound:TongueLash"],"picked":"Slimebound:SlimeSpikes","floor":5},{"not_picked":["Slimebound:ComboTackle","Slimebound:Equalize"],"picked":"Slimebound:MassFeed","floor":9},{"not_picked":["Slimebound:ViciousTackle","Slimebound:MegaLick+1"],"picked":"Slimebound:GoopSpray+1","floor":10},{"not_picked":["Slimebound:LeechEnergy","Slimebound:FlameTackle"],"picked":"Slimebound:SplitSpecialist+1","floor":11},{"not_picked":["Slimebound:DivideAndConquer+1","Slimebound:Dissolve+1","Slimebound:ItLooksTasty"],"picked":"SKIP","floor":12},{"not_picked":["Slimebound:LevelUp+1","Slimebound:SlimeSpikes+1"],"picked":"Slimebound:SplitMire+1","floor":13},{"not_picked":["Slimebound:Schlurp+1","Slimebound:Recollect+1","Slimebound:FinishingTackle"],"picked":"SKIP","floor":14},{"not_picked":["Slimebound:Equalize","Slimebound:FinishingTackle"],"picked":"Slimebound:SlimeTap+1","floor":15},{"not_picked":["Slimebound:SelfFormingGoo+1","Slimebound:SlimeSlap"],"picked":"Slimebound:TagTeam","floor":16},{"not_picked":["Slimebound:Repurpose+1","Slimebound:RollThrough","Slimebound:SpikyOuterGoop+1"],"picked":"SKIP","floor":19},{"not_picked":["Slimebound:ComboTackle","Slimebound:Chomp","Slimebound:RollThrough+1"],"picked":"SKIP","floor":20},{"not_picked":["Slimebound:Schlurp+1","Slimebound:RainOfGoop+1"],"picked":"Slimebound:SplitAcid+1","floor":21},{"not_picked":["Slimebound:ItLooksTasty","Slimebound:RollThrough","Slimebound:SlimeTap+1"],"picked":"SKIP","floor":22},{"not_picked":["Slimebound:TongueLash","Slimebound:LevelUp+1"],"picked":"Slimebound:SplitBruiser+1","floor":23}],"player_experience":394625,"relics_obtained":[{"floor":3,"key":"Frozen Egg 2"},{"floor":5,"key":"Shovel"},{"floor":7,"key":"Toxic Egg 2"},{"floor":10,"key":"MawBank"},{"floor":18,"key":"Regal Pillow"},{"floor":23,"key":"Whetstone"},{"floor":25,"key":"Anchor"}],"event_choices":[{"damage_healed":0,"gold_gain":0,"player_choice":"Success","damage_taken":7,"relics_obtained":["Lizard Tail"],"max_hp_gain":0,"max_hp_loss":0,"event_name":"Scrap Ooze","floor":2,"gold_loss":0}],"is_beta":false,"boss_relics":[{"not_picked":["SacredBark","Slimebound:AbsorbEndCombatUpgraded"],"picked":"Fusion Hammer"}],"items_purged_floors":[19],"is_endless":false,"potions_floor_spawned":[3,13,14,20,22],"killed_by":"Slavers","ascension_level":2}}