{"host":"l3hv6ps9z6xmpxdg","time":1608329969,"event":{"mods":["AchievementEnabler","Act Like it!","BaseMod","Beaked The Cultist","Better Altar","Better Third Choice","BetterRewards","Card Forge","Colored Map","Conspire","Downfall","Hallownest","Hermit","Hubris","Infinite Spire","Lobotomy","Minty Spire (QoL Compilation)","Rare Cards Sparkle","Replay The Spire","Spicy Shops","Spikes Relics","StSLib","The Bug Knight","The Hierophant"],"gold_per_floor":[119,119,131,150,161,161,192,242,268,288,338,371,371,403,403,508,508,518,568,75,125,45,45,65,65,65,182,194,226,276,251,251,348,348,359,15,32,82,232,232,258,258,258,326,376,426,442,468,468,468],"floor_reached":51,"playtime":2493,"items_purged":["Strike_R","Defend_R","Abandon","Feel No Pain"],"score":970,"play_id":"1fdd1a5d-877d-4f89-9f95-67b7ce9f1fe3","local_time":"20201218171929","is_ascension_mode":true,"campfire_choices":[{"data":"ReplayTheSpireMod:Brewmster","floor":6,"key":"SMITH"},{"floor":13,"key":"REST"},{"data":"Inflame","floor":15,"key":"SMITH"},{"floor":23,"key":"REST"},{"data":"Metallicize","floor":25,"key":"SMITH"},{"data":"Spot Weakness","floor":32,"key":"SMITH"},{"floor":40,"key":"REST"},{"floor":42,"key":"REST"},{"floor":49,"key":"REST"}],"circlet_count":0,"master_deck":["Bash","ReplayTheSpireMod:Brewmster+1","Shrug It Off","Blood for Blood","Clothesline","Flex","Dual Wield+1","Inflame+1","CurseOfTheBell","Metallicize","Metallicize+1","Spot Weakness+1","Demon Form","Ghostly Armor","Sword Boomerang","Armaments","Shrug It Off+1","Shrug It Off+1"],"relics":["Burning Blood","Hammer of Thor","Seething Fire","Anvil of the Gods","SsserpentHead","ReplayTheSpireMod:TigerMarble","ShockBauble","Blue Doll","Calling Bell","Strawberry","Calipers","The Courier","hubris:Icosahedron","ReplayTheSpireMod:ShopPack","Blood Vial","hubris:Potato","Replay:Baseball","King of Hearts","Pandora\u0027s Box","conspire:TreasureMap","Charon\u0027s Ashes","GiantMaggot","hubris:SphereOfDissonance","RollingBoulder"],"acts_visited":["Exordium","TheCity","TheBeyond"],"potions_floor_usage":[3,4,7,7,7,7,7,10,10,12,12,14,14,16,16,16,16,16,16,18,18,18,24,24,24,27,27,27,28,29,29,29,29,33,33,33,33,33,33,33,35,35,37,37,37,37,37,41,41,44,44,47,47,47,48,48,48,48,50,50,50,50,50],"damage_taken":[{"damage":8,"enemies":"Jaw Worm","floor":1,"turns":4},{"damage":6,"enemies":"Cultist","floor":3,"turns":4},{"damage":1,"enemies":"Small Slimes","floor":4,"turns":5},{"damage":8,"enemies":"2 Fungi Beasts","floor":5,"turns":4},{"damage":19,"enemies":"Replay:BlueRogue","floor":7,"turns":6},{"damage":6,"enemies":"conspire:2 RoseBushes","floor":10,"turns":7},{"damage":24,"enemies":"Gremlin Nob","floor":12,"turns":4},{"damage":20,"enemies":"Replay:BlueRogue","floor":14,"turns":5},{"damage":37,"enemies":"The Guardian","floor":16,"turns":9},{"damage":22,"enemies":"Spheric Guardian","floor":18,"turns":5},{"damage":6,"enemies":"Shell Parasite","floor":24,"turns":7},{"damage":12,"enemies":"Snake Plant","floor":27,"turns":5},{"damage":8,"enemies":"Snecko","floor":28,"turns":6},{"damage":13,"enemies":"conspire:SneckoGhost","floor":29,"turns":9},{"damage":49,"enemies":"Automaton","floor":33,"turns":11},{"damage":21,"enemies":"Orb Walker","floor":35,"turns":4},{"damage":33,"enemies":"3 Darklings","floor":37,"turns":6},{"damage":38,"enemies":"HollowMod:StalkingDevout","floor":41,"turns":9},{"damage":2,"enemies":"Sphere and 2 Shapes","floor":44,"turns":7},{"damage":13,"enemies":"Jaw Worm Horde","floor":47,"turns":4},{"damage":42,"enemies":"Giant Head","floor":48,"turns":8},{"damage":60,"enemies":"Awakened One","floor":50,"turns":9}],"seed_played":"-9118631583628175007","potions_obtained":[{"floor":16,"key":"LiquidBronze"},{"floor":37,"key":"ColorlessPotion"}],"is_trial":false,"path_per_floor":["M","?","M","M","M","R","E","$","T","M","?","E","R","E","R","B",null,"M","?","$","?","$","R","M","R","T","M","M","E","?","?","R","B",null,"M","$","M","?","?","R","E","R","T","M","?","T","M","E","R","B",null],"character_chosen":"IRONCLAD","items_purchased":["Metallicize","ReplayTheSpireMod:ShopPack","Blood Vial","hubris:Potato","conspire:TreasureMap"],"campfire_rested":5,"item_purchase_floors":[20,20,20,20,36],"current_hp_per_floor":[70,70,70,72,70,70,57,57,57,57,57,39,60,46,46,15,65,49,49,49,49,49,72,74,74,74,70,70,65,65,65,65,39,69,56,56,31,31,31,54,24,47,47,53,53,53,48,14,37,27],"gold":468,"neow_bonus":"RANDOM_COLORLESS_2","is_daily":false,"chose_seed":false,"campfire_upgraded":4,"win_rate":0.0,"timestamp":1608329969,"path_taken":["M","?","M","M","M","R","E","?","T","M","?","E","R","E","R","BOSS","M","?","$","?","$","R","M","R","T","M","M","E","?","?","R","BOSS","M","$","M","?","?","R","E","R","T","?","?","?","M","E","R","BOSS"],"items_purchased_type":["Card","Relic","Relic","Relic","Relic"],"build_version":"2020-12-13","purchased_purges":4,"victory":true,"max_hp_per_floor":[72,72,72,72,72,72,72,72,72,72,72,72,72,72,72,72,79,79,79,79,79,79,79,79,79,79,79,79,79,79,79,79,79,79,79,79,79,79,79,79,79,79,79,79,79,79,79,79,79,79],"card_choices":[{"not_picked":["Replay:Dark Deal","expansioncontent:DashGenerateEvil"],"picked":"ReplayTheSpireMod:Brewmster","floor":0},{"not_picked":["Headbutt","Sword Boomerang"],"picked":"Shrug It Off","floor":1},{"not_picked":["Entrench","Burning Pact"],"picked":"Rampage","floor":3},{"not_picked":["Clash","Sword Boomerang"],"picked":"Blood for Blood","floor":4},{"not_picked":["ReplayTheSpireMod:LeadingStrike","Corruption"],"picked":"Clothesline","floor":5},{"not_picked":["Clash","Armaments","Defy Death"],"picked":"SKIP","floor":7},{"not_picked":["Clash","Armaments","Defy Death"],"picked":"SKIP","floor":7},{"not_picked":["Body Slam","Iron Wave"],"picked":"Flex","floor":10},{"not_picked":["ReplayTheSpireMod:Strike From Hell","Warcry","Twin Strike"],"picked":"SKIP","floor":12},{"not_picked":["Cleave","Perfected Strike"],"picked":"Inflame","floor":14},{"not_picked":["Twin Strike","Anger+1","Searing Blow+1"],"picked":"SKIP","floor":18},{"not_picked":["Abandon+1","Headbutt"],"picked":"Spot Weakness","floor":24},{"not_picked":["Warcry","infinitespire:OneForAll","Replay:Undeath\u0027s Touch"],"picked":"SKIP","floor":27},{"not_picked":["Blood for Blood","Rage+1","Shrug It Off"],"picked":"SKIP","floor":28},{"not_picked":["Sever Soul+1","ReplayTheSpireMod:Stacked","Cleave+1"],"picked":"SKIP","floor":29},{"not_picked":["Ghostly Armor","Thunderclap","Headbutt+1"],"picked":"SKIP","floor":35},{"not_picked":["Massacre+1","Cleave"],"picked":"Shrug It Off+1","floor":37},{"not_picked":["Demonic Infusion","Twin Strike","Cleave"],"picked":"SKIP","floor":41},{"not_picked":["ReplayTheSpireMod:Strike From Hell+1","Replay:Undeath\u0027s Touch+1"],"picked":"Shrug It Off+1","floor":44},{"not_picked":["Cleave+1","Thunderclap+1","Warcry+1"],"picked":"SKIP","floor":47},{"not_picked":["Clothesline","Fiend Fire","Ghostly Armor+1"],"picked":"SKIP","floor":48}],"player_experience":153394,"relics_obtained":[{"floor":7,"key":"ReplayTheSpireMod:TigerMarble"},{"floor":12,"key":"ShockBauble"},{"floor":14,"key":"Blue Doll"},{"floor":17,"key":"Strawberry"},{"floor":17,"key":"Calipers"},{"floor":17,"key":"The Courier"},{"floor":26,"key":"Replay:Baseball"},{"floor":29,"key":"King of Hearts"},{"floor":41,"key":"Charon\u0027s Ashes"},{"floor":43,"key":"GiantMaggot"},{"floor":46,"key":"hubris:SphereOfDissonance"},{"floor":48,"key":"RollingBoulder"}],"event_choices":[{"damage_healed":0,"gold_gain":0,"player_choice":"Trade","damage_taken":0,"relics_obtained":["SsserpentHead"],"max_hp_gain":0,"max_hp_loss":0,"event_name":"FaceTrader","floor":2,"gold_loss":0},{"damage_healed":0,"gold_gain":0,"player_choice":"Ignored","damage_taken":0,"max_hp_gain":0,"max_hp_loss":0,"event_name":"Ghosts","floor":21,"gold_loss":0},{"damage_healed":0,"gold_gain":0,"player_choice":"Ignored","damage_taken":0,"max_hp_gain":0,"max_hp_loss":0,"event_name":"Vampires","floor":30,"gold_loss":0},{"cards_removed":["Strike_R"],"damage_healed":0,"gold_gain":0,"player_choice":"Gave Gold","damage_taken":0,"max_hp_gain":0,"max_hp_loss":0,"event_name":"Beggar","floor":31,"gold_loss":75},{"damage_healed":0,"gold_gain":100,"player_choice":"Pray","damage_taken":0,"max_hp_gain":0,"max_hp_loss":0,"event_name":"Golden Shrine","floor":39,"gold_loss":0},{"damage_healed":0,"gold_gain":0,"player_choice":"Leave","damage_taken":0,"max_hp_gain":0,"max_hp_loss":0,"event_name":"conspire:Investor","floor":45,"gold_loss":0}],"is_beta":false,"boss_relics":[{"not_picked":["Coffee Dripper","hubris:BlackHole"],"picked":"Calling Bell"},{"not_picked":["Painkiller Herb","Runic Pyramid"],"picked":"Pandora\u0027s Box"}],"items_purged_floors":[20,22,36,36],"is_endless":false,"potions_floor_spawned":[5,12,14,16,24,28,29,37,44],"ascension_level":5}}