{"host":"r2b8ojg4o4pyvjvq","time":1608329678,"event":{"mods":["BaseMod","Colored Map","Downfall","Highlight Path","Hubris","Marisa????????","Minty Spire (QoL Compilation)","Quick Restart","Replay The Spire","StSLib","SuperFastMode"],"gold_per_floor":[117,117,127,127,92,119,119,184,184,184,380,12,12,31,31,131,131,145,60,74,74,74,74,103,3,27,27,27],"floor_reached":27,"playtime":655,"items_purged":["ReplayTheSpireMod:Splinters","Strike_P"],"score":270,"play_id":"ebe5c1ba-a2e3-423c-a820-a6a0f70d4742","local_time":"20201218231438","is_ascension_mode":true,"campfire_choices":[{"data":"Eruption","floor":7,"key":"SMITH"},{"floor":10,"key":"REST"},{"data":"Adaptation","floor":13,"key":"SMITH"},{"data":"CutThroughFate","floor":15,"key":"SMITH"},{"data":"Wallop","floor":23,"key":"SMITH"}],"circlet_count":0,"master_deck":["Strike_P","Strike_P","Strike_P","Defend_P","Defend_P+1","Defend_P","Defend_P","Eruption+1","Vigilance","Consecrate","EmptyFist+1","Worship","Adaptation+1","CutThroughFate+1","LessonLearned+1","CurseOfTheBell","Evaluate+1","Wallop+1","CutThroughFate+1"],"relics":["PureWater","ReplayTheSpireMod:Lightbulb","hubris:SlimyHat","Orichalcum","hubris:SphereOfDissonance","Ice Cream","Calling Bell","Blood Vial","Pantograph","InkBottle","TeardropLocket","Regal Pillow"],"acts_visited":["Exordium","TheCity"],"potions_floor_usage":[6,24,24],"damage_taken":[{"damage":24,"enemies":"Jaw Worm","floor":1,"turns":3},{"damage":0,"enemies":"Cultist","floor":3,"turns":2},{"damage":20,"enemies":"Lagavulin","floor":6,"turns":3},{"damage":0,"enemies":"2 Louse","floor":14,"turns":3},{"damage":30,"enemies":"Fading Forest","floor":16,"turns":11},{"damage":6,"enemies":"Shell Parasite","floor":18,"turns":3},{"damage":6,"enemies":"Chosen","floor":20,"turns":2},{"damage":46,"enemies":"Book of Stabbing","floor":24,"turns":6},{"damage":34,"enemies":"Shelled Parasite and Fungi","floor":27,"turns":4}],"seed_played":"-4443149023007418519","potions_obtained":[{"floor":3,"key":"ColorlessPotion"},{"floor":16,"key":"SkillPotion"},{"floor":18,"key":"ColorlessPotion"}],"is_trial":false,"path_per_floor":["M","?","M","?","?","E","R","?","T","R","?","$","R","M","R","B",null,"M","?","M","$","?","R","E","$","T","M"],"character_chosen":"WATCHER","items_purchased":["Ice Cream"],"campfire_rested":1,"item_purchase_floors":[12],"current_hp_per_floor":[48,48,48,34,52,32,32,32,32,53,53,53,53,53,53,37,72,66,66,62,62,62,62,18,18,18,0,0],"gold":27,"neow_bonus":"RANDOM_COMMON_RELIC","is_daily":false,"chose_seed":false,"campfire_upgraded":4,"win_rate":0.0,"timestamp":1608329678,"path_taken":["M","?","?","?","?","E","R","?","T","R","?","$","R","M","R","BOSS","M","?","M","?","?","R","E","$","T","?"],"items_purchased_type":["Relic"],"build_version":"2020-12-13","purchased_purges":2,"victory":false,"max_hp_per_floor":[72,72,72,72,72,72,72,72,72,72,72,72,72,72,72,72,72,72,72,72,72,72,72,72,72,72,72,72],"card_choices":[{"not_picked":["DeceiveReality","FollowUp"],"picked":"Consecrate","floor":1},{"not_picked":["Study","CrushJoints"],"picked":"EmptyFist","floor":3},{"not_picked":["ClearTheMind","ConjureBlade"],"picked":"Worship","floor":6},{"not_picked":["JustLucky","ClearTheMind"],"picked":"Adaptation","floor":11},{"not_picked":["Worship","Wallop"],"picked":"CutThroughFate","floor":14},{"not_picked":["Wish","Brilliance"],"picked":"LessonLearned","floor":16},{"not_picked":["Replay:ManipulateFuture+1","Conclude"],"picked":"Evaluate+1","floor":18},{"not_picked":["Prostrate+1","Replay:AtTheReady"],"picked":"Wallop","floor":20},{"not_picked":["EmptyFist","Replay:DivineShield+1"],"picked":"CutThroughFate+1","floor":24}],"player_experience":460767,"relics_obtained":[{"floor":2,"key":"hubris:SlimyHat"},{"floor":6,"key":"Orichalcum"},{"floor":9,"key":"hubris:SphereOfDissonance"},{"floor":17,"key":"Blood Vial"},{"floor":17,"key":"Pantograph"},{"floor":24,"key":"TeardropLocket"},{"floor":26,"key":"Regal Pillow"}],"event_choices":[{"damage_healed":0,"gold_gain":0,"player_choice":"Relic","damage_taken":0,"max_hp_gain":0,"max_hp_loss":0,"event_name":"Wheel of Change","floor":2,"gold_loss":0},{"damage_healed":0,"gold_gain":0,"player_choice":"Entered Light","damage_taken":14,"max_hp_gain":0,"max_hp_loss":0,"event_name":"Shining Light","floor":4,"gold_loss":0,"cards_upgraded":["Defend_P","EmptyFist"]},{"damage_healed":18,"gold_gain":0,"player_choice":"Healed","damage_taken":0,"max_hp_gain":0,"max_hp_loss":0,"event_name":"The Cleric","floor":5,"gold_loss":35},{"damage_healed":0,"gold_gain":65,"player_choice":"Gained Gold","damage_taken":0,"max_hp_gain":0,"max_hp_loss":0,"event_name":"Golden Wing","floor":8,"gold_loss":0},{"damage_healed":0,"gold_gain":0,"player_choice":"Obtained Relic","damage_taken":0,"relics_obtained":["InkBottle"],"max_hp_gain":0,"max_hp_loss":0,"event_name":"Addict","floor":19,"gold_loss":85}],"is_beta":false,"boss_relics":[{"not_picked":["Philosopher\u0027s Stone","ChewingGum"],"picked":"Calling Bell"}],"items_purged_floors":[12,25],"is_endless":false,"potions_floor_spawned":[3,16,18],"killed_by":"Shelled Parasite and Fungi","ascension_level":4}}