{"host":"naykp6d9ulahlwib","time":1608316052,"event":{"mods":["BaseMod","Highlight Path","Minty Spire (QoL Compilation)","Shop Mod","StSLib"],"gold_per_floor":[364,364,103,103,122,122,122,139,139,167,67,67,92,92,92,188,188,207,82,100,280,293,293,293,293,293,293,311,324,343,343,343,441,441,458,472,489,489,502,502,550,550,550,550,581,128,143,0,0,0],"floor_reached":51,"playtime":6194,"items_purged":["Defend_G","Parasite","Strike_G","Pain"],"score":1172,"play_id":"fb6d1793-89cd-4f5d-b6c5-52ffbeab4fb9","local_time":"20201218122732","is_ascension_mode":true,"campfire_choices":[{"floor":6.0,"key":"REST"},{"data":"Neutralize","floor":12.0,"key":"SMITH"},{"data":"Footwork","floor":15.0,"key":"SMITH"},{"floor":23.0,"key":"DIG"},{"data":"Noxious Fumes","floor":25.0,"key":"SMITH"},{"floor":27.0,"key":"REST"},{"data":"Tools of the Trade","floor":32.0,"key":"SMITH"},{"data":"Bouncing Flask","floor":40.0,"key":"SMITH"},{"data":"Well Laid Plans","floor":42.0,"key":"SMITH"},{"floor":44.0,"key":"DIG"},{"floor":49,"key":"DIG"}],"circlet_count":0,"master_deck":["Strike_G+1","Strike_G+1","Defend_G","Defend_G","Defend_G","Defend_G+1","Survivor","Neutralize+1","Well Laid Plans+1","Dagger Spray+1","Footwork+1","Bouncing Flask+1","Catalyst+1","Malaise+1","CurseOfTheBell","Noxious Fumes+1","Adrenaline+1","Escape Plan+1","Tools of the Trade+1","Blur+1","Deflect+1","Adrenaline+1","Dodge and Roll+1","Footwork+1","Escape Plan+1","Deadly Poison+1"],"relics":["Ring of the Snake","TwistedFunnel","HornCleat","CaptainsWheel","Turnip","Calling Bell","Akabeko","Toxic Egg 2","Shovel","War Paint","Mercury Hourglass","Cursed Key","Tingsha","Bronze Scales","Whetstone","Girya","Frozen Eye","PreservedInsect","Red Mask","Sundial"],"acts_visited":["Exordium","TheCity","TheBeyond"],"potions_floor_usage":[47,47,50],"damage_taken":[{"damage":0.0,"enemies":"Jaw Worm","floor":1.0,"turns":5.0},{"damage":0.0,"enemies":"2 Louse","floor":5.0,"turns":3.0},{"damage":0.0,"enemies":"Cultist","floor":8.0,"turns":3.0},{"damage":11.0,"enemies":"Gremlin Nob","floor":10.0,"turns":5.0},{"damage":0.0,"enemies":"3 Sentries","floor":13.0,"turns":8.0},{"damage":26.0,"enemies":"The Guardian","floor":16.0,"turns":9.0},{"damage":0.0,"enemies":"3 Byrds","floor":18.0,"turns":3.0},{"damage":1.0,"enemies":"Shell Parasite","floor":20.0,"turns":4.0},{"damage":2.0,"enemies":"Centurion and Healer","floor":22.0,"turns":11.0},{"damage":0.0,"enemies":"Snake Plant","floor":28.0,"turns":4.0},{"damage":0.0,"enemies":"Snecko","floor":29.0,"turns":4.0},{"damage":1.0,"enemies":"Centurion and Healer","floor":30.0,"turns":4.0},{"damage":0.0,"enemies":"Champ","floor":33.0,"turns":8.0},{"damage":0.0,"enemies":"3 Darklings","floor":35.0,"turns":4.0},{"damage":0.0,"enemies":"Orb Walker","floor":36.0,"turns":4.0},{"damage":0.0,"enemies":"Maw","floor":37.0,"turns":7.0},{"damage":2.0,"enemies":"Writhing Mass","floor":39.0,"turns":7.0},{"damage":0.0,"enemies":"2 Orb Walkers","floor":41.0,"turns":6.0},{"damage":3,"enemies":"Giant Head","floor":45,"turns":9},{"damage":6,"enemies":"Jaw Worm Horde","floor":47,"turns":3},{"damage":0,"enemies":"Awakened One","floor":50,"turns":14}],"seed_played":"-7812497861388021289","potions_obtained":[{"floor":10.0,"key":"Block Potion"},{"floor":13.0,"key":"Regen Potion"},{"floor":16.0,"key":"SkillPotion"},{"floor":18.0,"key":"Block Potion"},{"floor":28.0,"key":"SteroidPotion"},{"floor":30.0,"key":"Swift Potion"},{"floor":37.0,"key":"Weak Potion"},{"floor":47,"key":"EssenceOfSteel"}],"is_trial":false,"path_per_floor":["M","?","$","?","M","R","?","M","T","E","$","R","E","$","R","B",null,"M","$","M","?","M","R","?","R","T","R","M","M","M","?","R","B",null,"M","M","M","?","M","R","?","R","T","R","E","$","M","?","R","B",null],"character_chosen":"THE_SILENT","items_purchased":["TwistedFunnel","Well Laid Plans","Frozen Eye","PreservedInsect"],"campfire_rested":2,"item_purchase_floors":[3,3,46,46],"current_hp_per_floor":[45,38,38,24,24,45,62,62,62,51,51,51,51,51,51,25,57,57,57,56,37,35,35,35,35,35,55,67,67,66,66,66,66,67,67,67,67,67,65,65,65,65,65,65,62,62,56,56,56,56],"gold":0,"neow_bonus":"TWO_FIFTY_GOLD","is_daily":false,"chose_seed":false,"campfire_upgraded":6,"win_rate":0.0,"timestamp":1608316052,"path_taken":["M","?","$","?","M","R","?","M","T","E","?","R","E","$","R","BOSS","M","$","M","?","?","R","?","R","T","R","M","M","?","?","R","BOSS","M","?","M","?","?","R","?","R","T","R","E","$","M","?","R","BOSS"],"items_purchased_type":["Relic","Card","Relic","Relic"],"build_version":"2020-12-13","purchased_purges":4,"victory":true,"max_hp_per_floor":[70,70,70,70,70,70,70,70,70,70,67,67,67,67,67,67,67,67,67,67,67,67,67,67,67,67,67,67,67,67,67,67,67,67,67,67,67,67,67,67,67,67,67,67,67,67,67,67,67,67],"card_choices":[{"not_picked":["Dagger Throw","Finisher","Sucker Punch"],"picked":"SKIP","floor":1.0},{"not_picked":["Dagger Spray","Cloak And Dagger","Backflip"],"picked":"SKIP","floor":5.0},{"not_picked":["Cloak And Dagger","Backflip"],"picked":"Dagger Spray","floor":5.0},{"not_picked":["Dagger Throw","Blade Dance"],"picked":"Footwork","floor":8.0},{"not_picked":["Cloak And Dagger","Underhanded Strike"],"picked":"Bouncing Flask","floor":10.0},{"not_picked":["Outmaneuver","Bouncing Flask"],"picked":"Catalyst","floor":13.0},{"not_picked":["Grand Finale","Wraith Form v2"],"picked":"Malaise","floor":16.0},{"not_picked":["Backstab","Blade Dance+1","Tactician+1"],"picked":"SKIP","floor":18.0},{"not_picked":["PiercingWail+1","Unload","Poisoned Stab"],"picked":"SKIP","floor":20.0},{"not_picked":["Sucker Punch","Backflip+1"],"picked":"Noxious Fumes","floor":22.0},{"not_picked":["Predator","Dagger Throw+1"],"picked":"Escape Plan+1","floor":28.0},{"not_picked":["Caltrops","Underhanded Strike","Acrobatics+1"],"picked":"SKIP","floor":29.0},{"not_picked":["Setup+1","Choke"],"picked":"Tools of the Trade","floor":30.0},{"not_picked":["After Image","Tools of the Trade"],"picked":"Adrenaline+1","floor":33.0},{"not_picked":["Cloak And Dagger+1","Underhanded Strike+1"],"picked":"Dodge and Roll+1","floor":35.0},{"not_picked":["Deadly Poison+1","Acrobatics+1"],"picked":"Footwork+1","floor":36.0},{"not_picked":["Underhanded Strike","Calculated Gamble+1","Tools of the Trade"],"picked":"SKIP","floor":37.0},{"not_picked":["Underhanded Strike+1","Flying Knee+1","Dagger Throw+1"],"picked":"SKIP","floor":39.0},{"not_picked":["Accuracy","Endless Agony+1"],"picked":"Escape Plan+1","floor":45},{"not_picked":["Backflip+1","Underhanded Strike"],"picked":"Deadly Poison+1","floor":47}],"player_experience":812098,"relics_obtained":[{"floor":9.0,"key":"HornCleat"},{"floor":10.0,"key":"CaptainsWheel"},{"floor":13.0,"key":"Turnip"},{"floor":17.0,"key":"Akabeko"},{"floor":17.0,"key":"Toxic Egg 2"},{"floor":17.0,"key":"Shovel"},{"floor":23.0,"key":"War Paint"},{"floor":26.0,"key":"Mercury Hourglass"},{"floor":41.0,"key":"Tingsha"},{"floor":43.0,"key":"Bronze Scales"},{"floor":44.0,"key":"Whetstone"},{"floor":45,"key":"Girya"},{"floor":49,"key":"Sundial"}],"event_choices":[{"cards_removed":["Strike_G"],"damage_healed":0.0,"max_hp_gain":0.0,"max_hp_loss":0.0,"gold_gain":0.0,"event_name":"Golden Wing","player_choice":"Card Removal","floor":2.0,"gold_loss":0.0,"damage_taken":7.0},{"damage_healed":0.0,"max_hp_gain":0.0,"max_hp_loss":0.0,"gold_gain":0.0,"event_name":"Shining Light","player_choice":"Entered Light","floor":4.0,"gold_loss":0.0,"damage_taken":14.0,"cards_upgraded":["Defend_G","Strike_G"]},{"damage_healed":17.0,"max_hp_gain":0.0,"max_hp_loss":0.0,"gold_gain":0.0,"event_name":"Mushrooms","player_choice":"Healed and dodged fight","floor":7.0,"gold_loss":0.0,"damage_taken":0.0,"cards_obtained":["Parasite"]},{"damage_healed":0.0,"max_hp_gain":0.0,"max_hp_loss":0.0,"gold_gain":180.0,"event_name":"Knowing Skull","player_choice":"GOLD GOLD ","floor":21.0,"potions_obtained":[],"gold_loss":0.0,"damage_taken":19.0,"cards_obtained":[]},{"damage_healed":0.0,"max_hp_gain":0.0,"max_hp_loss":0.0,"gold_gain":0.0,"event_name":"Match and Keep!","player_choice":"1 cards matched","floor":24.0,"gold_loss":0.0,"damage_taken":0.0,"cards_obtained":["Adrenaline"]},{"damage_healed":0.0,"max_hp_gain":0.0,"max_hp_loss":0.0,"gold_gain":0.0,"event_name":"Match and Keep!","player_choice":"2 cards matched","floor":31.0,"gold_loss":0.0,"damage_taken":0.0,"cards_obtained":["Blur","Deflect"]},{"cards_removed":["Strike_G"],"damage_healed":0.0,"max_hp_gain":0.0,"max_hp_loss":0.0,"gold_gain":0.0,"event_name":"Purifier","player_choice":"Purged","floor":38.0,"gold_loss":0.0,"damage_taken":0.0},{"damage_healed":0.0,"max_hp_gain":0.0,"max_hp_loss":0.0,"gold_gain":0.0,"event_name":"Mysterious Sphere","player_choice":"Fight","floor":41.0,"gold_loss":0.0,"damage_taken":0.0},{"damage_healed":0,"gold_gain":0,"player_choice":"Paid","damage_taken":0,"relics_obtained":["Red Mask"],"max_hp_gain":0,"max_hp_loss":0,"event_name":"Tomb of Lord Red Mask","floor":48,"gold_loss":143}],"is_beta":false,"boss_relics":[{"not_picked":["Ring of the Serpent","Snecko Eye"],"picked":"Calling Bell"},{"not_picked":["SlaversCollar","Pandora\u0027s Box"],"picked":"Cursed Key"}],"items_purged_floors":[3,11,19,46],"is_endless":false,"potions_floor_spawned":[10,13,16,18,28,30,33,37,41,47],"ascension_level":9}}