{"host":"pjgcdp3h1plnbocs","time":1608290524,"event":{"mods":["AchievementEnabler","BaseMod","Colored Map","Highlight Path","Minty Spire (QoL Compilation)"],"gold_per_floor":[119,133,133,208,83,83,114,127,154,169,194,210,228,254,254,358,358,339,352,254,254,254,287,306,334,334,334,334,3,31,46,46,141,141,151,151,151,177,177,177,207,220,220,36,36,47,62,72,72,72],"floor_reached":51,"playtime":2033,"items_purged":["Strike_B","Strike_B","Strike_B"],"score":1046,"play_id":"91aac520-5bbc-4751-bade-a2feced74665","local_time":"20201218122204","is_ascension_mode":true,"campfire_choices":[{"data":"Zap","floor":6.0,"key":"SMITH"},{"floor":15.0,"key":"REST"},{"floor":28.0,"key":"REST"},{"floor":32,"key":"REST"},{"floor":40,"key":"REST"},{"floor":45,"key":"REST"},{"data":"Gash","floor":49,"key":"SMITH"}],"circlet_count":0,"master_deck":["Defend_B+1","Defend_B+1","Zap+1","Dualcast+1","Gash+1","Go for the Eyes+1","Gash+1","Gash+1","FTL+1","Cold Snap+1","Seek+1","Beam Cell+1","Beam Cell+1","Go for the Eyes+1","Go for the Eyes+1","FTL+1","Go for the Eyes+1","Coolheaded+1","All For One+1","Gash+1","Violence+1","Parasite","Gash+1"],"relics":["Cracked Core","FossilizedHelix","Blood Vial","Smiling Mask","Orichalcum","Dream Catcher","Matryoshka","Inserter","Bottled Lightning","Shuriken","Strawberry","Frozen Egg 2","Toxic Egg 2","Empty Cage","Mark of the Bloom","Meat on the Bone","Anchor","Mummified Hand","PreservedInsect","Mercury Hourglass"],"acts_visited":["Exordium","TheCity","TheBeyond"],"potions_floor_usage":[30,33,48,50],"damage_taken":[{"damage":0.0,"enemies":"Cultist","floor":1.0,"turns":4.0},{"damage":0.0,"enemies":"2 Louse","floor":2.0,"turns":2.0},{"damage":11.0,"enemies":"Gremlin Nob","floor":7.0,"turns":4.0},{"damage":0.0,"enemies":"Small Slimes","floor":8.0,"turns":2.0},{"damage":0.0,"enemies":"Blue Slaver","floor":10.0,"turns":3.0},{"damage":15.0,"enemies":"Lagavulin","floor":11.0,"turns":7.0},{"damage":0.0,"enemies":"2 Fungi Beasts","floor":12.0,"turns":3.0},{"damage":0.0,"enemies":"Looter","floor":13.0,"turns":3.0},{"damage":15.0,"enemies":"3 Sentries","floor":14.0,"turns":6.0},{"damage":41.0,"enemies":"The Guardian","floor":16.0,"turns":10.0},{"damage":18.0,"enemies":"2 Thieves","floor":18.0,"turns":4.0},{"damage":0.0,"enemies":"Chosen","floor":19.0,"turns":5.0},{"damage":0.0,"enemies":"3 Cultists","floor":21.0,"turns":2.0},{"damage":7.0,"enemies":"Gremlin Leader","floor":23.0,"turns":7.0},{"damage":7.0,"enemies":"Cultist and Chosen","floor":24.0,"turns":7.0},{"damage":31.0,"enemies":"Slavers","floor":25.0,"turns":6.0},{"damage":4.0,"enemies":"Colosseum Slavers","floor":27.0,"turns":4.0},{"damage":14,"enemies":"Book of Stabbing","floor":30,"turns":5},{"damage":0,"enemies":"Chosen and Byrds","floor":31,"turns":5},{"damage":20,"enemies":"Automaton","floor":33,"turns":5},{"damage":1,"enemies":"3 Shapes","floor":35,"turns":5},{"damage":0,"enemies":"Giant Head","floor":41,"turns":5},{"damage":0,"enemies":"3 Darklings","floor":42,"turns":2},{"damage":0,"enemies":"Writhing Mass","floor":46,"turns":3},{"damage":0,"enemies":"Jaw Worm Horde","floor":47,"turns":1},{"damage":0,"enemies":"Transient","floor":48,"turns":5},{"damage":22,"enemies":"Awakened One","floor":50,"turns":6}],"seed_played":"-4296883837241879177","potions_obtained":[{"floor":7.0,"key":"PotionOfCapacity"},{"floor":11.0,"key":"DistilledChaos"},{"floor":16.0,"key":"FocusPotion"},{"floor":19.0,"key":"SmokeBomb"},{"floor":24.0,"key":"Explosive Potion"},{"floor":25.0,"key":"PowerPotion"},{"floor":33,"key":"Block Potion"},{"floor":35,"key":"SkillPotion"},{"floor":42,"key":"Energy Potion"},{"floor":48,"key":"SteroidPotion"}],"is_trial":false,"path_per_floor":["M","M","?","?","$","R","E","M","T","M","E","M","M","E","R","B",null,"M","M","$","M","?","E","M","E","T","?","R","$","E","M","R","B",null,"M","?","?","T","T","R","E","M","T","$","R","M","M","M","R","B",null],"character_chosen":"DEFECT","items_purchased":["Gash","Beam Cell","FTL","Go for the Eyes","CultistPotion","FocusPotion","Violence+1"],"campfire_rested":5,"item_purchase_floors":[5,20,29,29,29,29,44],"current_hp_per_floor":[68,68,61,50,50,50,41,43,43,45,32,34,36,23,43,4,52,36,38,38,40,40,35,30,1,8,6,28,28,16,18,40,22,62,63,63,63,63,63,63,63,63,63,63,63,63,63,63,63,41],"gold":72,"neow_bonus":"ONE_RARE_RELIC","is_daily":false,"chose_seed":false,"campfire_upgraded":2,"win_rate":0.0,"timestamp":1608290524,"path_taken":["M","M","?","?","$","R","E","M","T","M","E","M","M","E","R","BOSS","M","M","$","M","?","E","?","E","T","?","R","$","E","M","R","BOSS","M","?","?","?","?","R","E","M","T","$","R","M","M","M","R","BOSS"],"items_purchased_type":["Card","Card","Card","Card","Potion","Potion","Card"],"build_version":"2020-12-13","purchased_purges":3,"victory":true,"max_hp_per_floor":[68,68,68,68,68,68,68,68,68,68,68,68,68,68,68,68,68,68,68,68,68,68,68,68,68,75,75,75,75,75,75,75,75,75,75,71,71,71,71,71,71,71,71,71,71,71,71,71,71,71],"card_choices":[{"not_picked":["Streamline","Darkness"],"picked":"Gash","floor":1.0},{"not_picked":["Fusion","Stack"],"picked":"Go for the Eyes","floor":2.0},{"not_picked":["Rebound","Barrage","Compile Driver"],"picked":"SKIP","floor":7.0},{"not_picked":["Stack","Barrage","Loop"],"picked":"SKIP","floor":8.0},{"not_picked":["Hyperbeam","Stack","Heatsinks"],"picked":"SKIP","floor":10.0},{"not_picked":["Capacitor","Static Discharge","Skim"],"picked":"SKIP","floor":11.0},{"not_picked":["Scrape","Beam Cell"],"picked":"Gash","floor":12.0},{"not_picked":["Leap","Compile Driver"],"picked":"FTL","floor":13.0},{"not_picked":["Rebound","Stack","Skim"],"picked":"SKIP","floor":14.0},{"not_picked":["Double Energy","Genetic Algorithm"],"picked":"Cold Snap","floor":15.0},{"not_picked":["Reboot","Thunder Strike"],"picked":"Seek","floor":16.0},{"not_picked":["Scrape+1","Fusion","Tempest+1"],"picked":"SKIP","floor":18.0},{"not_picked":["Melter","Lockon"],"picked":"Beam Cell","floor":19.0},{"not_picked":["Sweeping Beam+1","Compile Driver"],"picked":"Go for the Eyes","floor":23.0},{"not_picked":["Steam","Rebound+1"],"picked":"Go for the Eyes","floor":24.0},{"not_picked":["Leap","Fusion+1","Thunder Strike"],"picked":"SKIP","floor":25.0},{"not_picked":["Stack+1","Cold Snap"],"picked":"Coolheaded+1","floor":30},{"not_picked":["Compile Driver","Hologram+1","Stack+1"],"picked":"SKIP","floor":31},{"not_picked":["Compile Driver","Steam Power+1"],"picked":"All For One","floor":32},{"not_picked":["Conserve Battery+1","Hologram+1","Self Repair+1"],"picked":"SKIP","floor":35},{"not_picked":["Coolheaded+1","Storm+1","Capacitor+1"],"picked":"SKIP","floor":41},{"not_picked":["Rebound","Cold Snap"],"picked":"Gash","floor":42},{"not_picked":["Barrage+1","White Noise+1"],"picked":"Gash+1","floor":46},{"not_picked":["Rebound","Streamline+1","Ball Lightning"],"picked":"SKIP","floor":47},{"not_picked":["Hyperbeam","BootSequence+1","Cold Snap"],"picked":"SKIP","floor":48}],"player_experience":107325,"relics_obtained":[{"floor":7.0,"key":"Smiling Mask"},{"floor":9.0,"key":"Orichalcum"},{"floor":11.0,"key":"Dream Catcher"},{"floor":14.0,"key":"Matryoshka"},{"floor":23.0,"key":"Bottled Lightning"},{"floor":25.0,"key":"Shuriken"},{"floor":26.0,"key":"Strawberry"},{"floor":26.0,"key":"Frozen Egg 2"},{"floor":30,"key":"Toxic Egg 2"},{"floor":38,"key":"Meat on the Bone"},{"floor":38,"key":"Anchor"},{"floor":39,"key":"Mummified Hand"},{"floor":41,"key":"PreservedInsect"},{"floor":43,"key":"Mercury Hourglass"}],"event_choices":[{"damage_healed":0.0,"max_hp_gain":0.0,"max_hp_loss":0.0,"gold_gain":0.0,"event_name":"Scrap Ooze","player_choice":"Success","floor":3.0,"gold_loss":0.0,"damage_taken":7.0,"relics_obtained":["Blood Vial"]},{"damage_healed":0.0,"max_hp_gain":0.0,"max_hp_loss":0.0,"gold_gain":75.0,"event_name":"World of Goop","player_choice":"Gather Gold","floor":4.0,"gold_loss":0.0,"damage_taken":11.0},{"cards_removed":["Defend_B"],"damage_healed":0.0,"max_hp_gain":0.0,"max_hp_loss":0.0,"gold_gain":0.0,"event_name":"Purifier","player_choice":"Purged","floor":22.0,"gold_loss":0.0,"damage_taken":0.0},{"damage_healed":0.0,"max_hp_gain":0.0,"max_hp_loss":0.0,"gold_gain":0.0,"event_name":"Colosseum","player_choice":"Fight","floor":27.0,"gold_loss":0.0,"damage_taken":0.0},{"damage_healed":0.0,"max_hp_gain":0.0,"max_hp_loss":0.0,"gold_gain":0.0,"event_name":"Colosseum","player_choice":"Fled From Nobs","floor":27.0,"gold_loss":0.0,"damage_taken":0.0},{"damage_healed":0,"gold_gain":0,"player_choice":"Max HP","damage_taken":0,"max_hp_gain":0,"max_hp_loss":4,"event_name":"Winding Halls","floor":36,"gold_loss":0},{"damage_healed":0,"gold_gain":0,"player_choice":"Upgrade","damage_taken":0,"relics_obtained":["Mark of the Bloom"],"max_hp_gain":0,"max_hp_loss":0,"event_name":"MindBloom","floor":37,"gold_loss":0,"cards_upgraded":["Defend_B","Defend_B","Dualcast","Gash","Go for the Eyes","Gash","Gash","FTL","Cold Snap","Seek","Beam Cell","Beam Cell","Go for the Eyes","Go for the Eyes","FTL","Go for the Eyes","All For One"]}],"is_beta":false,"boss_relics":[{"not_picked":["Velvet Choker","Ectoplasm"],"picked":"Inserter"},{"not_picked":["Fusion Hammer","Runic Dome"],"picked":"Empty Cage"}],"items_purged_floors":[5,20,29],"is_endless":false,"potions_floor_spawned":[7,11,16,19,24,25,27,33,35,42,46,48],"ascension_level":5}}