{"host":"6wux4armhsntp4yb","time":1608258790,"event":{"mods":["BaseMod","Colored Map","DeckTracker","Minty Spire (QoL Compilation)","Relic Stats"],"gold_per_floor":[13,13,37,37,51,51,74,74,74,74,74,88,109,34,34,123,123,142,67,54,104,117,117,117,117],"floor_reached":24,"playtime":1392,"items_purged":["Strike_G"],"score":372,"play_id":"5f06065d-cba3-4446-9318-c4d18e0e6f0b","local_time":"20201218113310","is_ascension_mode":true,"campfire_choices":[{"data":"Chrysalis","floor":6.0,"key":"SMITH"},{"data":"Neutralize","floor":8.0,"key":"SMITH"},{"data":"Backflip","floor":10.0,"key":"SMITH"},{"data":"Acrobatics","floor":15,"key":"SMITH"},{"floor":23,"key":"REST"}],"circlet_count":0,"master_deck":["AscendersBane","Strike_G","Strike_G","Defend_G","Defend_G","Defend_G","Defend_G","Defend_G","Survivor","Neutralize+1","Chrysalis+1","Backflip+1","Backflip","Acrobatics+1","Malaise","Tactician","Well Laid Plans"],"relics":["Ring of the Snake","Golden Idol","Meat on the Bone","Philosopher\u0027s Stone"],"acts_visited":["Exordium","TheCity"],"potions_floor_usage":[20,24],"damage_taken":[{"damage":8.0,"enemies":"2 Louse","floor":1.0,"turns":5.0},{"damage":4.0,"enemies":"Jaw Worm","floor":5.0,"turns":6.0},{"damage":0.0,"enemies":"Small Slimes","floor":7.0,"turns":4.0},{"damage":10.0,"enemies":"Blue Slaver","floor":12.0,"turns":8.0},{"damage":0.0,"enemies":"Looter","floor":13.0,"turns":4.0},{"damage":17,"enemies":"The Guardian","floor":16,"turns":11},{"damage":2,"enemies":"Shell Parasite","floor":18,"turns":10},{"damage":6,"enemies":"2 Thieves","floor":20,"turns":5},{"damage":32,"enemies":"Snecko","floor":22,"turns":17},{"damage":44,"enemies":"Gremlin Leader","floor":24,"turns":7}],"seed_played":"-932992325246413427","potions_obtained":[{"floor":1.0,"key":"Energy Potion"},{"floor":12.0,"key":"SneckoOil"},{"floor":16,"key":"CunningPotion"}],"is_trial":false,"path_per_floor":["M","?","T","?","M","R","M","R","T","R","?","M","M","$","R","B",null,"M","?","M","?","M","R","E"],"character_chosen":"THE_SILENT","items_purchased":[],"campfire_rested":1,"item_purchase_floors":[],"current_hp_per_floor":[51,51,51,51,47,47,47,47,47,47,40,42,42,42,42,37,54,52,52,46,46,26,44,0,0],"gold":117,"neow_bonus":"RANDOM_COLORLESS_2","is_daily":false,"chose_seed":false,"campfire_upgraded":4,"win_rate":0.0,"timestamp":1608258790,"path_taken":["M","?","?","?","?","R","M","R","T","R","?","M","M","?","R","BOSS","M","?","M","?","M","R","E"],"items_purchased_type":[],"build_version":"2020-12-13","purchased_purges":1,"victory":false,"max_hp_per_floor":[66,60,60,60,60,60,60,60,60,60,60,60,60,60,60,60,60,60,60,60,60,60,60,60,60],"relic_stats":{"counters":[10,77],"Golden Idol":43,"obtain_stats":[{"Golden Idol":2,"Philosopher\u0027s Stone":17,"Ring of the Snake":0,"Meat on the Bone":9},{"Golden Idol":1,"Philosopher\u0027s Stone":6,"Ring of the Snake":0,"Meat on the Bone":3},{"Golden Idol":5,"Philosopher\u0027s Stone":38,"Ring of the Snake":0,"Meat on the Bone":15}],"Ring of the Snake":[20],"Meat on the Bone":36},"card_choices":[{"not_picked":["Panache","Violence"],"picked":"Chrysalis","floor":0.0},{"not_picked":["Outmaneuver","Choke"],"picked":"Backflip","floor":1.0},{"not_picked":["Concentrate","Leg Sweep"],"picked":"Backflip","floor":5.0},{"not_picked":["Choke","Leg Sweep","Masterful Stab"],"picked":"SKIP","floor":7.0},{"not_picked":["Choke","Leg Sweep","Masterful Stab"],"picked":"SKIP","floor":7.0},{"not_picked":["Sucker Punch","Flying Knee","Underhanded Strike"],"picked":"SKIP","floor":12.0},{"not_picked":["Sucker Punch","Backstab"],"picked":"Acrobatics","floor":13.0},{"not_picked":["Unload","Phantasmal Killer"],"picked":"Malaise","floor":16},{"not_picked":["Prepared","Underhanded Strike"],"picked":"Tactician","floor":18},{"not_picked":["Acrobatics","Quick Slash","Deflect"],"picked":"SKIP","floor":20},{"not_picked":["Accuracy","Deflect+1"],"picked":"Well Laid Plans","floor":22}],"player_experience":5667954,"relics_obtained":[{"floor":9.0,"key":"Meat on the Bone"}],"event_choices":[{"damage_healed":0.0,"max_hp_gain":0.0,"max_hp_loss":6.0,"gold_gain":0.0,"event_name":"Golden Idol","player_choice":"Lose Max HP","floor":2.0,"gold_loss":0.0,"damage_taken":0.0,"relics_obtained":["Golden Idol"]},{"damage_healed":0.0,"max_hp_gain":0.0,"max_hp_loss":0.0,"gold_gain":0.0,"event_name":"The Cleric","player_choice":"Leave","floor":4.0,"gold_loss":0.0,"damage_taken":0.0},{"cards_removed":["Strike_G"],"damage_healed":0.0,"max_hp_gain":0.0,"max_hp_loss":0.0,"gold_gain":0.0,"event_name":"Golden Wing","player_choice":"Card Removal","floor":11.0,"gold_loss":0.0,"damage_taken":7.0},{"cards_removed":["Strike_G"],"damage_healed":0,"gold_gain":0,"player_choice":"Gave Gold","damage_taken":0,"max_hp_gain":0,"max_hp_loss":0,"event_name":"Beggar","floor":19,"gold_loss":75},{"damage_healed":0,"gold_gain":50,"player_choice":"Stole From Cult","damage_taken":0,"max_hp_gain":0,"max_hp_loss":0,"event_name":"Nest","floor":21,"gold_loss":0}],"is_beta":false,"boss_relics":[{"not_picked":["Cursed Key","WristBlade"],"picked":"Philosopher\u0027s Stone"}],"items_purged_floors":[14],"is_endless":false,"potions_floor_spawned":[1,12,16,18],"killed_by":"Gremlin Leader","ascension_level":20}}