{"host":"vxxgntm1odai56nh","time":1608314583,"event":{"mods":["AchievementEnabler","BaseMod","Colored Map","Colored Powertips","Highlight Path","Minty Spire (QoL Compilation)","Permanent Neow","Rare Cards Sparkle","Relic Stats","StSLib"],"gold_per_floor":[111,111,125,45,61,61,89,89,165,165,179,179,198,211,211,311,311,323,323,333,353,279,279,298,298,298],"floor_reached":25,"playtime":811,"items_purged":[],"score":293,"play_id":"9d4b688f-eaaa-4786-9b55-9022e9c40204","local_time":"20201218130303","is_ascension_mode":true,"campfire_choices":[{"data":"Eruption","floor":6,"key":"SMITH"},{"data":"Protect","floor":10,"key":"SMITH"},{"data":"Halt","floor":12,"key":"SMITH"},{"floor":15,"key":"REST"},{"data":"MentalFortress","floor":23,"key":"SMITH"}],"circlet_count":0,"master_deck":["Strike_P","Strike_P","Strike_P","Strike_P","Defend_P+1","Defend_P+1","Defend_P","Defend_P","Eruption+1","Vigilance","Protect+1","Consecrate","Vengeance","Conclude","Halt+1","EmptyFist+1","Perseverance","DevaForm","Worship+1","Tantrum+1","Swivel","Consecrate+1","FlurryOfBlows+1","MentalFortress+1","Consecrate+1","Halt+1"],"relics":["Runic Dome","Damaru","Mercury Hourglass","Molten Egg 2","Velvet Choker","Prayer Wheel"],"acts_visited":["Exordium","TheCity"],"potions_floor_usage":[3,16,16,21],"damage_taken":[{"damage":0,"enemies":"Jaw Worm","floor":1,"turns":2},{"damage":8,"enemies":"Small Slimes","floor":3,"turns":2},{"damage":5,"enemies":"2 Louse","floor":5,"turns":3},{"damage":10,"enemies":"Gremlin Nob","floor":7,"turns":3},{"damage":0,"enemies":"Looter","floor":11,"turns":2},{"damage":6,"enemies":"Exordium Thugs","floor":13,"turns":2},{"damage":4,"enemies":"Exordium Wildlife","floor":14,"turns":2},{"damage":0,"enemies":"Slime Boss","floor":16,"turns":4},{"damage":7,"enemies":"Chosen","floor":18,"turns":4},{"damage":10,"enemies":"Shell Parasite","floor":20,"turns":4},{"damage":15,"enemies":"Centurion and Healer","floor":21,"turns":5},{"damage":13,"enemies":"Chosen and Byrds","floor":24,"turns":4},{"damage":37,"enemies":"Book of Stabbing","floor":25,"turns":4}],"seed_played":"-7277036256273045270","potions_obtained":[{"floor":3,"key":"Fruit Juice"},{"floor":11,"key":"ColorlessPotion"},{"floor":14,"key":"AttackPotion"},{"floor":20,"key":"Weak Potion"}],"is_trial":false,"path_per_floor":["M","?","M","$","M","R","E","?","T","R","M","R","M","M","R","B",null,"M","?","M","M","$","R","M","E"],"character_chosen":"WATCHER","items_purchased":["Vengeance","MentalFortress"],"campfire_rested":1,"item_purchase_floors":[4,22],"current_hp_per_floor":[72,58,55,55,50,50,40,37,37,37,37,37,31,27,50,50,77,70,70,60,45,45,45,32,0,0],"gold":298,"neow_bonus":"BOSS_RELIC","is_daily":false,"chose_seed":false,"campfire_upgraded":4,"win_rate":0.0,"timestamp":1608314583,"path_taken":["M","?","M","$","M","R","E","?","T","R","M","R","?","M","R","BOSS","M","?","M","M","$","R","M","E"],"items_purchased_type":["Card","Card"],"build_version":"2020-12-13","purchased_purges":0,"victory":false,"max_hp_per_floor":[72,72,77,77,77,77,77,77,77,77,77,77,77,77,77,77,77,77,77,77,77,77,77,77,77,77],"relic_stats":{"counters":[13,40],"Prayer Wheel":3,"obtain_stats":[{"Runic Dome":0,"Damaru":7,"Velvet Choker":17,"Molten Egg 2":9,"Prayer Wheel":19,"PureWater":0,"Mercury Hourglass":8},{"Runic Dome":0,"Damaru":4,"Velvet Choker":8,"Molten Egg 2":4,"Prayer Wheel":9,"PureWater":0,"Mercury Hourglass":4},{"Runic Dome":0,"Damaru":10,"Velvet Choker":20,"Molten Egg 2":10,"Prayer Wheel":24,"PureWater":0,"Mercury Hourglass":10}],"Mercury Hourglass":[117]},"card_choices":[{"not_picked":["CrushJoints","BowlingBash"],"picked":"Protect","floor":1},{"not_picked":["BowlingBash","Evaluate"],"picked":"Consecrate","floor":3},{"not_picked":["CutThroughFate","WreathOfFlame"],"picked":"Conclude","floor":5},{"not_picked":["SashWhip","Evaluate"],"picked":"Halt","floor":7},{"not_picked":["Worship","SandsOfTime+1"],"picked":"EmptyFist+1","floor":11},{"not_picked":["ClearTheMind","DevaForm"],"picked":"Perseverance","floor":13},{"not_picked":["SignatureMove+1","EmptyBody","Protect"],"picked":"SKIP","floor":14},{"not_picked":["Judgement","Devotion"],"picked":"DevaForm","floor":16},{"not_picked":["SashWhip+1","Halt"],"picked":"Worship+1","floor":18},{"not_picked":["Weave+1","FlyingSleeves+1"],"picked":"Tantrum+1","floor":20},{"not_picked":["PathToVictory","Worship"],"picked":"Swivel","floor":20},{"not_picked":["ClearTheMind","Conclude+1"],"picked":"Consecrate+1","floor":21},{"not_picked":["Crescendo","CrushJoints+1"],"picked":"FlurryOfBlows+1","floor":21},{"not_picked":["Evaluate","Swivel"],"picked":"Consecrate+1","floor":24},{"not_picked":["Swivel","Study"],"picked":"Halt+1","floor":24}],"player_experience":121769,"relics_obtained":[{"floor":7,"key":"Damaru"},{"floor":9,"key":"Molten Egg 2"}],"event_choices":[{"damage_healed":0,"gold_gain":0,"player_choice":"Entered Light","damage_taken":14,"max_hp_gain":0,"max_hp_loss":0,"event_name":"Shining Light","floor":2,"gold_loss":0,"cards_upgraded":["Defend_P","Defend_P"]},{"damage_healed":0,"gold_gain":0,"player_choice":"Success","damage_taken":3,"relics_obtained":["Mercury Hourglass"],"max_hp_gain":0,"max_hp_loss":0,"event_name":"Scrap Ooze","floor":8,"gold_loss":0},{"damage_healed":0,"gold_gain":0,"player_choice":"Opened","damage_taken":0,"relics_obtained":["Prayer Wheel"],"max_hp_gain":0,"max_hp_loss":0,"event_name":"The Mausoleum","floor":19,"gold_loss":0}],"is_beta":false,"boss_relics":[{"not_picked":["Ectoplasm","Sozu"],"picked":"Velvet Choker"}],"items_purged_floors":[],"is_endless":false,"potions_floor_spawned":[3,11,14,20],"killed_by":"Book of Stabbing","ascension_level":3}}