{"host":"kav75jn2167pb2t0","time":1608321588,"event":{"mods":["AchievementEnabler","BaseMod","Colored Map","Colored Powertips","FTL Soundtrack","Minty Spire (QoL Compilation)","Quick Restart","StSLib","SuperFastMode"],"gold_per_floor":[112,37,37,87,97,97,131,131,155,167,185,212,232,232,232,232,232],"floor_reached":16,"playtime":537,"items_purged":["Strike_G"],"score":270,"play_id":"9694b543-9071-43b0-a8c5-83a1a9292c5d","local_time":"20201218145948","is_ascension_mode":true,"campfire_choices":[{"data":"Footwork","floor":6.0,"key":"SMITH"},{"data":"Deflect","floor":8.0,"key":"SMITH"},{"floor":15.0,"key":"REST"}],"circlet_count":0,"master_deck":["AscendersBane","Strike_G","Strike_G","Strike_G","Strike_G","Defend_G","Defend_G","Defend_G","Defend_G","Defend_G","Survivor","Neutralize","Deflect+1","Footwork+1","Blade Dance+1","Backflip+1"],"relics":["Ring of the Snake","NeowsBlessing","Du-Vu Doll","Bottled Tornado"],"acts_visited":["Exordium"],"potions_floor_usage":[16],"damage_taken":[{"damage":0.0,"enemies":"2 Louse","floor":1.0,"turns":1.0},{"damage":0.0,"enemies":"Small Slimes","floor":5.0,"turns":1.0},{"damage":0.0,"enemies":"Gremlin Nob","floor":7.0,"turns":1.0},{"damage":0.0,"enemies":"Cultist","floor":10.0,"turns":4.0},{"damage":4.0,"enemies":"Gremlin Gang","floor":11.0,"turns":11.0},{"damage":28.0,"enemies":"Lagavulin","floor":12.0,"turns":9.0},{"damage":1.0,"enemies":"Exordium Wildlife","floor":13.0,"turns":5.0},{"damage":33,"enemies":"Slime Boss","floor":16,"turns":8}],"seed_played":"2067121928008346451","potions_obtained":[{"floor":5.0,"key":"Weak Potion"},{"floor":7.0,"key":"SpeedPotion"},{"floor":12.0,"key":"DistilledChaos"}],"is_trial":false,"path_per_floor":["M","$","?","?","M","R","E","R","T","M","M","E","M","?","R","B"],"character_chosen":"THE_SILENT","items_purchased":[],"campfire_rested":1,"item_purchase_floors":[],"current_hp_per_floor":[59,59,64,64,64,64,64,64,64,64,60,32,31,10,31,0,0],"gold":232,"neow_bonus":"THREE_ENEMY_KILL","is_daily":false,"chose_seed":false,"campfire_upgraded":2,"win_rate":0.0,"timestamp":1608321588,"path_taken":["M","$","?","?","?","R","E","R","T","M","M","E","?","?","R","BOSS"],"items_purchased_type":[],"build_version":"2020-12-13","purchased_purges":1,"victory":false,"max_hp_per_floor":[66,66,71,71,71,71,71,71,71,71,71,71,71,71,71,71,71],"card_choices":[{"not_picked":["Calculated Gamble","Bane"],"picked":"Deflect","floor":1.0},{"not_picked":["Dodge and Roll","Outmaneuver"],"picked":"Footwork","floor":5.0},{"not_picked":["Slice","Sucker Punch","Backstab"],"picked":"SKIP","floor":7.0},{"not_picked":["Slice","Sucker Punch","Backstab"],"picked":"SKIP","floor":7.0},{"not_picked":["Acrobatics","Slice","Deadly Poison"],"picked":"SKIP","floor":10.0},{"not_picked":["Acrobatics","Sucker Punch"],"picked":"Blade Dance","floor":11.0},{"not_picked":["Flechettes","Envenom","Underhanded Strike"],"picked":"SKIP","floor":12.0},{"not_picked":["Backflip","Heel Hook","Underhanded Strike"],"picked":"SKIP","floor":13.0},{"not_picked":["Backflip","Heel Hook","Underhanded Strike"],"picked":"SKIP","floor":13.0},{"not_picked":["Backflip","Heel Hook","Underhanded Strike"],"picked":"SKIP","floor":13.0},{"not_picked":["Heel Hook","Underhanded Strike"],"picked":"Backflip","floor":13.0}],"player_experience":560921,"relics_obtained":[{"floor":7.0,"key":"Du-Vu Doll"},{"floor":12.0,"key":"Bottled Tornado"}],"event_choices":[{"damage_healed":0.0,"max_hp_gain":5.0,"max_hp_loss":0.0,"gold_gain":0.0,"event_name":"Big Fish","player_choice":"Donut","floor":3.0,"gold_loss":0.0,"damage_taken":0.0},{"damage_healed":0.0,"max_hp_gain":0.0,"max_hp_loss":0.0,"gold_gain":50.0,"event_name":"Golden Shrine","player_choice":"Pray","floor":4.0,"gold_loss":0.0,"damage_taken":0.0},{"damage_healed":0.0,"max_hp_gain":0.0,"max_hp_loss":0.0,"gold_gain":0.0,"event_name":"Shining Light","player_choice":"Entered Light","floor":14.0,"gold_loss":0.0,"damage_taken":21.0,"cards_upgraded":["Blade Dance","Backflip"]}],"is_beta":false,"boss_relics":[],"items_purged_floors":[2],"is_endless":false,"potions_floor_spawned":[5,7,12],"killed_by":"Slime Boss","ascension_level":20}}