{"host":"wpobqx0jtxs252ev","time":1608262187,"event":{"mods":["AchievementEnabler","Act Like it!","BaseMod","Better Note","Better Sensory Stone","Better Skull","Better Third Choice","Colored Powertips","Downfall","Gensokyo","Hermit","Highlight Path","Infinite Spire","Koishi","Marisa????????","Mimic Mod","Minty Spire (QoL Compilation)","Relic Stats","Replay The Spire","Shade Mod","StSLib","The Construct","The Disciple","The Hierophant","The Jungle","The Mystic","The Runesmith"],"gold_per_floor":[99,29,29,29,69,86,86,113,144,144,170,170,170,193,230,359,359,359,389,389,70,104,143,193,193,216,261,294,294,320,341,368,492,492,492,551,587,615,615],"floor_reached":38,"playtime":3760,"items_purged":[],"score":579,"play_id":"55fefb69-486a-4e20-a1bb-eaf3ad32c5f9","local_time":"20201218002947","is_ascension_mode":false,"campfire_choices":[{"data":"sneckomod:Unknown","floor":1,"key":"SMITH"},{"floor":4,"key":"REST"},{"data":"Pot Of Greed","floor":10,"key":"SMITH"},{"data":"sneckomod:MorePower","floor":18,"key":"SMITH"},{"floor":25,"key":"REST"}],"circlet_count":0,"master_deck":["sneckomod:SnekBite","sneckomod:Unknown+1","sneckomod:Unknown+1","sneckomod:UnknownVulnerable+1","Pot Of Greed+1","sneckomod:UnknownClassSHADE_COLOR","Pot Of Greed","sneckomod:Nope","sneckomod:Nope","sneckomod:UnknownClassMARISA_DERIVATIONS","sneckomod:MorePower+1","sneckomod:UnknownClassMARISA_COLOR","sneckomod:UnknownUncommonSkill+1","sneckomod:Restock","sneckomod:UnknownClassMARISA_COLOR+1","sneckomod:SoulDraw","sneckomod:Unknown3Cost","sneckomod:UnknownClassMARISA_DERIVATIONS+1","sneckomod:UnknownRareAttack","Pot Of Greed","sneckomod:SoulExchange","sneckomod:UnknownClassBLUE","sneckomod:Unknown0Cost","sneckomod:UnknownX","sneckomod:UnknownCommonSkill","sneckomod:UnknownRareAttack","sneckomod:UnknownRareSkill+1","sneckomod:SerpentMind"],"relics":["sneckomod:SneckoSoul","NeowsBlessing","Replay:Bandana","Regal Pillow","PreservedInsect","Grinning Jar","Oddly Smooth Stone","Happy Flower","ReplayTheSpireMod:Ring of Sloth","ReplayTheSpireMod:Ring of Exchange","HandDrill","Gensokyo:DirgeOfMelancholy","Replay:Wax Seal","Torii","Chameleon Ring","War Paint","Prayer Wheel","construct:BoolHorns","Pandora\u0027s Box","CatCart","Potion Belt"],"acts_visited":["Exordium","Gensokyo:Gensokyo","TheBeyond"],"potions_floor_usage":[15,16,26,27,28,30,33,36,36,37],"damage_taken":[{"damage":0,"enemies":"Gensokyo:Cirno","floor":5,"turns":2},{"damage":0,"enemies":"Gensokyo:2_Kodama","floor":6,"turns":1},{"damage":0,"enemies":"Gensokyo:Aya","floor":8,"turns":1},{"damage":0,"enemies":"Gensokyo:3_Fairies","floor":9,"turns":3},{"damage":1,"enemies":"Gensokyo:Gryphon","floor":11,"turns":2},{"damage":0,"enemies":"Gensokyo:LivingMonolith","floor":14,"turns":2},{"damage":1,"enemies":"Gensokyo:VengefulSpirit","floor":15,"turns":4},{"damage":15,"enemies":"downfall:Ironclad","floor":16,"turns":5},{"damage":21,"enemies":"Gensokyo:2_Gloops","floor":19,"turns":5},{"damage":0,"enemies":"downfall:FleeingMerchant","floor":21,"turns":4},{"damage":11,"enemies":"Gensokyo:AngelMirror","floor":22,"turns":3},{"damage":24,"enemies":"Gensokyo:Tenshi","floor":23,"turns":5},{"damage":16,"enemies":"Gensokyo:Monolith_and_Dog","floor":26,"turns":6},{"damage":0,"enemies":"Gensokyo:Koishi","floor":27,"turns":5},{"damage":13,"enemies":"Gensokyo:Mirror_and_Dog","floor":28,"turns":3},{"damage":19,"enemies":"Gensokyo:Wraith","floor":30,"turns":5},{"damage":13,"enemies":"Gensokyo:Monolith_and_Dog","floor":31,"turns":4},{"damage":0,"enemies":"Gensokyo:Swordslinger","floor":32,"turns":5},{"damage":9,"enemies":"downfall:Watcher","floor":33,"turns":7},{"damage":48,"enemies":"Orin","floor":36,"turns":10},{"damage":49,"enemies":"Nemesis","floor":37,"turns":7},{"damage":26,"enemies":"3 Shapes","floor":38,"turns":1}],"seed_played":"8137411352564943488","potions_obtained":[{"floor":5,"key":"sneckomod:DiceRollPotion"},{"floor":8,"key":"BlessingOfTheForge"},{"floor":14,"key":"BlessingOfTheForge"},{"floor":22,"key":"Elixir"},{"floor":23,"key":"LiquidBronze"},{"floor":26,"key":"champ:CounterPotion"},{"floor":27,"key":"SpeedPotion"},{"floor":30,"key":"DistilledChaos"},{"floor":35,"key":"Cursed Concoction"},{"floor":35,"key":"Elixir"},{"floor":36,"key":"AttackPotion"}],"is_trial":false,"path_per_floor":["R","?","?","R","E","M","T","E","M","R","M","?","?","M","M","B",null,"R","M","?","$","M","E","T","R","M","E","M","T","M","M","M","B",null,"R","?","E","M"],"character_chosen":"THE_SNECKO","items_purchased":["Replay:Wax Seal","Torii"],"campfire_rested":2,"item_purchase_floors":[21,21],"current_hp_per_floor":[90,90,51,90,90,91,91,92,92,92,91,91,91,91,91,76,93,93,73,73,73,62,38,38,81,66,66,56,56,38,25,26,18,104,104,56,16,0,0],"gold":615,"neow_bonus":"THREE_ENEMY_KILL","is_daily":false,"chose_seed":false,"campfire_upgraded":3,"win_rate":0.0,"timestamp":1608262187,"path_taken":["R","?","?","R","E","M","T","E","?","R","M","?","?","M","M","BOSS","R","M","?","$","M","E","T","R","M","E","M","?","M","?","M","BOSS","R","?","E","M"],"items_purchased_type":["Relic","Relic"],"build_version":"2020-12-13","purchased_purges":0,"victory":false,"max_hp_per_floor":[90,90,90,90,90,91,91,92,92,92,92,92,92,92,93,93,93,93,94,94,94,94,94,94,94,95,95,96,96,97,97,98,99,104,104,104,105,105,105],"relic_stats":{"Regal Pillow":27,"Happy Flower":[27],"Torii":64,"counters":[22,90],"Prayer Wheel":4,"Pandora\u0027s Box":["sneckomod:SoulExchange","sneckomod:UnknownClassBLUE","sneckomod:Unknown0Cost","sneckomod:UnknownX","sneckomod:UnknownCommonSkill","sneckomod:UnknownRareAttack"],"PreservedInsect":244,"HandDrill":[50],"War Paint":["sneckomod:UnknownVulnerable","sneckomod:Defend"],"obtain_stats":[{"construct:BoolHorns":29,"Potion Belt":37,"ReplayTheSpireMod:Ring of Exchange":13,"Regal Pillow":3,"Gensokyo:DirgeOfMelancholy":20,"NeowsBlessing":0,"Happy Flower":12,"Torii":21,"ReplayTheSpireMod:Ring of Sloth":13,"Oddly Smooth Stone":8,"PreservedInsect":5,"War Paint":24,"sneckomod:SneckoSoul":0,"Mercury Hourglass":31,"Frozen Eye":27,"Replay:Bandana":3,"Chameleon Ring":23,"Prayer Wheel":27,"Pandora\u0027s Box":34,"HandDrill":17,"Grinning Jar":7,"Replay:Wax Seal":21,"CatCart":36},{"construct:BoolHorns":15,"Potion Belt":21,"ReplayTheSpireMod:Ring of Exchange":5,"Regal Pillow":0,"Gensokyo:DirgeOfMelancholy":9,"NeowsBlessing":0,"Happy Flower":5,"Torii":10,"ReplayTheSpireMod:Ring of Sloth":5,"Oddly Smooth Stone":3,"PreservedInsect":1,"War Paint":12,"sneckomod:SneckoSoul":0,"Mercury Hourglass":17,"Frozen Eye":13,"Replay:Bandana":0,"Chameleon Ring":12,"Prayer Wheel":14,"Pandora\u0027s Box":19,"HandDrill":8,"Grinning Jar":2,"Replay:Wax Seal":10,"CatCart":20},{"construct:BoolHorns":51,"Potion Belt":89,"ReplayTheSpireMod:Ring of Exchange":9,"Regal Pillow":0,"Gensokyo:DirgeOfMelancholy":25,"NeowsBlessing":0,"Happy Flower":9,"Torii":29,"ReplayTheSpireMod:Ring of Sloth":9,"Oddly Smooth Stone":4,"PreservedInsect":2,"War Paint":37,"sneckomod:SneckoSoul":0,"Mercury Hourglass":59,"Frozen Eye":43,"Replay:Bandana":0,"Chameleon Ring":37,"Prayer Wheel":48,"Pandora\u0027s Box":72,"HandDrill":20,"Grinning Jar":3,"Replay:Wax Seal":29,"CatCart":82}]},"card_choices":[{"not_picked":["sneckomod:SoulRoll","sneckomod:DiceCrush","sneckomod:DiceBoulder"],"picked":"SKIP","floor":5},{"not_picked":["sneckomod:SoulRoll","sneckomod:DiceCrush","sneckomod:DiceBoulder"],"picked":"SKIP","floor":5},{"not_picked":["sneckomod:MasterEye","sneckomod:QuickMove"],"picked":"sneckomod:UnknownVulnerable","floor":6},{"not_picked":["sneckomod:UnknownClassCHRONO_GOLD","sneckomod:Unknown0Cost"],"picked":"sneckomod:UnknownClassSHADE_COLOR","floor":8},{"not_picked":["sneckomod:UnknownBlock","sneckomod:Unknown1Cost","sneckomod:UnknownWeak"],"picked":"SKIP","floor":9},{"not_picked":["sneckomod:Unknown1Cost","sneckomod:UnknownClassCHRONO_GOLD"],"picked":"sneckomod:Nope","floor":11},{"not_picked":["sneckomod:ImprovisedAttack","sneckomod:UnknownCommonSkill"],"picked":"sneckomod:Nope","floor":14},{"not_picked":["sneckomod:Unknown0Cost","sneckomod:DiceCrush"],"picked":"sneckomod:UnknownClassMARISA_DERIVATIONS","floor":15},{"not_picked":["sneckomod:UnknownRareSkill","sneckomod:UnknownRareAttack"],"picked":"sneckomod:MorePower","floor":16},{"not_picked":["sneckomod:RainOfDice","sneckomod:UnknownCommonAttack+1"],"picked":"sneckomod:UnknownClassMARISA_COLOR","floor":19},{"not_picked":["sneckomod:Nope+1","sneckomod:UnknownClassMYSTIC_PURPLE","sneckomod:UnknownStrike"],"picked":"SKIP","floor":21},{"not_picked":["sneckomod:SlitherStrike","sneckomod:SnekBeam","sneckomod:UnknownCommonSkill"],"picked":"SKIP","floor":22},{"not_picked":["sneckomod:UnknownCommonAttack","sneckomod:UnknownClassDEFAULT_GRAY_COLOR","sneckomod:SnakeSap"],"picked":"SKIP","floor":23},{"not_picked":["sneckomod:UnknownClassDARK_GREEN_COLOR+1","sneckomod:UnknownClassSLIMEBOUND+1"],"picked":"sneckomod:UnknownUncommonSkill+1","floor":26},{"not_picked":["sneckomod:Unknown0Cost","sneckomod:IronFang"],"picked":"sneckomod:Restock","floor":26},{"not_picked":["sneckomod:UnknownVulnerable","sneckomod:ImprovisedAttack","sneckomod:DangerNoodle"],"picked":"SKIP","floor":27},{"not_picked":["sneckomod:UnknownClassPURPLE+1","sneckomod:UnknownVulnerable+1"],"picked":"sneckomod:UnknownClassMARISA_COLOR+1","floor":28},{"not_picked":["sneckomod:QuickMove","sneckomod:UnknownVulnerable","sneckomod:UnknownWeak"],"picked":"SKIP","floor":28},{"not_picked":["sneckomod:SoulRoll","sneckomod:UnknownClassBLUE","sneckomod:UnknownClassDARK_GREEN_COLOR"],"picked":"SKIP","floor":28},{"not_picked":["sneckomod:IronFang","sneckomod:UnknownVulnerable"],"picked":"sneckomod:SoulDraw","floor":30},{"not_picked":["sneckomod:UnknownClassCHRONO_GOLD","sneckomod:Unknown2Cost"],"picked":"sneckomod:Unknown3Cost","floor":30},{"not_picked":["sneckomod:UnknownClassCHRONO_GOLD+1","sneckomod:UnknownClassDEFAULT_GRAY_COLOR+1","sneckomod:UnknownX+1"],"picked":"SKIP","floor":31},{"not_picked":["sneckomod:UnknownStrike","sneckomod:IronFang","sneckomod:UnknownClassDEFAULT_GRAY_COLOR+1"],"picked":"SKIP","floor":31},{"not_picked":["sneckomod:UnknownWeak+1","sneckomod:Unknown1Cost","sneckomod:RainOfDice+1"],"picked":"SKIP","floor":31},{"not_picked":["sneckomod:UnknownExhaust+1","sneckomod:UnknownStrike+1"],"picked":"sneckomod:UnknownClassMARISA_DERIVATIONS+1","floor":32},{"not_picked":["sneckomod:UnknownClassSHADE_COLOR","sneckomod:UnknownClassDEFAULT_GRAY_COLOR","sneckomod:DiceBlock"],"picked":"SKIP","floor":32},{"not_picked":["sneckomod:UnknownClassHEXA_GHOST_PURPLE","sneckomod:SoulDraw+1","sneckomod:UnknownClassDEFAULT_GRAY_COLOR+1"],"picked":"SKIP","floor":32},{"not_picked":["sneckomod:UnknownClassSHADE_COLOR","sneckomod:UnknownClassDEFAULT_GRAY_COLOR","sneckomod:DiceBlock"],"picked":"SKIP","floor":32},{"not_picked":["sneckomod:UnknownClassHEXA_GHOST_PURPLE","sneckomod:SoulDraw+1","sneckomod:UnknownClassDEFAULT_GRAY_COLOR+1"],"picked":"SKIP","floor":32},{"not_picked":["sneckomod:MorePower","sneckomod:DangerNoodle"],"picked":"sneckomod:UnknownRareAttack","floor":33},{"not_picked":["sneckomod:UnknownClassHEXA_GHOST_PURPLE+1","sneckomod:Unknown0Cost+1"],"picked":"sneckomod:UnknownRareSkill+1","floor":37},{"not_picked":["sneckomod:UnknownVulnerable","sneckomod:MasterEye+1"],"picked":"sneckomod:SerpentMind","floor":37}],"player_experience":215195,"relics_obtained":[{"floor":5,"key":"PreservedInsect"},{"floor":7,"key":"Grinning Jar"},{"floor":8,"key":"Oddly Smooth Stone"},{"floor":13,"key":"ReplayTheSpireMod:Ring of Sloth"},{"floor":13,"key":"ReplayTheSpireMod:Ring of Exchange"},{"floor":23,"key":"Chameleon Ring"},{"floor":24,"key":"War Paint"},{"floor":27,"key":"Prayer Wheel"},{"floor":29,"key":"construct:BoolHorns"},{"floor":36,"key":"CatCart"},{"floor":37,"key":"Potion Belt"}],"event_choices":[{"damage_healed":0,"gold_gain":0,"player_choice":"RE RE ","damage_taken":43,"relics_obtained":["Replay:Bandana","Regal Pillow"],"max_hp_gain":0,"max_hp_loss":0,"event_name":"betterSkull:BetterSkull","floor":3,"gold_loss":0,"cards_upgraded":[]},{"damage_healed":0,"gold_gain":0,"player_choice":"Fight","damage_taken":0,"max_hp_gain":0,"max_hp_loss":0,"event_name":"OrinTheCat","floor":36,"gold_loss":0}],"is_beta":false,"boss_relics":[{"not_picked":["Sozu","Lee\u0027s Waffle"],"picked":"HandDrill"},{"not_picked":["ReplayTheSpireMod:SealedPack","Coffee Dripper"],"picked":"Pandora\u0027s Box"}],"items_purged_floors":[],"is_endless":false,"potions_floor_spawned":[5,8,14,22,23,26,27,30,36],"killed_by":"3 Shapes","ascension_level":0}}