{"host":"0m7uut7ws4kj19nt","time":1608287746,"event":{"mods":["AchievementEnabler","BaseMod","Minty Spire (QoL Compilation)","Replay The Spire","StSLib","The Necromancer"],"gold_per_floor":[114,125,50,50,75,110,125,141,141,172,196,96,117,135,135,260,260,278,291,112,112,136,136,170,186,268,268,307,335,368,380,392,404,404],"floor_reached":33,"playtime":2682,"items_purged":["Regret","Defend_W","Defend_W"],"score":353,"play_id":"9e85e283-f59e-4dd9-a233-a80b4a233985","local_time":"20201218173546","is_ascension_mode":false,"campfire_choices":[{"data":"Blood_Is_Power","floor":15,"key":"SMITH"},{"data":"Slay_Living","floor":23,"key":"SMITH"},{"floor":27,"key":"REST"},{"floor":32,"key":"REST"}],"circlet_count":0,"master_deck":["Strike_W+1","Strike_W+1","Strike_W+1","Strike_W+1","Defend_W+1","Defend_W+1","Negative_Energy_Arrows","Bone_Wall","Spectral_Armor","Blood_Is_Power+1","Spectral_Walk","Shade_Step","Negative_Energy_Sphere","Slay_Living+1","Blood_Wake","Blood_Whip+1","Summon_Lich+1","Stop_Heart","Hellfire","Vampiric_Strike"],"relics":["Vampire_Amulet","Mango","Golden Idol","Replay:Bottled Flurry","Pondfish Scales","FossilizedHelix","Velvet Choker","PreservedInsect","Bottled Tornado","MawBank"],"acts_visited":["Exordium","TheCity"],"potions_floor_usage":[10,10,16,18,33,33],"damage_taken":[{"damage":4,"enemies":"2 Louse","floor":1,"turns":4},{"damage":11,"enemies":"Small Slimes","floor":2,"turns":4},{"damage":0,"enemies":"Jaw Worm","floor":5,"turns":6},{"damage":44,"enemies":"Gremlin Nob","floor":6,"turns":6},{"damage":14,"enemies":"Exordium Wildlife","floor":7,"turns":9},{"damage":2,"enemies":"Blue Slaver","floor":8,"turns":3},{"damage":2,"enemies":"3 Sentries","floor":10,"turns":7},{"damage":0,"enemies":"Lots of Slimes","floor":11,"turns":4},{"damage":0,"enemies":"2 Fungi Beasts","floor":13,"turns":3},{"damage":0,"enemies":"Red Slaver","floor":14,"turns":3},{"damage":22,"enemies":"Hexaghost","floor":16,"turns":12},{"damage":12,"enemies":"Chosen","floor":18,"turns":6},{"damage":9,"enemies":"Shell Parasite","floor":19,"turns":6},{"damage":21,"enemies":"Shelled Parasite and Fungi","floor":22,"turns":6},{"damage":28,"enemies":"Gremlin Leader","floor":24,"turns":7},{"damage":9,"enemies":"Snecko","floor":25,"turns":5},{"damage":27,"enemies":"Book of Stabbing","floor":28,"turns":4},{"damage":18,"enemies":"Snake Plant","floor":29,"turns":3},{"damage":10,"enemies":"3 Cultists","floor":30,"turns":4},{"damage":55,"enemies":"Pondfish","floor":33,"turns":6}],"seed_played":"-227524159720995156","potions_obtained":[{"floor":2,"key":"Explosive Potion"},{"floor":5,"key":"AttackPotion"},{"floor":8,"key":"SkillPotion"},{"floor":11,"key":"SmokeBomb"},{"floor":13,"key":"Dexterity Potion"},{"floor":24,"key":"FairyPotion"},{"floor":28,"key":"FearPotion"},{"floor":30,"key":"DistilledChaos"}],"is_trial":false,"path_per_floor":["M","M","$","?","M","E","M","M","T","E","M","$","M","M","R","B",null,"M","M","$","?","M","R","E","M","T","R","E","M","M","?","R","B"],"character_chosen":"NECROMANCER","items_purchased":["Summon_Lich+1"],"campfire_rested":2,"item_purchase_floors":[20],"current_hp_per_floor":[89,80,80,80,82,40,30,30,30,34,44,44,48,50,50,30,82,72,65,65,65,48,48,30,23,23,47,22,6,26,26,50,0,0],"gold":404,"neow_bonus":"RANDOM_EVENT","is_daily":false,"chose_seed":false,"campfire_upgraded":2,"win_rate":0.0,"timestamp":1608287746,"path_taken":["M","M","$","?","M","E","M","M","T","E","M","$","M","M","R","BOSS","M","M","$","?","M","R","E","M","T","R","E","M","M","?","R","BOSS"],"items_purchased_type":["Card"],"build_version":"2020-12-13","purchased_purges":3,"victory":false,"max_hp_per_floor":[89,89,89,82,82,82,82,82,82,82,82,82,82,82,82,82,82,82,82,82,82,82,82,82,82,82,82,82,82,82,82,82,82,82],"card_choices":[{"not_picked":["Bone_Armor","Bone_Bullets","Violent_Necrosis"],"picked":"SKIP","floor":1},{"not_picked":["Siphon_Strength","Finger_Of_Death","Bone_Spikes"],"picked":"SKIP","floor":2},{"not_picked":["Negative_Energy_Mist","Blood_Whip"],"picked":"Spectral_Armor","floor":5},{"not_picked":["Summon_Lich","Shackles_Of_Pain"],"picked":"Blood_Is_Power","floor":6},{"not_picked":["Plague_Bolt","Summon_Death_Knight"],"picked":"Spectral_Walk","floor":7},{"not_picked":["Death_Coil","Bone_Bullets","Chill_Blood"],"picked":"SKIP","floor":8},{"not_picked":["Deaths_Shadow","Plague_Bolt"],"picked":"Shade_Step","floor":10},{"not_picked":["Siphon_Strength","Bone_Bullets"],"picked":"Negative_Energy_Sphere","floor":11},{"not_picked":["Bone_Bullets","Negative_Energy_Shield","Shackles_Of_Pain"],"picked":"SKIP","floor":13},{"not_picked":["Negative_Energy_Javelin","Negative_Energy_Sphere"],"picked":"Slay_Living","floor":14},{"not_picked":["Summon_Vampire_Lady","Detonate_Bones"],"picked":"Blood_Wake","floor":16},{"not_picked":["Bone_Armory","Bone_Armor","Scare+1"],"picked":"SKIP","floor":18},{"not_picked":["Bone_Armor","Negative_Energy_Javelin"],"picked":"Blood_Whip+1","floor":19},{"not_picked":["Chill_Blood","Uncharnel","Blood_Whip"],"picked":"SKIP","floor":22},{"not_picked":["Negative_Energy_Sphere+1","Death_March_Dance","Blood_Curse"],"picked":"SKIP","floor":24},{"not_picked":["Bones_to_Steel+1","Bone_Armor+1"],"picked":"Stop_Heart","floor":25},{"not_picked":["Negative_Energy_Sphere","Blood_Shield"],"picked":"Hellfire","floor":28},{"not_picked":["Blood_Curse","Shackles_Of_Pain"],"picked":"Vampiric_Strike","floor":29},{"not_picked":["Scare","Deaths_Shadow","Shackles_Of_Pain"],"picked":"SKIP","floor":30}],"player_experience":67526,"relics_obtained":[{"floor":6,"key":"Replay:Bottled Flurry"},{"floor":9,"key":"Pondfish Scales"},{"floor":10,"key":"FossilizedHelix"},{"floor":24,"key":"PreservedInsect"},{"floor":26,"key":"Bottled Tornado"},{"floor":28,"key":"MawBank"}],"event_choices":[{"damage_healed":0,"gold_gain":0,"player_choice":"Box","damage_taken":0,"relics_obtained":["Mango"],"max_hp_gain":0,"max_hp_loss":0,"event_name":"Big Fish","floor":0,"gold_loss":0,"cards_obtained":["Regret"]},{"damage_healed":0,"gold_gain":0,"player_choice":"Lose Max HP","damage_taken":0,"relics_obtained":["Golden Idol"],"max_hp_gain":0,"max_hp_loss":7,"event_name":"Golden Idol","floor":4,"gold_loss":0},{"damage_healed":0,"gold_gain":0,"player_choice":"Ignored","damage_taken":0,"max_hp_gain":0,"max_hp_loss":0,"event_name":"Ghosts","floor":21,"gold_loss":0},{"damage_healed":0,"gold_gain":0,"player_choice":"Simplicity","damage_taken":0,"max_hp_gain":0,"max_hp_loss":0,"event_name":"Back to Basics","floor":31,"gold_loss":0,"cards_upgraded":["Strike_W","Strike_W","Strike_W","Strike_W","Defend_W","Defend_W"]}],"is_beta":false,"boss_relics":[{"not_picked":["Philosopher\u0027s Stone","Runic Dome"],"picked":"Velvet Choker"}],"items_purged_floors":[3,12,20],"is_endless":false,"potions_floor_spawned":[2,5,8,11,13,24,28,30],"killed_by":"Pondfish","ascension_level":0}}