{"host":"ds28d883r3sz42zs","time":1608319099,"event":{"mods":["2.2 Compatiblity","AchievementEnabler","Act Like it!","Aspiration","BaseMod","Bestiary","Better Match","Better Sensory Stone","Better Silent Start","Better Third Choice","Better-Laid Plans","BetterRewards","Block Reminder","Challenge The Spire","Colored Map","Colored Powertips","Conspire","DeckTracker","Defuse TimeMaze Blight","Disable Question Mark Monsters","Displayed Cursed Tome","Downfall","Emptier Cage","GifTheSpireLib","Gold Saver","Hubris","Infinite Spire","Minty Spire (QoL Compilation)","Permanent Neow","Practice Mode","Quick Restart","Random Character Button","Rare Cards Sparkle","Relic Filter","Relic Sorter","Relic Stats","Replay The Spire","SacredBarkPlus","StSLib","Stuff the Spire","SuperFastMode","The Jungle","Uncapped","Unknown Chances"],"gold_per_floor":[109,109,119,131,143,143,176,176,257,292,292,327,16,46,46,121,121,139,139,157,157,157,157,157],"floor_reached":23,"playtime":1101,"items_purged":[],"score":517,"play_id":"610c5cd2-63bf-4368-b78a-f7ae73b20fda","local_time":"20201218141819","is_ascension_mode":true,"campfire_choices":[{"data":"Blade Dance","floor":6,"key":"SMITH"},{"data":"Backstab","floor":8,"key":"SMITH"},{"data":"Footwork","floor":15,"key":"SMITH"}],"circlet_count":0,"master_deck":["AscendersBane","Strike_G","Strike_G","Strike_G","Defend_G","Defend_G","Defend_G","Defend_G","Survivor","Neutralize+1","Blade Dance+1","Backstab+1","Footwork+1","StuffTheSpire:Repulse","Hidden Blade","StuffTheSpire:Shiver","Heel Hook","hubris:Sloth","hubris:Gluttony","Regret","hubris:Wrath","infinitespire:SevenWalls","Burst","Replay:SS_fish_3","Guardian:CurlUp","Deflect","StuffTheSpire:CuriosityCurse","StuffTheSpire:DeathNote"],"relics":["Ring of the Snake","Darkstone Periapt","StuffTheSpire:EmeraldSignet","ReplayTheSpireMod:Lightbulb","Onion Ring","Gremlin Horn","conspire:DeflatedDodgeball","Replay:Ancient Bell","hubris:SlimyHat","Pantograph","ReplayTheSpireMod:SealedPack","aspiration:FetidBarrel","hubris:Icosahedron"],"acts_visited":["Exordium","TheCity"],"potions_floor_usage":[10,16],"damage_taken":[{"damage":0,"enemies":"Jaw Worm","floor":1,"turns":5},{"damage":0,"enemies":"Cultist","floor":3,"turns":3},{"damage":0,"enemies":"2 Louse","floor":4,"turns":2},{"damage":0,"enemies":"Looter","floor":5,"turns":3},{"damage":30,"enemies":"3 Sentries","floor":7,"turns":13},{"damage":16,"enemies":"Lagavulin","floor":10,"turns":11},{"damage":13,"enemies":"3 Sentries","floor":12,"turns":11},{"damage":7,"enemies":"Gremlin Nob","floor":14,"turns":4},{"damage":0,"enemies":"Hexaghost","floor":16,"turns":10},{"damage":6,"enemies":"3 Byrds","floor":18,"turns":5},{"damage":0,"enemies":"Spheric Guardian","floor":20,"turns":3},{"damage":63,"enemies":"Gremlin Leader","floor":23,"turns":5}],"seed_played":"7090983508215096019","potions_obtained":[{"floor":3,"key":"Regen Potion"},{"floor":5,"key":"Ancient Potion"}],"is_trial":false,"path_per_floor":["M","?","M","M","M","R","E","R","T","E","?","E","$","E","R","B",null,"M","?","M","?","?","E"],"character_chosen":"THE_SILENT","items_purchased":["Gremlin Horn","PowerPotion"],"campfire_rested":0,"item_purchase_floors":[13,13],"current_hp_per_floor":[59,59,59,59,59,59,29,29,29,28,33,26,26,19,19,27,84,78,84,86,61,61,0,0],"gold":157,"neow_bonus":"UPGRADE_CARD","is_daily":false,"chose_seed":false,"campfire_upgraded":3,"win_rate":0.0,"timestamp":1608319099,"path_taken":["M","?","M","?","M","R","E","R","T","E","?","E","?","E","R","BOSS","M","?","M","?","?","E"],"items_purchased_type":["Relic","Potion"],"build_version":"2020-12-13","purchased_purges":0,"victory":false,"max_hp_per_floor":[66,66,66,66,66,66,66,66,66,66,71,71,71,71,71,71,95,95,101,101,101,101,101,101],"relic_stats":{"Darkstone Periapt":30,"Gremlin Horn":[4,4],"counters":[12,75],"Pantograph":0,"obtain_stats":[{"Darkstone Periapt":7,"Gremlin Horn":13,"aspiration:FetidBarrel":19,"StuffTheSpire:EmeraldSignet":9,"ReplayTheSpireMod:SealedPack":17,"Replay:Ancient Bell":17,"hubris:SlimyHat":17,"hubris:Icosahedron":22,"Pantograph":17,"Onion Ring":12,"conspire:DeflatedDodgeball":14,"ReplayTheSpireMod:Lightbulb":10,"Ring of the Snake":0},{"Darkstone Periapt":5,"Gremlin Horn":7,"aspiration:FetidBarrel":10,"StuffTheSpire:EmeraldSignet":5,"ReplayTheSpireMod:SealedPack":9,"Replay:Ancient Bell":9,"hubris:SlimyHat":9,"hubris:Icosahedron":11,"Pantograph":9,"Onion Ring":7,"conspire:DeflatedDodgeball":8,"ReplayTheSpireMod:Lightbulb":6,"Ring of the Snake":0},{"Darkstone Periapt":26,"Gremlin Horn":48,"aspiration:FetidBarrel":67,"StuffTheSpire:EmeraldSignet":26,"ReplayTheSpireMod:SealedPack":62,"Replay:Ancient Bell":62,"hubris:SlimyHat":62,"hubris:Icosahedron":70,"Pantograph":62,"Onion Ring":48,"conspire:DeflatedDodgeball":52,"ReplayTheSpireMod:Lightbulb":37,"Ring of the Snake":0}],"Ring of the Snake":[61]},"card_choices":[{"not_picked":["StuffTheSpire:BumpUp","Leg Sweep"],"picked":"Blade Dance","floor":1},{"not_picked":["Underhanded Strike","StuffTheSpire:BumpUp"],"picked":"Backstab","floor":3},{"not_picked":["Hidden Blade","Deflect"],"picked":"Footwork","floor":4},{"not_picked":["StuffTheSpire:MirrorStance","Expertise"],"picked":"StuffTheSpire:Repulse","floor":5},{"not_picked":["Dodge and Roll","ReplayTheSpireMod:The Works"],"picked":"Hidden Blade","floor":7},{"not_picked":["Acrobatics","Wraith Form v2"],"picked":"StuffTheSpire:Shiver","floor":10},{"not_picked":["PiercingWail","Flechettes"],"picked":"Heel Hook","floor":12},{"not_picked":["StuffTheSpire:ClusterCrunch","All Out Attack","Hidden Blade"],"picked":"SKIP","floor":14},{"not_picked":["sneckomod:Bewildered","Regret"],"picked":"hubris:Sloth","floor":17},{"not_picked":["hubris:Disease","Pain"],"picked":"hubris:Gluttony","floor":17},{"not_picked":["hexamod:Haunted","Parasite"],"picked":"Regret","floor":17},{"not_picked":["ReplayTheSpireMod:Echoes of Time","infinitespire:Menacing"],"picked":"infinitespire:SevenWalls","floor":17},{"not_picked":["Doppelganger","Die Die Die"],"picked":"Burst","floor":17},{"not_picked":["Replay:SS_fish_2","expansioncontent:PrepareCrush"],"picked":"Replay:SS_fish_3","floor":17},{"not_picked":["Eruption","Neutralize"],"picked":"Guardian:CurlUp","floor":17},{"not_picked":["Backstab","Outmaneuver"],"picked":"Deflect","floor":18},{"not_picked":["Blur","StuffTheSpire:Python","Slice"],"picked":"SKIP","floor":20}],"player_experience":700951,"relics_obtained":[{"floor":7,"key":"Darkstone Periapt"},{"floor":9,"key":"StuffTheSpire:EmeraldSignet"},{"floor":10,"key":"ReplayTheSpireMod:Lightbulb"},{"floor":12,"key":"Onion Ring"},{"floor":14,"key":"conspire:DeflatedDodgeball"}],"event_choices":[{"cards_removed":["Strike_G"],"damage_healed":0,"gold_gain":0,"player_choice":"Purged","damage_taken":0,"max_hp_gain":0,"max_hp_loss":0,"event_name":"Purifier","floor":2,"gold_loss":0},{"damage_healed":0,"gold_gain":0,"player_choice":"Donut","damage_taken":0,"max_hp_gain":5,"max_hp_loss":0,"event_name":"Big Fish","floor":11,"gold_loss":0}],"is_beta":false,"boss_relics":[{"not_picked":["Painkiller Herb","conspire:RunicOctahedron"],"picked":"Replay:Ancient Bell"},{"not_picked":["hubris:TenFootPole","Regal Pillow"],"picked":"hubris:SlimyHat"},{"not_picked":["infinitespire:Bottled Soul","conspire:BottledYoYo"],"picked":"Pantograph"},{"not_picked":["CaptainsWheel","Gambling Chip"],"picked":"ReplayTheSpireMod:SealedPack"}],"items_purged_floors":[],"is_endless":false,"potions_floor_spawned":[3,5,7],"killed_by":"Gremlin Leader","ascension_level":15}}