{"host":"wonp23fsqqcu31ie","time":1608281166,"event":{"mods":["2.2 Compatiblity","AchievementEnabler","Aspiration","BaseMod","Bestiary","Better Altar","Better Match","Better Sensory Stone","Better Skull","Better Third Choice","BetterRewards","Block Reminder","Colored Map","Colored Powertips","Conspire","DeckTracker","Displayed Cursed Tome","Downfall","Hermit","Highlight Path","Hubris","Minty Spire (QoL Compilation)","Permanent Neow","Quick Restart","Rare Cards Sparkle","Relic Stats","Replay The Spire","Shade Mod","Shop Mod","StSLib","SuperFastMode","The Animator","The Cursed","The Gatherer","The Necromancer","The Runesmith","The Servant 0.9.4"],"gold_per_floor":[113,136,168,168,168,168,118,128,478,578,522,52,94,110,110,215,215,228,242,19,43,43,71,84,84,84,34,75,91,91,105,105,201,201,214,164,203,203,0,35,76,102,156,170,190,190,22,22,22,22,22,22,22,80,80],"floor_reached":56,"playtime":13004,"items_purged":["Shame","Normality","Normality","Spreading Infection","ReplayTheSpireMod:Splinters","animator:Curse_Rozen"],"score":1539,"play_id":"389d451b-f2cb-4d54-81ec-f18f55d7787e","local_time":"20201218194606","is_ascension_mode":true,"campfire_choices":[{"floor":6,"key":"RECALL"},{"floor":15,"key":"REST"},{"floor":25,"key":"REST"},{"floor":32,"key":"REST"},{"floor":49,"key":"REST"},{"data":"animator:FeridBathory","floor":52,"key":"SMITH"}],"circlet_count":0,"master_deck":["animator:Strike_Konosuba","animator:Defend_Konosuba","animator:Strike","animator:Strike","animator:Strike","animator:Defend","animator:Defend","animator:Defend","animator:Kazuma","animator:Aqua","animator:Berserker","animator:Souei","animator:Megumin+12","animator:YunYun","animator:Verdia","animator:Yoichi","animator:RoyMustang","animator:FeridBathory","AbeCurse","CurseOfTheBell","animator:Darkness","animator:Benimaru","animator:Patchouli","animator:LimeBell","animator:Canti","animator:Shion+1","animator:MetalKnight","animator:Mitsuba+1","animator:Shizu","ReplayTheSpireMod:Faulty Equipment","animator:UneriGinkaku+1","animator:Mitsurugi","animator:FeridBathory+1","animator:GazelDwargon+1","animator:HiiragiShinya+1","animator:Gilgamesh+1"],"relics":["animator:LivingPicture","animator:TheMissingPiece","Gatherer:AlchemyBag","aspiration:BabyByrd","ReplayTheSpireMod:Ring of Collecting","Ring of Searing","Ring of Greed","Smiling Mask","MerchantsRug","animator:CerealBox","ReplayTheSpireMod:TigerMarble","Pondfish Scales","Abe\u0027s Treasure","aspiration:FutureDiary","aspiration:PoetsPen_weak","aspiration:VileToxins","aspiration:FrozenJewel","hubris:Zylophone","aspiration:ChemicalBlood","aspiration:Lifesprig","CaptainsWheel","Runesmith:Locket","Ring of Fury","animator:Buoy","hubris:Metronome","animator:SoulGem","conspire:DeflatedDodgeball","DataDisk","animator:BattleDrones","Red Skull","ReplayTheSpireMod:Ring of Challenge","Happy Flower","Spirit Poop","Nunchaku"],"acts_visited":["Exordium","TheCity","TheBeyond","TheEnding"],"potions_floor_usage":[16,16,16,24,28,29,33,33,33,33,45,50,50,50,54,55,55,55],"damage_taken":[{"damage":2,"enemies":"Cultist","floor":1,"turns":5},{"damage":0,"enemies":"Small Slimes","floor":2,"turns":3},{"damage":0,"enemies":"2 Louse","floor":3,"turns":4},{"damage":12,"enemies":"2 Fungi Beasts","floor":8,"turns":3},{"damage":24,"enemies":"Replay:BlueRogue","floor":11,"turns":4},{"damage":3,"enemies":"3 Sentries","floor":13,"turns":4},{"damage":2,"enemies":"Lots of Slimes","floor":14,"turns":2},{"damage":40,"enemies":"The Guardian","floor":16,"turns":7},{"damage":31,"enemies":"conspire:FuzzyDice","floor":18,"turns":5},{"damage":8,"enemies":"Chosen","floor":19,"turns":5},{"damage":2,"enemies":"3 Cultists","floor":21,"turns":4},{"damage":0,"enemies":"Gremlin Leader","floor":23,"turns":4},{"damage":12,"enemies":"Centurion and Healer","floor":24,"turns":2},{"damage":10,"enemies":"animator:HornedBat","floor":28,"turns":3},{"damage":6,"enemies":"Chosen and Byrds","floor":29,"turns":3},{"damage":5,"enemies":"Cultist and Chosen","floor":31,"turns":3},{"damage":13,"enemies":"conspire:MysteriousRune","floor":33,"turns":4},{"damage":21,"enemies":"3 Shapes","floor":35,"turns":3},{"damage":0,"enemies":"3 Darklings","floor":37,"turns":2},{"damage":0,"enemies":"R_Hoarder","floor":40,"turns":3},{"damage":10,"enemies":"Sphere and 2 Shapes","floor":41,"turns":2},{"damage":0,"enemies":"Giant Head","floor":42,"turns":6},{"damage":0,"enemies":"Writhing Mass","floor":44,"turns":1},{"damage":15,"enemies":"Jaw Worm Horde","floor":45,"turns":2},{"damage":20,"enemies":"Donu and Deca","floor":50,"turns":4},{"damage":45,"enemies":"Shield and Spear","floor":54,"turns":3},{"damage":36,"enemies":"The Heart","floor":55,"turns":6}],"seed_played":"-6775339401580646633","potions_obtained":[{"floor":1,"key":"Venom Potion"},{"floor":11,"key":"Explosive Potion"},{"floor":13,"key":"ColorlessPotion"},{"floor":16,"key":"SteroidPotion"},{"floor":21,"key":"Energy Potion"},{"floor":23,"key":"Death Potion"},{"floor":24,"key":"Doom Potion"},{"floor":28,"key":"Explosive Potion"},{"floor":29,"key":"AttackPotion"},{"floor":37,"key":"Strength Potion"}],"is_trial":false,"path_per_floor":["M","M","M","?","?","R","?","M","T","?","E","$","E","M","R","B",null,"M","M","$","M","?","E","M","R","T","$","E","M","?","M","R","B",null,"M","$","M","?","$","E","M","E","T","M","M","?","$","?","R","B",null,"R","$","E","B",null],"character_chosen":"THE_ANIMATOR","items_purchased":["MerchantsRug","animator:CerealBox","ReplayTheSpireMod:TigerMarble","aspiration:ChemicalBlood","aspiration:Lifesprig","ReplayTheSpireMod:ShopPack","conspire:DeflatedDodgeball","DataDisk","animator:Gilgamesh"],"campfire_rested":4,"item_purchase_floors":[12,12,12,20,20,20,36,39,47],"current_hp_per_floor":[64,66,66,66,66,66,66,57,57,57,35,35,34,32,52,35,68,40,35,35,45,45,47,35,56,56,56,48,46,50,45,66,64,71,50,50,52,52,52,52,42,44,44,44,30,30,30,30,51,57,72,72,72,27,1],"gold":80,"neow_bonus":"NOSTALGIA","is_daily":false,"chose_seed":false,"campfire_upgraded":1,"win_rate":0.0,"timestamp":1608281166,"path_taken":["M","M","?","?","?","R","?","M","T","?","E","$","E","?","R","BOSS","M","M","$","M","?","E","M","R","T","$","E","M","?","M","R","BOSS","M","$","M","?","$","E","M","E","T","M","?","?","?","?","R","BOSS","R","$","E","BOSS"],"items_purchased_type":["Relic","Relic","Relic","Relic","Relic","Relic","Relic","Relic","Card"],"build_version":"2020-12-13","purchased_purges":6,"victory":true,"max_hp_per_floor":[66,66,66,66,66,66,66,67,67,67,67,67,67,67,67,68,68,69,70,70,70,70,70,70,70,70,70,70,70,70,70,70,71,71,71,71,71,71,71,71,71,71,71,71,72,72,72,72,72,72,72,72,72,72,72],"relic_stats":{"Nunchaku":[1],"Happy Flower":[5],"counters":[27,97],"Smiling Mask":525,"obtain_stats":[{"aspiration:Lifesprig":20,"hubris:Metronome":34,"animator:TheMissingPiece":0,"Runesmith:Locket":23,"Spirit Poop":46,"aspiration:PoetsPen_weak":17,"Smiling Mask":9,"Ring of Searing":5,"Old Coin":9,"Nunchaku":54,"aspiration:BabyByrd":4,"aspiration:FutureDiary":17,"Red Skull":42,"aspiration:ChemicalBlood":20,"aspiration:VileToxins":17,"animator:Buoy":28,"MerchantsRug":12,"Happy Flower":43,"aspiration:Nostalgia":0,"Replay:Grab Bag":17,"animator:BattleDrones":40,"Replay:Ancient Bell":34,"Omamori":34,"Ring of Greed":9,"aspiration:HiddenCompartment":11,"Question Card":26,"aspiration:FrozenJewel":17,"animator:CerealBox":12,"animator:SoulGem":34,"Calling Bell":17,"hubris:Zylophone":17,"Pondfish Scales":13,"CaptainsWheel":22,"DataDisk":39,"ReplayTheSpireMod:Ring of Collecting":5,"Ring of Fury":26,"animator:LivingPicture":0,"ReplayTheSpireMod:TigerMarble":12,"conspire:DeflatedDodgeball":36,"ReplayTheSpireMod:Ring of Challenge":43,"Gatherer:AlchemyBag":0,"Abe\u0027s Treasure":17,"ReplayTheSpireMod:ShopPack":20},{"aspiration:Lifesprig":10,"hubris:Metronome":17,"animator:TheMissingPiece":0,"Runesmith:Locket":12,"Spirit Poop":24,"aspiration:PoetsPen_weak":8,"Smiling Mask":4,"Ring of Searing":3,"Old Coin":4,"Nunchaku":26,"aspiration:BabyByrd":3,"aspiration:FutureDiary":8,"Red Skull":22,"aspiration:ChemicalBlood":10,"aspiration:VileToxins":8,"animator:Buoy":14,"MerchantsRug":5,"Happy Flower":22,"aspiration:Nostalgia":0,"Replay:Grab Bag":8,"animator:BattleDrones":20,"Replay:Ancient Bell":17,"Omamori":17,"Ring of Greed":4,"aspiration:HiddenCompartment":5,"Question Card":13,"aspiration:FrozenJewel":8,"animator:CerealBox":5,"animator:SoulGem":17,"Calling Bell":8,"hubris:Zylophone":8,"Pondfish Scales":6,"CaptainsWheel":11,"DataDisk":19,"ReplayTheSpireMod:Ring of Collecting":3,"Ring of Fury":13,"animator:LivingPicture":0,"ReplayTheSpireMod:TigerMarble":5,"conspire:DeflatedDodgeball":18,"ReplayTheSpireMod:Ring of Challenge":22,"Gatherer:AlchemyBag":0,"Abe\u0027s Treasure":8,"ReplayTheSpireMod:ShopPack":10},{"aspiration:Lifesprig":42,"hubris:Metronome":65,"animator:TheMissingPiece":0,"Runesmith:Locket":50,"Spirit Poop":84,"aspiration:PoetsPen_weak":32,"Smiling Mask":15,"Ring of Searing":12,"Old Coin":15,"Nunchaku":91,"aspiration:BabyByrd":12,"aspiration:FutureDiary":32,"Red Skull":81,"aspiration:ChemicalBlood":42,"aspiration:VileToxins":32,"animator:Buoy":55,"MerchantsRug":19,"Happy Flower":81,"aspiration:Nostalgia":0,"Replay:Grab Bag":32,"animator:BattleDrones":73,"Replay:Ancient Bell":65,"Omamori":65,"Ring of Greed":15,"aspiration:HiddenCompartment":19,"Question Card":52,"aspiration:FrozenJewel":32,"animator:CerealBox":19,"animator:SoulGem":65,"Calling Bell":32,"hubris:Zylophone":32,"Pondfish Scales":23,"CaptainsWheel":46,"DataDisk":70,"ReplayTheSpireMod:Ring of Collecting":12,"Ring of Fury":52,"animator:LivingPicture":0,"ReplayTheSpireMod:TigerMarble":19,"conspire:DeflatedDodgeball":68,"ReplayTheSpireMod:Ring of Challenge":81,"Gatherer:AlchemyBag":0,"Abe\u0027s Treasure":32,"ReplayTheSpireMod:ShopPack":42}]},"card_choices":[{"not_picked":["animator:WinryRockbell","animator:Gluttony"],"picked":"animator:Berserker","floor":1},{"not_picked":["animator:HiiragiShinya","animator:SakuraMatou"],"picked":"animator:Souei","floor":2},{"not_picked":["animator:Illya","animator:WinryRockbell"],"picked":"animator:Megumin","floor":3},{"not_picked":["animator:Kazuma","animator:Verdia"],"picked":"animator:YunYun","floor":8},{"not_picked":["animator:Greed","animator:ShinjiMatou"],"picked":"animator:Verdia","floor":11},{"not_picked":["animator:Genos","animator:Konayuki"],"picked":"animator:Yoichi","floor":13},{"not_picked":["animator:Togame","animator:MaesHughes"],"picked":"animator:RoyMustang","floor":14},{"not_picked":["animator:Father","animator:Rimuru"],"picked":"animator:FeridBathory","floor":16},{"not_picked":["animator:Chris","animator:Vanir"],"picked":"animator:Darkness","floor":18},{"not_picked":["animator:Togame","animator:Geryuganshoop"],"picked":"animator:Benimaru","floor":19},{"not_picked":["animator:TakanashiRikka","animator:TanyaDegurechaff"],"picked":"animator:Patchouli","floor":20},{"not_picked":["animator:Zero","animator:Lelouch"],"picked":"animator:LimeBell","floor":20},{"not_picked":["animator:Magilou","animator:Shimakaze"],"picked":"animator:Canti","floor":20},{"not_picked":["animator:Benimaru","animator:MumenRider+1"],"picked":"animator:Shion+1","floor":21},{"not_picked":["animator:Boros","animator:Verdia"],"picked":"animator:MetalKnight","floor":23},{"not_picked":["animator:Mitsurugi","animator:Verdia"],"picked":"animator:Megumin","floor":24},{"not_picked":["animator:Benimaru","animator:ZankiKiguchi+1","animator:Saitama"],"picked":"animator:Mitsuba+1","floor":28},{"not_picked":["animator:Tatsumaki","animator:Hitei","animator:ElricEdward","animator:Benimaru"],"picked":"SKIP","floor":29},{"not_picked":["animator:Lancer","animator:Kazuma","animator:SilverFang","animator:Tatsumaki"],"picked":"SKIP","floor":31},{"not_picked":["animator:Saber","animator:HigakiRinne","animator:Biyorigo"],"picked":"animator:Shizu","floor":33},{"not_picked":["ReplayTheSpireMod:Restless Dread","ReplayTheSpireMod:Splinters","Overencumbered"],"picked":"Slimebound:Icky","floor":34},{"not_picked":["hubris:Disease","Injury","Spreading Infection"],"picked":"hubris:Wrath","floor":34},{"not_picked":["animator:Curse_GriefSeed","animator:Curse_Greed","Delirium"],"picked":"ReplayTheSpireMod:Faulty Equipment","floor":34},{"not_picked":["animator:ElricAlphonse","animator:Berserker+1","animator:Benimaru"],"picked":"animator:UneriGinkaku+1","floor":35},{"not_picked":["animator:Kazuma","animator:Verdia"],"picked":"animator:Mitsurugi","floor":37},{"not_picked":["animator:Togame+1","animator:Emonzaemon"],"picked":"animator:FeridBathory","floor":40},{"not_picked":["animator:Rider","animator:Shigure+1"],"picked":"animator:GazelDwargon+1","floor":41},{"not_picked":["animator:Greed","animator:Illya","animator:Konayuki"],"picked":"SKIP","floor":42},{"not_picked":["animator:Mitsurugi","animator:Kazuma"],"picked":"animator:Megumin","floor":44},{"not_picked":["animator:Kazuma","animator:Emonzaemon"],"picked":"animator:HiiragiShinya+1","floor":45},{"not_picked":["animator:SakuraMatou+1","animator:Yoichi+1","animator:Souei+1"],"picked":"SKIP","floor":54}],"player_experience":633096,"relics_obtained":[{"floor":5,"key":"ReplayTheSpireMod:Ring of Collecting"},{"floor":5,"key":"Ring of Searing"},{"floor":9,"key":"Ring of Greed"},{"floor":9,"key":"Old Coin"},{"floor":9,"key":"Smiling Mask"},{"floor":11,"key":"aspiration:HiddenCompartment"},{"floor":13,"key":"Pondfish Scales"},{"floor":17,"key":"aspiration:VileToxins"},{"floor":17,"key":"aspiration:FrozenJewel"},{"floor":17,"key":"hubris:Zylophone"},{"floor":23,"key":"Runesmith:Locket"},{"floor":26,"key":"Ring of Fury"},{"floor":26,"key":"Question Card"},{"floor":28,"key":"animator:Buoy"},{"floor":40,"key":"animator:BattleDrones"},{"floor":42,"key":"Red Skull"},{"floor":43,"key":"ReplayTheSpireMod:Ring of Challenge"},{"floor":43,"key":"Happy Flower"},{"floor":54,"key":"Nunchaku"}],"event_choices":[{"cards_removed":["Looming Evil"],"damage_healed":0,"gold_gain":0,"player_choice":"Card Removal","damage_taken":0,"max_hp_gain":0,"max_hp_loss":0,"event_name":"The Cleric","floor":7,"gold_loss":50},{"damage_healed":0,"gold_gain":100,"player_choice":"Pray","damage_taken":0,"max_hp_gain":0,"max_hp_loss":0,"event_name":"Golden Shrine","floor":10,"gold_loss":0},{"damage_healed":0,"gold_gain":0,"player_choice":"Opened","damage_taken":0,"relics_obtained":["CaptainsWheel"],"max_hp_gain":0,"max_hp_loss":0,"event_name":"The Mausoleum","floor":22,"gold_loss":0,"cards_obtained":["Writhe"]},{"damage_healed":4,"gold_gain":0,"player_choice":"LEAVE ","damage_taken":0,"relics_obtained":[],"max_hp_gain":0,"max_hp_loss":0,"event_name":"betterSkull:BetterSkull","floor":30,"gold_loss":0,"cards_upgraded":[]},{"cards_removed":["conspire:Blindness"],"damage_healed":0,"gold_gain":0,"player_choice":"Purged","damage_taken":0,"max_hp_gain":0,"max_hp_loss":0,"event_name":"Purifier","floor":38,"gold_loss":0},{"cards_removed":["animator:Curse_Greed"],"damage_healed":0,"gold_gain":0,"player_choice":"Offered Curse","damage_taken":0,"relics_obtained":["Spirit Poop"],"max_hp_gain":0,"max_hp_loss":0,"event_name":"Bonfire Elementals","floor":46,"gold_loss":0},{"cards_removed":["Writhe"],"damage_healed":0,"gold_gain":0,"player_choice":"Removed","damage_taken":0,"max_hp_gain":0,"max_hp_loss":0,"event_name":"The Cursed Forest","floor":48,"gold_loss":0},{"cards_removed":["Delirium"],"damage_healed":0,"gold_gain":0,"player_choice":"Removed","damage_taken":0,"max_hp_gain":0,"max_hp_loss":0,"event_name":"The Cursed Forest","floor":48,"gold_loss":0}],"is_beta":false,"boss_relics":[{"not_picked":["aspiration:SecretTechniqueScroll","aspiration:RunicSpoon"],"picked":"Replay:Grab Bag"},{"not_picked":["ChewingGum","Ectoplasm"],"picked":"Abe\u0027s Treasure"},{"not_picked":["Velvet Choker","Coffee Dripper"],"picked":"aspiration:FutureDiary"},{"not_picked":["hubris:HollowSoul","Empty Cage"],"picked":"Calling Bell"},{"not_picked":["Astrolabe","SacredBark"],"picked":"aspiration:PoetsPen_weak"},{"not_picked":["Kintsugi","animator:CursedBlade"],"picked":"Replay:Ancient Bell"},{"not_picked":["ReplayTheSpireMod:Lightbulb","Replay:Mystery Machine"],"picked":"Omamori"},{"not_picked":["Mirror","Toxic Egg 2"],"picked":"hubris:Metronome"},{"not_picked":["Bird Faced Urn","Unceasing Top"],"picked":"animator:SoulGem"}],"items_purged_floors":[12,20,27,36,39,47],"is_endless":false,"potions_floor_spawned":[1,11,13,16,21,23,24,29,37,42,44,45],"ascension_level":2}}