{"host":"97bfbul5vt0mksxl","time":1608260834,"event":{"mods":["BaseMod","Colored Powertips","Highlight Path","Infinite Spire","Minty Spire (QoL Compilation)","Replay The Spire","Shop Mod","StSLib","SuperFastMode"],"gold_per_floor":[116,116,131,131,155,155,186,186,186,41,65,65,65,31,39,39],"floor_reached":15,"playtime":360,"items_purged":[],"score":91,"play_id":"f1c6be84-3789-4636-828e-5c01e2266e44","local_time":"20201218000714","is_ascension_mode":false,"campfire_choices":[{"floor":12,"key":"REST"}],"circlet_count":0,"master_deck":["Strike_P","Strike_P","Strike_P","Defend_P","Defend_P+1","Defend_P","Eruption","Vigilance","Neutralize","Defend_P","Prostrate","FlurryOfBlows","Alpha","ForeignInfluence","Steam","CutThroughFate","Adaptation"],"relics":["PureWater","Golden Idol","Boot","ReplayTheSpireMod:TigerMarble","Gremlin Food","Replay:Bandana"],"acts_visited":["Exordium"],"potions_floor_usage":[7],"damage_taken":[{"damage":0,"enemies":"Cultist","floor":1,"turns":4},{"damage":0,"enemies":"Small Slimes","floor":3,"turns":2},{"damage":0,"enemies":"infinitespire:Voidling","floor":5,"turns":3},{"damage":56,"enemies":"Gremlin Nob","floor":7,"turns":6},{"damage":35,"enemies":"Lagavulin","floor":15,"turns":3}],"seed_played":"5452649773536976388","potions_obtained":[{"floor":1,"key":"AttackPotion"},{"floor":3,"key":"PowerPotion"}],"is_trial":false,"path_per_floor":["M","?","M","?","M","?","E","PTL","PTL","$","T","R","?","$","E"],"character_chosen":"WATCHER","items_purchased":["Gremlin Food","Adaptation"],"campfire_rested":1,"item_purchase_floors":[10,14],"current_hp_per_floor":[86,65,65,65,65,65,9,9,9,9,9,34,34,34,0,0],"gold":39,"neow_bonus":"TWENTY_PERCENT_HP_BONUS","is_daily":false,"chose_seed":false,"campfire_upgraded":0,"win_rate":0.0,"timestamp":1608260834,"path_taken":["M","?","M","?","?","?","E","PTL","PTL","$","T","R","?","$","E"],"items_purchased_type":["Relic","Card"],"build_version":"2020-12-13","purchased_purges":0,"victory":false,"max_hp_per_floor":[86,86,86,86,86,86,86,86,86,86,86,86,86,86,86,86],"card_choices":[{"not_picked":["SashWhip","LikeWater"],"picked":"Prostrate","floor":1},{"not_picked":["Protect","FlyingSleeves"],"picked":"FlurryOfBlows","floor":3},{"not_picked":["DeceiveReality","Pray"],"picked":"Alpha","floor":5},{"not_picked":["Replay:BluntJabs","BattleHymn"],"picked":"CutThroughFate","floor":7}],"player_experience":151180,"relics_obtained":[{"floor":7,"key":"ReplayTheSpireMod:TigerMarble"},{"floor":11,"key":"Replay:Bandana"}],"event_choices":[{"damage_healed":0,"gold_gain":0,"player_choice":"Take Damage","damage_taken":21,"relics_obtained":["Golden Idol"],"max_hp_gain":0,"max_hp_loss":0,"event_name":"Golden Idol","floor":2,"gold_loss":0},{"damage_healed":0,"gold_gain":0,"player_choice":"Gave Potion","damage_taken":0,"relics_obtained":["Boot"],"max_hp_gain":0,"max_hp_loss":0,"event_name":"WeMeetAgain","floor":4,"gold_loss":0},{"damage_healed":0,"gold_gain":0,"player_choice":"Leave","damage_taken":0,"max_hp_gain":0,"max_hp_loss":0,"event_name":"The Cleric","floor":13,"gold_loss":0}],"is_beta":false,"boss_relics":[],"items_purged_floors":[],"is_endless":false,"potions_floor_spawned":[1,3],"killed_by":"Lagavulin","ascension_level":0}}