{"host":"k5dhp0bkccqfauyu","time":1608263918,"event":{"mods":["BaseMod","Better Note","Better Skull","Better Vampires","Colored Map","Colored Powertips","DeckTracker","Minty Spire (QoL Compilation)","Permanent Neow","StSLib","SuperFastMode"],"gold_per_floor":[119,139,152,48,48,84,84,117,117,152,77,93,122,122,122,215,215,228,243,243,243,258,285,285,317,317,330,330,330,330,350,350,421,421,439,454,454,464,482,512,812,847,871,871,442,459,277,277,277,277,277,277,277,63,96,96],"floor_reached":57,"playtime":3080,"items_purged":["Strike_B","Strike_B","Strike_B"],"score":2736,"play_id":"a7e968ea-c0c3-420f-9ca7-59f71c1dca9f","local_time":"20201218145838","is_ascension_mode":true,"campfire_choices":[{"floor":7,"key":"REST"},{"data":"Go for the Eyes","floor":15,"key":"SMITH"},{"floor":24,"key":"REST"},{"data":"Defragment","floor":29,"key":"SMITH"},{"data":"Electrodynamics","floor":32,"key":"SMITH"},{"data":"Fission","floor":44,"key":"SMITH"},{"floor":49,"key":"RECALL"},{"data":"Capacitor","floor":53,"key":"SMITH"}],"circlet_count":0,"master_deck":["AscendersBane","Defend_B","Defend_B","Defend_B","Defend_B","Zap+1","Dualcast+1","Doom and Gloom+1","Go for the Eyes+1","Capacitor","Coolheaded","Recycle+1","Genetic Algorithm","Creative AI+1","Compile Driver","Ball Lightning","Electrodynamics+1","Defragment+1","Necronomicurse","Thunder Strike+1","Cold Snap+1","Force Field","Fission+1","White Noise","Coolheaded","Deep Breath","Panacea","Finesse","Coolheaded","Core Surge","Glacier","Capacitor+1","Creative AI+1"],"relics":["FrozenCore","Bloody Idol","Thread and Needle","Cables","Emotion Chip","Vajra","Odd Mushroom","Nuclear Battery","Necronomicon","Centennial Puzzle","Whetstone","Eternal Feather","Pear","Bird Faced Urn","HornCleat","DollysMirror","Bronze Scales","Du-Vu Doll"],"acts_visited":["Exordium","TheCity","TheBeyond","TheEnding"],"potions_floor_usage":[6,8,10,16,16,31,38,56,56],"damage_taken":[{"damage":5,"enemies":"Small Slimes","floor":1,"turns":3},{"damage":3,"enemies":"2 Louse","floor":2,"turns":2},{"damage":4,"enemies":"Jaw Worm","floor":3,"turns":3},{"damage":17,"enemies":"Lagavulin","floor":6,"turns":7},{"damage":18,"enemies":"Gremlin Nob","floor":8,"turns":4},{"damage":13,"enemies":"Lagavulin","floor":10,"turns":7},{"damage":13,"enemies":"Exordium Thugs","floor":12,"turns":4},{"damage":0,"enemies":"The Mushroom Lair","floor":13,"turns":3},{"damage":11,"enemies":"Hexaghost","floor":16,"turns":8},{"damage":2,"enemies":"3 Byrds","floor":18,"turns":3},{"damage":2,"enemies":"Chosen","floor":19,"turns":4},{"damage":7,"enemies":"Snecko","floor":22,"turns":5},{"damage":16,"enemies":"Gremlin Leader","floor":23,"turns":6},{"damage":15,"enemies":"Book of Stabbing","floor":25,"turns":4},{"damage":5,"enemies":"Snake Plant","floor":27,"turns":4},{"damage":11,"enemies":"Shelled Parasite and Fungi","floor":31,"turns":4},{"damage":8,"enemies":"Champ","floor":33,"turns":16},{"damage":0,"enemies":"3 Shapes","floor":35,"turns":3},{"damage":6,"enemies":"Orb Walker","floor":36,"turns":3},{"damage":12,"enemies":"Spire Growth","floor":38,"turns":5},{"damage":30,"enemies":"Maw","floor":39,"turns":7},{"damage":13,"enemies":"Nemesis","floor":40,"turns":9},{"damage":53,"enemies":"Reptomancer","floor":42,"turns":19},{"damage":14,"enemies":"4 Shapes","floor":46,"turns":1},{"damage":21,"enemies":"Time Eater","floor":50,"turns":12},{"damage":45,"enemies":"Donu and Deca","floor":51,"turns":12},{"damage":4,"enemies":"Shield and Spear","floor":55,"turns":4},{"damage":95,"enemies":"The Heart","floor":56,"turns":20}],"seed_played":"5650753480926075824","potions_obtained":[{"floor":1,"key":"PowerPotion"},{"floor":2,"key":"Block Potion"},{"floor":8,"key":"Regen Potion"},{"floor":12,"key":"BlessingOfTheForge"},{"floor":13,"key":"EssenceOfSteel"},{"floor":19,"key":"FairyPotion"},{"floor":27,"key":"Weak Potion"},{"floor":31,"key":"ColorlessPotion"},{"floor":35,"key":"PowerPotion"}],"is_trial":false,"path_per_floor":["M","M","M","$","?","E","R","E","T","E","?","M","?","?","R","B",null,"M","M","?","?","M","E","R","E","T","M","T","R","?","M","R","B",null,"M","M","?","M","M","E","?","E","T","R","$","M","$","?","R","B","B",null,"R","$","E","B",null],"character_chosen":"DEFECT","items_purchased":["Coolheaded","Glacier","Capacitor","DollysMirror","PowerPotion","Bronze Scales","PowerPotion"],"campfire_rested":2,"item_purchase_floors":[4,45,45,45,47,54,54],"current_hp_per_floor":[59,56,52,52,52,35,54,36,36,38,38,25,25,25,25,14,52,50,48,48,27,25,14,33,23,23,23,33,45,45,39,51,48,68,73,72,62,55,30,22,27,73,74,74,74,65,65,65,74,74,51,68,74,74,74,14],"gold":96,"neow_bonus":"UPGRADE_CARD","is_daily":false,"chose_seed":false,"campfire_upgraded":5,"win_rate":0.0,"timestamp":1608263918,"path_taken":["M","M","M","$","?","E","R","E","T","E","?","M","?","?","R","BOSS","M","M","?","?","M","E","R","E","T","?","?","R","?","M","R","BOSS","M","M","?","M","M","E","?","E","T","R","$","?","$","?","R","BOSS","BOSS","R","$","E","BOSS"],"items_purchased_type":["Card","Card","Card","Relic","Potion","Relic","Potion"],"build_version":"2020-12-13","purchased_purges":3,"victory":true,"max_hp_per_floor":[71,71,71,71,64,64,64,64,64,64,64,64,64,64,64,64,64,64,64,64,64,64,64,64,64,64,64,74,74,74,74,74,74,74,74,74,74,74,74,74,74,74,74,74,74,74,74,74,74,74,74,74,74,74,74,74],"card_choices":[{"not_picked":["Steam","Loop"],"picked":"Doom and Gloom","floor":1},{"not_picked":["Steam Power","Leap"],"picked":"Go for the Eyes","floor":2},{"not_picked":["Beam Cell","Turbo"],"picked":"Capacitor","floor":3},{"not_picked":["FTL","Conserve Battery"],"picked":"Recycle","floor":6},{"not_picked":["Reprogram","Conserve Battery"],"picked":"Genetic Algorithm","floor":8},{"not_picked":["Storm","Machine Learning"],"picked":"Creative AI","floor":10},{"not_picked":["Redo","Sweeping Beam"],"picked":"Compile Driver","floor":12},{"not_picked":["Redo","Beam Cell"],"picked":"Ball Lightning","floor":13},{"not_picked":["Amplify","All For One"],"picked":"Electrodynamics","floor":16},{"not_picked":["Blizzard","Compile Driver"],"picked":"Defragment","floor":18},{"not_picked":["Blizzard","Ball Lightning","Cold Snap"],"picked":"SKIP","floor":19},{"not_picked":["Compile Driver","Thunder Strike","Rebound"],"picked":"SKIP","floor":22},{"not_picked":["Compile Driver","Rebound"],"picked":"Thunder Strike","floor":22},{"not_picked":["Stack","Ball Lightning","Darkness"],"picked":"SKIP","floor":23},{"not_picked":["Blizzard","Sweeping Beam"],"picked":"Cold Snap+1","floor":25},{"not_picked":["Gash","Stack"],"picked":"Force Field","floor":27},{"not_picked":["Steam Power","Sweeping Beam","Steam"],"picked":"SKIP","floor":31},{"not_picked":["Buffer","Core Surge"],"picked":"Fission","floor":33},{"not_picked":["Hello World","Loop"],"picked":"White Noise","floor":35},{"not_picked":["Steam","Sweeping Beam"],"picked":"Coolheaded","floor":36},{"not_picked":["Panache","Flash of Steel"],"picked":"Deep Breath","floor":37},{"not_picked":["Impatience","Chrysalis"],"picked":"Panacea","floor":37},{"not_picked":["Panacea","Thinking Ahead"],"picked":"Finesse","floor":37},{"not_picked":["Sweeping Beam","Compile Driver","Auto Shields"],"picked":"SKIP","floor":38},{"not_picked":["Redo","Gash+1"],"picked":"Coolheaded","floor":39},{"not_picked":["Sunder","Coolheaded","Steam"],"picked":"SKIP","floor":40},{"not_picked":["Turbo","Steam"],"picked":"Core Surge","floor":42},{"not_picked":["Defragment","Coolheaded","Beam Cell+1"],"picked":"SKIP","floor":46},{"not_picked":["Steam Power","Sweeping Beam","Rebound"],"picked":"SKIP","floor":55}],"player_experience":1772626,"relics_obtained":[{"floor":6,"key":"Thread and Needle"},{"floor":8,"key":"Cables"},{"floor":9,"key":"Emotion Chip"},{"floor":10,"key":"Vajra"},{"floor":13,"key":"Odd Mushroom"},{"floor":21,"key":"Necronomicon"},{"floor":23,"key":"Centennial Puzzle"},{"floor":25,"key":"Whetstone"},{"floor":26,"key":"Eternal Feather"},{"floor":28,"key":"Pear"},{"floor":40,"key":"Bird Faced Urn"},{"floor":42,"key":"HornCleat"},{"floor":55,"key":"Du-Vu Doll"}],"event_choices":[{"damage_healed":0,"gold_gain":0,"player_choice":"Lose Max HP","damage_taken":0,"relics_obtained":["Golden Idol"],"max_hp_gain":0,"max_hp_loss":7,"event_name":"Golden Idol","floor":5,"gold_loss":0},{"cards_removed":["Strike_B"],"damage_healed":0,"gold_gain":0,"player_choice":"Card Removal","damage_taken":0,"max_hp_gain":0,"max_hp_loss":0,"event_name":"The Cleric","floor":11,"gold_loss":75},{"damage_healed":0,"gold_gain":0,"player_choice":"Fought Mushrooms","damage_taken":0,"max_hp_gain":0,"max_hp_loss":0,"event_name":"Mushrooms","floor":13,"gold_loss":0},{"damage_healed":0,"gold_gain":0,"player_choice":"Grow","damage_taken":0,"max_hp_gain":0,"max_hp_loss":0,"event_name":"Living Wall","floor":14,"gold_loss":0,"cards_upgraded":["Creative AI"]},{"damage_healed":0,"gold_gain":0,"player_choice":"Gave Idol","damage_taken":0,"relics_obtained":["Bloody Idol"],"max_hp_gain":0,"max_hp_loss":0,"event_name":"Forgotten Altar","floor":20,"relics_lost":["Golden Idol"],"gold_loss":0},{"damage_healed":0,"gold_gain":0,"player_choice":"Obtained Book","damage_taken":21,"max_hp_gain":0,"max_hp_loss":0,"event_name":"Cursed Tome","floor":21,"gold_loss":0},{"damage_healed":0,"gold_gain":0,"player_choice":"Upgraded","damage_taken":0,"max_hp_gain":0,"max_hp_loss":0,"event_name":"Upgrade Shrine","floor":30,"gold_loss":0,"cards_upgraded":["Dualcast"]},{"damage_healed":0,"gold_gain":0,"player_choice":"Memory 3","damage_taken":10,"max_hp_gain":0,"max_hp_loss":0,"event_name":"SensoryStone","floor":37,"gold_loss":0},{"damage_healed":0,"gold_gain":300,"player_choice":"Gold","damage_taken":0,"max_hp_gain":0,"max_hp_loss":0,"event_name":"Wheel of Change","floor":41,"gold_loss":0},{"damage_healed":0,"gold_gain":0,"player_choice":"Upgraded","damage_taken":0,"max_hp_gain":0,"max_hp_loss":0,"event_name":"Upgrade Shrine","floor":48,"gold_loss":0,"cards_upgraded":["Recycle"]}],"is_beta":false,"boss_relics":[{"not_picked":["Sozu","Runic Dome"],"picked":"Nuclear Battery"},{"not_picked":["SlaversCollar","Runic Pyramid"],"picked":"FrozenCore"}],"items_purged_floors":[4,45,47],"is_endless":false,"potions_floor_spawned":[1,2,8,12,13,19,27,31,33,35,36],"ascension_level":20}}