{"host":"iy58fyt9wsbv4cf1","time":1608259318,"event":{"mods":["BaseMod","Better Altar","Better Match","Better Skull","Better Third Choice","BetterRewards","Conspire","Custom Start","Defuse TimeMaze Blight","Hubris","Infinite Spire","Minty Spire (QoL Compilation)","Permanent Neow","Quick Restart","Spicy Shops","StSLib"],"gold_per_floor":[118,118,118,118,132,161,161,161,161,336,371,390,400,400,400,498,498,511,511,541,561,561,561,561,561,613,625,656,656,571,571,571,672,672,688,703,713,713,1062,1062,1075,1075,1075,1075,1297,1297,293,313,313,313,313],"floor_reached":50,"playtime":1204,"items_purged":["Doubt","Defend_B"],"score":589,"play_id":"e172036b-6c68-4b42-9481-b8d93345298d","local_time":"20201217214158","is_ascension_mode":false,"campfire_choices":[{"floor":7.0,"key":"REST"},{"floor":15.0,"key":"REST"},{"floor":15.0,"key":"RECALL"},{"floor":23.0,"key":"REST"},{"data":"Storm","floor":23.0,"key":"SMITH"},{"floor":25.0,"key":"REST"},{"data":"Double Energy","floor":25.0,"key":"SMITH"},{"floor":29.0,"key":"REST"},{"data":"Biased Cognition","floor":29.0,"key":"SMITH"},{"data":"Thunder Strike","floor":32.0,"key":"SMITH"},{"data":"hubris:DoWhile","floor":40.0,"key":"SMITH"},{"floor":42,"key":"REST"},{"data":"Electrodynamics","floor":42,"key":"SMITH"},{"data":"Apotheosis","floor":46,"key":"SMITH"},{"floor":49,"key":"REST"},{"floor":49,"key":"DIG"}],"circlet_count":0,"master_deck":["Defend_B","Defend_B","Defend_B","Zap+1","Dualcast+1","Double Energy+1","Storm+1","Electrodynamics+1","Heatsinks","Thunder Strike+1","Aggregate+1","Steam+1","Compile Driver+1","Biased Cognition+1","Conserve Battery+1","hubris:DoWhile+1","Apotheosis+1","Turbo","Loop"],"relics":["Cracked Core","Lee\u0027s Waffle","Strange Spoon","infinitespire:PuzzleCube","infinitespire:Magic Flask","Ornamental Fan","Astrolabe","hubris:Icosahedron","Red Mask","Runic Dome","Toolbox","Enchiridion","Boot","Bottled Flame","hubris:SlimyHat","hubris:TerracottaHorce","Old Coin","hubris:SphereOfDissonance","Lantern","Shovel","conspire:TreasureMap","ClockworkSouvenir","Anchor","CaptainsWheel"],"acts_visited":["Exordium","TheCity","TheBeyond"],"potions_floor_usage":[50],"damage_taken":[{"damage":2.0,"enemies":"2 Louse","floor":1.0,"turns":2.0},{"damage":2.0,"enemies":"Small Slimes","floor":5.0,"turns":3.0},{"damage":46.0,"enemies":"Gremlin Nob","floor":6.0,"turns":5.0},{"damage":28.0,"enemies":"3 Sentries","floor":11.0,"turns":3.0},{"damage":0.0,"enemies":"Cultist","floor":12.0,"turns":3.0},{"damage":18.0,"enemies":"Exordium Thugs","floor":13.0,"turns":3.0},{"damage":30.0,"enemies":"Slime Boss","floor":16.0,"turns":6.0},{"damage":22.0,"enemies":"2 Thieves","floor":18.0,"turns":4.0},{"damage":10.0,"enemies":"Masked Bandits","floor":20.0,"turns":2.0},{"damage":13.0,"enemies":"Spheric Guardian","floor":21.0,"turns":5.0},{"damage":9.0,"enemies":"Centurion and Healer","floor":27.0,"turns":3.0},{"damage":0.0,"enemies":"conspire:SneckoGhost","floor":28.0,"turns":4.0},{"damage":13.0,"enemies":"hubris:MusketHawk","floor":33.0,"turns":5.0},{"damage":8.0,"enemies":"Orb Walker","floor":35.0,"turns":3.0},{"damage":0.0,"enemies":"3 Darklings","floor":36.0,"turns":1.0},{"damage":3.0,"enemies":"Spire Growth","floor":37.0,"turns":3.0},{"damage":0.0,"enemies":"2 Orb Walkers","floor":39.0,"turns":1.0},{"damage":0,"enemies":"Transient","floor":41,"turns":5},{"damage":22,"enemies":"Writhing Mass","floor":48,"turns":3},{"damage":77,"enemies":"infinitespire:MassOfShapes","floor":50,"turns":5}],"seed_played":"2129868783724097851","potions_obtained":[{"floor":1.0,"key":"PotionOfCapacity"},{"floor":5.0,"key":"Dexterity Potion"},{"floor":11.0,"key":"FearPotion"},{"floor":13.0,"key":"FearPotion"},{"floor":20.0,"key":"DuplicationPotion"},{"floor":28.0,"key":"Fire Potion"},{"floor":33.0,"key":"Energy Potion"},{"floor":39.0,"key":"Block Potion"}],"is_trial":false,"path_per_floor":["M","$","?","?","M","E","R","T","T","?","E","M","M","?","R","B",null,"M","?","?","M","AVR","R","?","R","T","M","E","R","?","?","R","B",null,"M","M","M","?","?","R","M","R","T","?","?","R","$","M","R","B"],"character_chosen":"DEFECT","items_purchased":["Double Energy","Lee\u0027s Waffle","Strange Spoon","Lantern","Shovel","conspire:TreasureMap","Turbo","ClockworkSouvenir","Anchor"],"campfire_rested":7,"item_purchase_floors":[0,0,0,47,47,47,47,47,47],"current_hp_per_floor":[80,80,80,80,78,32,56,56,56,56,28,28,10,10,34,4,82,60,60,50,37,37,61,45,69,69,60,60,82,82,82,82,69,79,71,71,68,68,68,68,68,82,82,72,72,72,72,50,74,0,0],"gold":313,"neow_bonus":"","is_daily":false,"chose_seed":false,"campfire_upgraded":7,"win_rate":0.0,"timestamp":1608259318,"path_taken":["M","$","?","?","?","E","R","?","T","?","E","M","M","?","R","BOSS","M","?","?","M","AVR","R","?","R","T","?","E","R","?","?","R","BOSS","M","M","M","?","?","R","M","R","T","?","?","R","?","M","R","BOSS"],"items_purchased_type":["Card","Relic","Relic","Relic","Relic","Relic","Card","Relic","Relic"],"build_version":"2020-12-13","purchased_purges":2,"victory":false,"max_hp_per_floor":[82,82,82,82,82,82,82,82,82,82,82,82,82,82,82,82,82,82,82,82,82,82,82,82,82,82,82,82,82,82,82,82,82,82,82,82,82,82,82,82,82,82,82,82,82,82,82,82,82,82,82],"card_choices":[{"not_picked":["Hologram","Compile Driver","Self Repair"],"picked":"SKIP","floor":1.0},{"not_picked":["Steam","Glacier"],"picked":"Storm","floor":5.0},{"not_picked":["Streamline","Redo"],"picked":"Electrodynamics","floor":6.0},{"not_picked":["Steam","Streamline","Compile Driver"],"picked":"SKIP","floor":11.0},{"not_picked":["Sweeping Beam","Steam"],"picked":"Heatsinks","floor":12.0},{"not_picked":["Hologram","Go for the Eyes","Steam Power"],"picked":"SKIP","floor":13.0},{"not_picked":["Biased Cognition","Core Surge"],"picked":"Thunder Strike","floor":16.0},{"not_picked":["Hologram","Barrage","Coolheaded"],"picked":"SKIP","floor":18.0},{"not_picked":["Coolheaded","Steam","Capacitor+1"],"picked":"SKIP","floor":21.0},{"not_picked":["Doom and Gloom","Lockon"],"picked":"Biased Cognition","floor":27.0},{"not_picked":["Core Surge","Streamline"],"picked":"Conserve Battery+1","floor":28.0},{"not_picked":["Hyperbeam","Core Surge"],"picked":"hubris:DoWhile","floor":33.0},{"not_picked":["Beam Cell+1","Go for the Eyes","Ball Lightning+1"],"picked":"SKIP","floor":35.0},{"not_picked":["Go for the Eyes","Gash","Stack"],"picked":"SKIP","floor":36.0},{"not_picked":["Steam Power","Streamline+1","Stack+1"],"picked":"SKIP","floor":37.0},{"not_picked":["Compile Driver","Cold Snap+1","Ball Lightning+1"],"picked":"SKIP","floor":41},{"not_picked":["Sadistic Nature","Discovery"],"picked":"Apotheosis","floor":44},{"not_picked":["Genetic Algorithm+1","Compile Driver"],"picked":"Loop","floor":48}],"player_experience":84027,"relics_obtained":[{"floor":6.0,"key":"infinitespire:PuzzleCube"},{"floor":9.0,"key":"infinitespire:Magic Flask"},{"floor":11.0,"key":"Ornamental Fan"},{"floor":20.0,"key":"Red Mask"},{"floor":24.0,"key":"Enchiridion"},{"floor":26.0,"key":"Boot"},{"floor":28.0,"key":"Bottled Flame"},{"floor":39.0,"key":"Old Coin"},{"floor":43,"key":"hubris:SphereOfDissonance"},{"floor":49,"key":"CaptainsWheel"}],"event_choices":[{"cards_removed":["Strike_B"],"damage_healed":0.0,"max_hp_gain":0.0,"max_hp_loss":0.0,"gold_gain":0.0,"event_name":"Purifier","player_choice":"Purged","floor":4.0,"gold_loss":0.0,"damage_taken":0.0},{"damage_healed":0.0,"max_hp_gain":0.0,"max_hp_loss":0.0,"gold_gain":175.0,"event_name":"betterThird:BetterSerpent","player_choice":"AGREE","floor":10.0,"gold_loss":0.0,"damage_taken":161.0},{"damage_healed":0.0,"max_hp_gain":0.0,"max_hp_loss":0.0,"gold_gain":0.0,"event_name":"conspire:LoneGhost","player_choice":"Disagree","floor":14.0,"gold_loss":0.0,"damage_taken":0.0},{"damage_healed":0.0,"max_hp_gain":0.0,"max_hp_loss":0.0,"gold_gain":0.0,"event_name":"Masked Bandits","player_choice":"Fought Bandits","floor":20.0,"gold_loss":0.0,"damage_taken":0.0},{"damage_healed":0.0,"max_hp_gain":0.0,"max_hp_loss":0.0,"gold_gain":0.0,"event_name":"Cursed Tome","player_choice":"Obtained Book","floor":24.0,"gold_loss":0.0,"damage_taken":16.0},{"damage_healed":0.0,"max_hp_gain":0.0,"max_hp_loss":0.0,"gold_gain":0.0,"event_name":"Addict","player_choice":"Obtained Relic","floor":30.0,"gold_loss":85.0,"damage_taken":0.0,"relics_obtained":["hubris:SlimyHat"]},{"damage_healed":0.0,"max_hp_gain":0.0,"max_hp_loss":0.0,"gold_gain":0.0,"event_name":"conspire:Investor","player_choice":"Leave","floor":38.0,"gold_loss":0.0,"damage_taken":0.0},{"damage_healed":0.0,"max_hp_gain":0.0,"max_hp_loss":0.0,"gold_gain":0.0,"event_name":"Mysterious Sphere","player_choice":"Fight","floor":39.0,"gold_loss":0.0,"damage_taken":0.0},{"damage_healed":0,"gold_gain":0,"player_choice":"Memory 3","damage_taken":10,"max_hp_gain":0,"max_hp_loss":0,"event_name":"SensoryStone","floor":44,"gold_loss":0},{"damage_healed":0,"gold_gain":222,"player_choice":"Wore Mask","damage_taken":0,"max_hp_gain":0,"max_hp_loss":0,"event_name":"Tomb of Lord Red Mask","floor":45,"gold_loss":0}],"is_beta":false,"boss_relics":[{"not_picked":["hubris:GrandSneckoEye","Calling Bell"],"picked":"Astrolabe"},{"not_picked":["Velvet Choker","Empty Cage"],"picked":"hubris:TerracottaHorce"}],"items_purged_floors":[22,47],"is_endless":false,"potions_floor_spawned":[1,5,11,13,20,28,33,36,37,39,48],"killed_by":"infinitespire:MassOfShapes","ascension_level":0}}