{"host":"o0q01dgb4z8zpo6o","time":1608273573,"event":{"mods":["BaseMod","GifTheSpireLib","Minty Spire (QoL Compilation)","Relic Stats","StSLib"],"gold_per_floor":[110,185,40,55,55,55,95,95,95,109,109,124,124,155,155,246,246,266,266,9,30,30,71,92,116,116,116,149,27,27,27,27],"floor_reached":31,"playtime":1475,"items_purged":[],"score":667,"play_id":"35bc56de-022d-4095-8167-b7d2b9362c7f","local_time":"20201217223933","is_ascension_mode":true,"campfire_choices":[{"data":"Buffer","floor":6.0,"key":"SMITH"},{"data":"Capacitor","floor":8.0,"key":"SMITH"},{"data":"Barrage","floor":11.0,"key":"SMITH"},{"data":"Reinforced Body","floor":13.0,"key":"SMITH"},{"data":"Double Energy","floor":15.0,"key":"SMITH"},{"data":"Recycle","floor":27.0,"key":"SMITH"},{"data":"Consume","floor":30.0,"key":"SMITH"}],"circlet_count":0,"master_deck":["AscendersBane","Strike_B","Strike_B","Defend_B","Defend_B","Defend_B","Defend_B","Zap","Dualcast","Compile Driver","Rebound","Capacitor+1","Glacier","Barrage+1","Buffer+1","Ball Lightning","Reinforced Body+1","Meteor Strike","Double Energy+1","Reboot","Conserve Battery","Scrape","Storm","Self Repair","White Noise","Recycle+1","Turbo","Consume+1","Echo Form+1"],"relics":["Nuclear Battery","Orrery","Golden Idol","PreservedInsect","Mercury Hourglass","Toy Ornithopter","Inserter","Bag of Preparation","The Courier","Meat on the Bone","Frozen Egg 2"],"acts_visited":["Exordium","TheCity"],"potions_floor_usage":[],"damage_taken":[{"damage":8.0,"enemies":"2 Louse","floor":1.0,"turns":3.0},{"damage":0.0,"enemies":"Small Slimes","floor":4.0,"turns":4.0},{"damage":0.0,"enemies":"Lagavulin","floor":7.0,"turns":6.0},{"damage":7.0,"enemies":"Jaw Worm","floor":10.0,"turns":3.0},{"damage":0.0,"enemies":"Gremlin Gang","floor":12.0,"turns":4.0},{"damage":0.0,"enemies":"3 Sentries","floor":14.0,"turns":4.0},{"damage":0.0,"enemies":"Slime Boss","floor":16.0,"turns":8.0},{"damage":1.0,"enemies":"Chosen","floor":18.0,"turns":6.0},{"damage":0.0,"enemies":"3 Byrds","floor":21.0,"turns":4.0},{"damage":12.0,"enemies":"Book of Stabbing","floor":23.0,"turns":5.0},{"damage":8.0,"enemies":"Snecko","floor":24.0,"turns":5.0},{"damage":3.0,"enemies":"Sentry and Sphere","floor":25.0,"turns":7.0},{"damage":47.0,"enemies":"Gremlin Leader","floor":28.0,"turns":8.0},{"damage":30,"enemies":"3 Cultists","floor":31,"turns":5}],"seed_played":"468069709724594275","potions_obtained":[{"floor":7.0,"key":"Fire Potion"},{"floor":14.0,"key":"SmokeBomb"},{"floor":16.0,"key":"SpeedPotion"}],"is_trial":false,"path_per_floor":["M","?","$","M","?","R","E","R","T","M","R","M","R","E","R","B",null,"M","?","$","M","?","E","M","M","T","R","E","$","R","M"],"character_chosen":"DEFECT","items_purchased":["Orrery","Self Repair","White Noise","Bag of Preparation","Echo Form+1"],"campfire_rested":0,"item_purchase_floors":[3,20,20,20,29],"current_hp_per_floor":[56,45,45,45,45,45,45,45,45,38,38,38,38,38,38,38,58,57,57,57,57,57,52,51,48,48,48,20,20,20,0,0],"gold":27,"neow_bonus":"BOSS_RELIC","is_daily":false,"chose_seed":false,"campfire_upgraded":7,"win_rate":0.0,"timestamp":1608273573,"path_taken":["M","?","$","M","?","R","E","R","T","M","R","M","R","E","R","BOSS","M","?","$","M","?","E","M","M","T","R","E","?","R","M"],"items_purchased_type":["Relic","Card","Card","Relic","Card"],"build_version":"2020-12-13","purchased_purges":0,"victory":false,"max_hp_per_floor":[71,71,71,71,64,64,64,64,64,64,64,64,64,64,64,64,64,64,64,64,64,64,64,64,64,64,64,64,64,64,64,64],"relic_stats":{"Inserter":[20],"counters":[14,71],"Golden Idol":70,"PreservedInsect":124,"Bag of Preparation":[12],"obtain_stats":[{"Inserter":17,"Golden Idol":5,"Orrery":3,"PreservedInsect":7,"The Courier":23,"Bag of Preparation":20,"Frozen Egg 2":28,"Cracked Core":0,"Toy Ornithopter":14,"Nuclear Battery":0,"Mercury Hourglass":9,"Meat on the Bone":26},{"Inserter":7,"Golden Idol":2,"Orrery":1,"PreservedInsect":3,"The Courier":10,"Bag of Preparation":8,"Frozen Egg 2":13,"Cracked Core":0,"Toy Ornithopter":6,"Nuclear Battery":0,"Mercury Hourglass":3,"Meat on the Bone":12},{"Inserter":31,"Golden Idol":7,"Orrery":3,"PreservedInsect":13,"The Courier":46,"Bag of Preparation":37,"Frozen Egg 2":66,"Cracked Core":0,"Toy Ornithopter":23,"Nuclear Battery":0,"Mercury Hourglass":13,"Meat on the Bone":58}],"Toy Ornithopter":0,"Mercury Hourglass":[289],"Meat on the Bone":12},"card_choices":[{"not_picked":["Streamline","Beam Cell"],"picked":"Compile Driver","floor":1.0},{"not_picked":["Leap","Conserve Battery"],"picked":"Rebound","floor":3.0},{"not_picked":["Gash","Melter"],"picked":"Capacitor","floor":3.0},{"not_picked":["Leap","Fission"],"picked":"Glacier","floor":3.0},{"not_picked":["Stack","Sunder"],"picked":"Barrage","floor":3.0},{"not_picked":["Turbo","Rebound"],"picked":"Buffer","floor":3.0},{"not_picked":["Compile Driver","Stack","Steam Power"],"picked":"SKIP","floor":4.0},{"not_picked":["Rip and Tear","Leap"],"picked":"Ball Lightning","floor":7.0},{"not_picked":["Leap","Aggregate"],"picked":"Reinforced Body","floor":10.0},{"not_picked":["Barrage","Scrape"],"picked":"Meteor Strike","floor":12.0},{"not_picked":["Gash","Redo"],"picked":"Double Energy","floor":14.0},{"not_picked":["All For One","Thunder Strike"],"picked":"Reboot","floor":16.0},{"not_picked":["Gash","Storm"],"picked":"Conserve Battery","floor":18.0},{"not_picked":["Beam Cell","Go for the Eyes","Leap"],"picked":"SKIP","floor":21.0},{"not_picked":["White Noise","Auto Shields"],"picked":"Recycle","floor":23.0},{"not_picked":["Self Repair","Auto Shields","Cold Snap"],"picked":"SKIP","floor":24.0},{"not_picked":["Sweeping Beam","Conserve Battery"],"picked":"Turbo","floor":25.0},{"not_picked":["Go for the Eyes","Genetic Algorithm+1"],"picked":"Consume","floor":28.0}],"player_experience":1004634,"relics_obtained":[{"floor":7.0,"key":"PreservedInsect"},{"floor":9.0,"key":"Mercury Hourglass"},{"floor":14.0,"key":"Toy Ornithopter"},{"floor":23.0,"key":"The Courier"},{"floor":26.0,"key":"Meat on the Bone"},{"floor":28.0,"key":"Frozen Egg 2"}],"event_choices":[{"damage_healed":0.0,"max_hp_gain":0.0,"max_hp_loss":0.0,"gold_gain":75.0,"event_name":"World of Goop","player_choice":"Gather Gold","floor":2.0,"gold_loss":0.0,"damage_taken":11.0},{"damage_healed":0.0,"max_hp_gain":0.0,"max_hp_loss":7.0,"gold_gain":0.0,"event_name":"Golden Idol","player_choice":"Lose Max HP","floor":5.0,"gold_loss":0.0,"damage_taken":0.0,"relics_obtained":["Golden Idol"]},{"damage_healed":0.0,"max_hp_gain":0.0,"max_hp_loss":0.0,"gold_gain":0.0,"cards_transformed":["Strike_B","Strike_B"],"event_name":"Drug Dealer","player_choice":"Became Test Subject","floor":19.0,"gold_loss":0.0,"damage_taken":0.0,"cards_obtained":["Scrape","Storm"]},{"damage_healed":0.0,"max_hp_gain":0.0,"max_hp_loss":0.0,"gold_gain":0.0,"event_name":"The Mausoleum","player_choice":"Ignored","floor":22.0,"gold_loss":0.0,"damage_taken":0.0}],"is_beta":false,"boss_relics":[{"not_picked":["Pandora\u0027s Box","Busted Crown"],"picked":"Inserter"}],"items_purged_floors":[],"is_endless":false,"potions_floor_spawned":[7,14,16,18,24],"killed_by":"3 Cultists","ascension_level":15}}