{"host":"ya062ahhhuj9au1o","time":1608262925,"event":{"mods":["BaseMod","Better Third Choice","Filter the Spire","Hermit","Minty Spire (QoL Compilation)","Random Character Button","Robot Space Explorer","Somnambulant","StSLib","The Bug Knight","The Cursed","The Servant 0.9.4"],"gold_per_floor":[113,113,24,35,35,35,69,84,84,84,99,114,128,148,148,219,219,234,234,253,253,271,271,271,271,271,30,30,57,69,84,84,157,157,168,106,123,137,137,137,237,237,286,301,301,29,57,74,74,74],"floor_reached":51,"playtime":3660,"items_purged":["Defend_S","Strike_S"],"score":1112,"play_id":"9ccb2b70-84b4-45b0-bdfc-b84cb79ab9b3","local_time":"20201217224205","is_ascension_mode":true,"campfire_choices":[{"data":"Exchange","floor":6.0,"key":"SMITH"},{"data":"Potential","floor":10,"key":"SMITH"},{"floor":15,"key":"REST"},{"data":"Potential","floor":23,"key":"SMITH"},{"data":"ShatteredReality","floor":25,"key":"SMITH"},{"data":"Foresight","floor":28,"key":"SMITH"},{"data":"TimeWarp","floor":32,"key":"SMITH"},{"data":"Luminosity","floor":40,"key":"SMITH"},{"data":"Hightail","floor":42,"key":"SMITH"},{"data":"Dilation","floor":45,"key":"SMITH"},{"data":"BottledTime","floor":49,"key":"SMITH"}],"circlet_count":0,"master_deck":["AscendersBane","Strike_S","Exchange+1","ShatteredReality+1","Potential+1","ShiftingGears","InstantArmor","Foresight+1","FastForward","TimeWarp+1","ShatteredReality+1","TheWorld","FastForward","Rewind","Hightail+1","Potential+1","Dilation+1","Advance","BottledTime","InstantArmor","Dilation","Luminosity+1","BottledTime+1","BottledTime","TimeWarp+1"],"relics":["Uniform","The Courier","White Beast Statue","Runic Pyramid","Eternal Feather","Molten Egg 2","SlaversCollar","Toy Ornithopter","Juzu Bracelet","Bottled Lightning","Kunai"],"acts_visited":["Exordium","TheCity","TheBeyond"],"potions_floor_usage":[7,11,18,29,44,50],"damage_taken":[{"damage":4.0,"enemies":"Small Slimes","floor":1.0,"turns":4.0},{"damage":2.0,"enemies":"Cultist","floor":4.0,"turns":4.0},{"damage":2,"enemies":"Gremlin Nob","floor":7,"turns":3},{"damage":0,"enemies":"Jaw Worm","floor":8,"turns":2},{"damage":2,"enemies":"Lots of Slimes","floor":11,"turns":2},{"damage":7,"enemies":"3 Louse","floor":12,"turns":2},{"damage":7,"enemies":"Large Slime","floor":13,"turns":3},{"damage":0,"enemies":"Exordium Thugs","floor":14,"turns":5},{"damage":32,"enemies":"The Guardian","floor":16,"turns":12},{"damage":0,"enemies":"Chosen","floor":18,"turns":3},{"damage":0,"enemies":"Snecko","floor":20,"turns":4},{"damage":0,"enemies":"Chosen and Byrds","floor":22,"turns":4},{"damage":2,"enemies":"HollowMod:Nosk","floor":29,"turns":6},{"damage":0,"enemies":"Snake Plant","floor":30,"turns":4},{"damage":12,"enemies":"Snecko","floor":31,"turns":5},{"damage":6,"enemies":"Champ","floor":33,"turns":10},{"damage":0,"enemies":"Orb Walker","floor":35,"turns":4},{"damage":0,"enemies":"3 Darklings","floor":37,"turns":3},{"damage":16,"enemies":"4 Shapes","floor":38,"turns":2},{"damage":23,"enemies":"Jaw Worm Horde","floor":44,"turns":3},{"damage":0,"enemies":"HollowMod:StalkingDevout","floor":47,"turns":3},{"damage":0,"enemies":"Maw","floor":48,"turns":5},{"damage":38,"enemies":"Awakened One","floor":50,"turns":7}],"seed_played":"-1292190612983442131","potions_obtained":[{"floor":5.0,"key":"FearPotion"},{"floor":5.0,"key":"AttackPotion"},{"floor":7,"key":"Block Potion"},{"floor":11,"key":"AttackPotion"},{"floor":16,"key":"FearPotion"},{"floor":18,"key":"Regen Potion"},{"floor":29,"key":"AttackPotion"},{"floor":30,"key":"DistilledChaos"},{"floor":31,"key":"DistilledChaos"},{"floor":44,"key":"FairyPotion"}],"is_trial":false,"path_per_floor":["M","?","$","M","?","R","E","M","T","R","M","M","M","M","R","B",null,"M","?","M","?","M","R","?","R","T","$","R","E","M","M","R","B",null,"M","?","M","M","?","R","?","R","T","M","R","$","E","M","R","B",null],"character_chosen":"THE_SERVANT","items_purchased":["Potential","ShiftingGears","Dilation","Advance","Bottled Lightning"],"campfire_rested":1,"item_purchase_floors":[3,3,27,27,46],"current_hp_per_floor":[40,40,40,38,38,38,36,36,36,36,34,27,20,20,39,7,51,51,51,51,51,51,51,51,51,51,51,63,61,61,49,61,55,63,63,63,63,47,47,62,62,65,65,42,57,57,57,57,65,32],"gold":74,"neow_bonus":"REMOVE_TWO","is_daily":false,"chose_seed":false,"campfire_upgraded":10,"win_rate":0.0,"timestamp":1608262925,"path_taken":["M","?","$","?","?","R","E","M","T","R","M","M","M","?","R","BOSS","M","?","M","?","?","R","?","R","T","$","R","E","?","M","R","BOSS","M","?","?","?","?","R","?","R","T","M","R","$","E","M","R","BOSS"],"items_purchased_type":["Card","Card","Card","Card","Relic"],"build_version":"2020-12-13","purchased_purges":2,"victory":true,"max_hp_per_floor":[65,65,65,65,65,65,65,65,65,65,65,65,65,65,65,65,65,65,65,65,65,65,65,65,65,65,65,65,65,65,65,65,65,65,65,65,65,65,65,65,65,65,65,65,65,65,65,65,65,65],"card_choices":[{"not_picked":["TimeWarp","Rewind"],"picked":"ShatteredReality","floor":1.0},{"not_picked":["Starlight","Alleviate","DoubleEdge"],"picked":"SKIP","floor":4.0},{"not_picked":["Desolation","Gouge"],"picked":"InstantArmor","floor":7},{"not_picked":["TimeWarp","SpecialFormula"],"picked":"Foresight","floor":8},{"not_picked":["ForgedInTime","Starlight"],"picked":"FastForward","floor":11},{"not_picked":["Hightail","Unruled"],"picked":"TimeWarp","floor":12},{"not_picked":["FastForward","Unruled"],"picked":"ShatteredReality","floor":13},{"not_picked":["TrueSight","DoubleEdge","ShatteredReality"],"picked":"SKIP","floor":14},{"not_picked":["FloweringNight","MurderousAura"],"picked":"TheWorld","floor":16},{"not_picked":["Rewind","RealityMarble+1"],"picked":"FastForward","floor":18},{"not_picked":["SilverBlades","RealityMarble"],"picked":"Potential","floor":20},{"not_picked":["Alleviate","Starlight","Potential"],"picked":"SKIP","floor":22},{"not_picked":["Solidify","Rearm","Moondial"],"picked":"SKIP","floor":29},{"not_picked":["Reset","StarChef"],"picked":"BottledTime","floor":30},{"not_picked":["Spin+1","Deadline"],"picked":"InstantArmor","floor":31},{"not_picked":["SilverMatrix","KillingDoll+1"],"picked":"Dilation","floor":33},{"not_picked":["TimeTheft","RealityMarble"],"picked":"Luminosity","floor":35},{"not_picked":["Alleviate","Replace"],"picked":"BottledTime","floor":37},{"not_picked":["ReturningBlade+1","Revamp"],"picked":"BottledTime","floor":38},{"not_picked":["Spin+1","FastForward"],"picked":"TimeWarp+1","floor":44},{"not_picked":["Barrier","KillingDoll+1","Unruled+1"],"picked":"SKIP","floor":47},{"not_picked":["Read+1","Alleviate","ShatteredReality+1"],"picked":"SKIP","floor":48}],"player_experience":1639615,"relics_obtained":[{"floor":7,"key":"The Courier"},{"floor":9,"key":"White Beast Statue"},{"floor":26,"key":"Eternal Feather"},{"floor":29,"key":"Molten Egg 2"},{"floor":43,"key":"Juzu Bracelet"},{"floor":47,"key":"Kunai"}],"event_choices":[{"cards_removed":["Defend_S"],"damage_healed":0.0,"max_hp_gain":0.0,"max_hp_loss":0.0,"gold_gain":0.0,"event_name":"Bonfire Elementals","player_choice":"Offered Basic","floor":2.0,"gold_loss":0.0,"damage_taken":0.0},{"damage_healed":0.0,"max_hp_gain":0.0,"max_hp_loss":0.0,"gold_gain":0.0,"event_name":"Lab","player_choice":"Got Potions","floor":5.0,"gold_loss":0.0,"damage_taken":0.0},{"damage_healed":0,"gold_gain":0,"cards_transformed":["Defend_S","Strike_S"],"player_choice":"Became Test Subject","damage_taken":0,"max_hp_gain":0,"max_hp_loss":0,"event_name":"Drug Dealer","floor":19,"gold_loss":0,"cards_obtained":["Rewind","Hightail"]},{"damage_healed":0,"gold_gain":0,"player_choice":"Ignored","damage_taken":0,"max_hp_gain":0,"max_hp_loss":0,"event_name":"Ghosts","floor":21,"gold_loss":0},{"damage_healed":0,"gold_gain":0,"player_choice":"Forge","damage_taken":0,"max_hp_gain":0,"max_hp_loss":0,"event_name":"Accursed Blacksmith","floor":24,"gold_loss":0,"cards_upgraded":["ShatteredReality"]},{"damage_healed":0,"gold_gain":0,"player_choice":"Paid Gold","damage_taken":0,"relics_obtained":["Toy Ornithopter"],"max_hp_gain":0,"max_hp_loss":0,"event_name":"WeMeetAgain","floor":36,"gold_loss":62},{"cards_removed":["KidneyShot"],"damage_healed":0,"gold_gain":0,"player_choice":"Removed Attack","damage_taken":0,"max_hp_gain":0,"max_hp_loss":0,"event_name":"Falling","floor":39,"gold_loss":0},{"damage_healed":0,"gold_gain":100,"player_choice":"Pray","damage_taken":0,"max_hp_gain":0,"max_hp_loss":0,"event_name":"Golden Shrine","floor":41,"gold_loss":0}],"is_beta":false,"boss_relics":[{"not_picked":["Cursed Key","Calling Bell"],"picked":"Runic Pyramid"},{"not_picked":["Black Star","Runic Dome"],"picked":"SlaversCollar"}],"items_purged_floors":[27,46],"is_endless":false,"potions_floor_spawned":[7,8,11,12,13,14,16,18,20,22,29,30,31,33,35,37,38,44,47,48],"ascension_level":13}}