{"host":"vb6wt0mawj2xz8v4","time":1608325538,"event":{"mods":["AchievementEnabler","Aspiration","BaseMod","Hermit","Highlight Path","Hubris","Jorbs\u0027s Wanderer Trilogy","Minty Spire (QoL Compilation)","Quick Restart","Replay The Spire","Shop Mod","StSLib","SuperFastMode","The Cursed","The Disciple","The Hierophant","The Jungle"],"gold_per_floor":[359,534,179,194,207,207,207,321,346,373,386,386,402,413,413,512,512,531,544,544,10,20,20,36,70,97,116,116,65,80,112,112,212,212,228,11,113,113,123,123,139,167,245,82,101,128,128,147,147,147],"floor_reached":51,"playtime":2089,"items_purged":["Doubt","TheCursedMod:Strike_TheCursed"],"score":776,"play_id":"7ea10604-a1ac-4da6-8a9f-5c38d0452ab4","local_time":"20201218160538","is_ascension_mode":false,"campfire_choices":[{"data":"TheCursedMod:HellfireBreathing","floor":7,"key":"SMITH"},{"data":"TheCursedMod:CleanUpWorkshop","floor":15,"key":"SMITH"},{"data":"TheCursedMod:SmokeScreen","floor":23,"key":"SMITH"},{"data":"TheCursedMod:HellfireBreathing","floor":28,"key":"SMITH"},{"data":"TheCursedMod:CursedSpellbook","floor":32,"key":"SMITH"},{"data":"TheCursedMod:HellfireBreathing","floor":40,"key":"SMITH"},{"data":"TheCursedMod:DemonicPact","floor":47,"key":"SMITH"},{"floor":49,"key":"REST"}],"circlet_count":0,"master_deck":["TheCursedMod:Strike_TheCursed","TheCursedMod:Strike_TheCursed","TheCursedMod:Defend_TheCursed","TheCursedMod:Defend_TheCursed","TheCursedMod:Defend_TheCursed","TheCursedMod:Defend_TheCursed","TheCursedMod:CursedWand","TheCursedMod:CleanUpWorkshop+1","TheCursedMod:Dregs","stsjorbsmod:Strike_Wanderer","TheCursedMod:Defend_TheCursed","TheCursedMod:SmokeScreen+1","TheCursedMod:Wield","TheCursedMod:CursedBlade","TheCursedMod:RapidMovement","Master of Strategy","TheCursedMod:SpitefulStrike","TheCursedMod:WearCloak","TheCursedMod:CursedShiv","TheCursedMod:RapidMovement","TheCursedMod:CursedShiv","TheCursedMod:AbyssShockwave","TheCursedMod:CursedBlade","TheCursedMod:DemonSword","TheCursedMod:Wield","TheCursedMod:SpitefulPlan+1","TheCursedMod:Wield","TheCursedMod:CursedMace+1","TheCursedMod:HellfireBreathing+1","TheCursedMod:CursedShiv","TheCursedMod:WearCloak","TheCursedMod:CursedSpellbook+1","TheCursedMod:StunningStrike","TheCursedMod:HellfireBreathing+1","ReplayTheSpireMod:Splinters","TheCursedMod:CursedAmulet","TheCursedMod:SpitefulStrike","TheCursedMod:CursedArmor+1","TheCursedMod:DemonicPact+1","hubris:DuctTapeCard","TheCursedMod:SurpriseAttack","ReplayTheSpireMod:Faulty Equipment","TheCursedMod:LuckyCharm","Master of Strategy","TheCursedMod:CursedMace+1","TheCursedMod:Wield+1","TheCursedMod:ReleasedStrength+1"],"relics":["TheCursedMod:BlackMagic101","BargainBundle","hubris:Icosahedron","Gremlin Food","Smiling Mask","TheCursedMod:FourLeafCloverCharm","ClockworkSouvenir","aspiration:HummingbirdHeart","Vajra","hubris:BottledRain","Orichalcum","Turnip","Sozu","Bronze Scales","hubris:DuctTape","Bottled Tornado","ReplayTheSpireMod:CursedCoin","Thread and Needle"],"acts_visited":["Exordium","Exordium","TheBeyond"],"potions_floor_usage":[10,31,33,50],"damage_taken":[{"damage":12,"enemies":"Small Slimes","floor":1,"turns":5},{"damage":0,"enemies":"2 Louse","floor":4,"turns":3},{"damage":9,"enemies":"Cultist","floor":5,"turns":5},{"damage":2,"enemies":"Large Slime","floor":8,"turns":7},{"damage":8,"enemies":"Lagavulin","floor":10,"turns":7},{"damage":2,"enemies":"Gremlin Gang","floor":11,"turns":5},{"damage":0,"enemies":"Blue Slaver","floor":13,"turns":3},{"damage":0,"enemies":"3 Louse","floor":14,"turns":4},{"damage":13,"enemies":"Hexaghost","floor":16,"turns":9},{"damage":6,"enemies":"theJungle:5_Spyders","floor":18,"turns":5},{"damage":11,"enemies":"theJungle:MUSHROOMGANG","floor":19,"turns":3},{"damage":5,"enemies":"theJungle:JungleHuntersEncounter","floor":22,"turns":6},{"damage":12,"enemies":"theJungle:2_Flameangoes","floor":24,"turns":4},{"damage":0,"enemies":"theJungle:MamaSnecko","floor":25,"turns":5},{"damage":0,"enemies":"theJungle:Lyon","floor":27,"turns":3},{"damage":0,"enemies":"Snake Plant","floor":30,"turns":4},{"damage":11,"enemies":"theJungle:2_Phrogs","floor":31,"turns":6},{"damage":0,"enemies":"theJungle:QueenSpyder","floor":33,"turns":7},{"damage":0,"enemies":"3 Darklings","floor":35,"turns":3},{"damage":1,"enemies":"Orb Walker","floor":39,"turns":5},{"damage":9,"enemies":"Writhing Mass","floor":41,"turns":5},{"damage":18,"enemies":"Nemesis","floor":42,"turns":6},{"damage":0,"enemies":"4 Shapes","floor":45,"turns":1},{"damage":0,"enemies":"Giant Head","floor":46,"turns":6},{"damage":0,"enemies":"Spire Growth","floor":48,"turns":4},{"damage":2,"enemies":"Replay:Hell Engine","floor":50,"turns":8}],"seed_played":"1526143143004683870","potions_obtained":[{"floor":4,"key":"SneckoOil"},{"floor":5,"key":"DistilledChaos"},{"floor":11,"key":"FairyPotion"},{"floor":16,"key":"Elixir"},{"floor":18,"key":"Regen Potion"},{"floor":20,"key":"Dexterity Potion"},{"floor":31,"key":"Venom Potion"}],"is_trial":false,"path_per_floor":["M","?","$","M","M","?","R","M","T","E","M","?","M","M","R","B",null,"M","M","?","$","M","R","M","E","T","M","R","$","M","E","R","B",null,"M","$","?","?","M","R","M","E","T","$","M","E","R","M","R","B",null],"character_chosen":"THE_CURSED","items_purchased":["BargainBundle","TheCursedMod:Wield","TheCursedMod:CursedBlade","TheCursedMod:RapidMovement","TheCursedMod:HellfireBreathing","Master of Strategy","ClockworkSouvenir","aspiration:HummingbirdHeart","Vajra","TheCursedMod:CursedShiv","Bronze Scales","TheCursedMod:HellfireBreathing","ReplayTheSpireMod:CursedCoin","TheCursedMod:LuckyCharm","Master of Strategy"],"campfire_rested":1,"item_purchase_floors":[3,3,3,3,3,3,21,21,21,29,36,36,44,44,44],"current_hp_per_floor":[63,63,63,63,54,54,54,52,52,44,42,42,42,42,42,29,75,69,58,58,58,53,53,41,41,41,41,41,41,41,30,30,30,75,75,75,75,75,74,74,65,47,47,47,47,47,47,47,69,75],"gold":147,"neow_bonus":"TWO_FIFTY_GOLD","is_daily":false,"chose_seed":false,"campfire_upgraded":7,"win_rate":0.0,"timestamp":1608325538,"path_taken":["M","?","$","M","M","?","R","M","T","E","M","?","M","M","R","BOSS","M","?","?","$","M","R","M","E","T","?","R","$","M","E","R","BOSS","M","$","?","?","M","R","?","E","T","$","M","E","R","M","R","BOSS"],"items_purchased_type":["Relic","Card","Card","Card","Card","Card","Relic","Relic","Relic","Card","Relic","Card","Relic","Card","Card"],"build_version":"2020-12-13","purchased_purges":2,"victory":true,"max_hp_per_floor":[75,75,75,75,75,75,75,75,75,75,75,75,75,75,75,75,75,75,75,75,75,75,75,75,75,75,75,75,75,75,75,75,75,75,75,75,75,75,75,75,75,75,75,75,75,75,75,75,75,75],"card_choices":[{"not_picked":["TheCursedMod:TacticalStrike","TheCursedMod:ManaBullet"],"picked":"TheCursedMod:SmokeScreen","floor":1},{"not_picked":["TheCursedMod:VitalStrike","TheCursedMod:Stigma"],"picked":"TheCursedMod:SpitefulStrike","floor":4},{"not_picked":["TheCursedMod:AbyssShockwave","TheCursedMod:HellsGateOpen"],"picked":"TheCursedMod:WearCloak","floor":5},{"not_picked":["TheCursedMod:AbyssShockwave","TheCursedMod:SaltUponWound"],"picked":"TheCursedMod:CursedShiv","floor":8},{"not_picked":["TheCursedMod:RavingStaff","TheCursedMod:Torture"],"picked":"TheCursedMod:RapidMovement","floor":10},{"not_picked":["TheCursedMod:RavingStaff","TheCursedMod:Stretching"],"picked":"TheCursedMod:CursedShiv","floor":11},{"not_picked":["TheCursedMod:CircleOfFlame","TheCursedMod:SmokeScreen"],"picked":"TheCursedMod:AbyssShockwave","floor":13},{"not_picked":["TheCursedMod:SurpriseAttack","TheCursedMod:SmokeScreen"],"picked":"TheCursedMod:CursedBlade","floor":14},{"not_picked":["TheCursedMod:CircleOfAbyss","TheCursedMod:OutForBlood"],"picked":"TheCursedMod:DemonSword","floor":16},{"not_picked":["TheCursedMod:Mangle+1","TheCursedMod:EmpowerCircles"],"picked":"TheCursedMod:Wield","floor":18},{"not_picked":["TheCursedMod:FuryStrike+1","TheCursedMod:VitalStrike+1"],"picked":"TheCursedMod:SpitefulPlan+1","floor":19},{"not_picked":["TheCursedMod:Evocation","TheCursedMod:Hemoplague","TheCursedMod:Stretching"],"picked":"SKIP","floor":22},{"not_picked":["TheCursedMod:Stretching","TheCursedMod:AbyssShockwave"],"picked":"TheCursedMod:Wield","floor":24},{"not_picked":["TheCursedMod:FleshFromBone","TheCursedMod:ReleasedKnowledge"],"picked":"TheCursedMod:CursedMace+1","floor":25},{"not_picked":["TheCursedMod:CursedAmulet","TheCursedMod:CursedMace+1"],"picked":"TheCursedMod:HellfireBreathing","floor":27},{"not_picked":["TheCursedMod:SpreadPlague+1","TheCursedMod:RapidMovement"],"picked":"TheCursedMod:WearCloak","floor":30},{"not_picked":["TheCursedMod:CircleOfBlood+1","TheCursedMod:VitalStrike"],"picked":"TheCursedMod:CursedSpellbook","floor":31},{"not_picked":["TheCursedMod:UltimatePain","TheCursedMod:ForbiddenAlchemy"],"picked":"TheCursedMod:StunningStrike","floor":33},{"not_picked":["TheCursedMod:RavingStaff+1","TheCursedMod:RapidMovement","TheCursedMod:Stretching+1"],"picked":"SKIP","floor":35},{"not_picked":["TheCursedMod:Torture","TheCursedMod:CursedMace"],"picked":"TheCursedMod:CursedAmulet","floor":37},{"not_picked":["TheCursedMod:PrepareRite","TheCursedMod:CircleOfFocus"],"picked":"TheCursedMod:SpitefulStrike","floor":37},{"not_picked":["TheCursedMod:CircleOfCorruption","TheCursedMod:Stretching+1"],"picked":"TheCursedMod:CursedArmor+1","floor":37},{"not_picked":["TheCursedMod:Stigma+1","TheCursedMod:EmpowerCircles+1","TheCursedMod:CircleOfFlame"],"picked":"SKIP","floor":39},{"not_picked":["TheCursedMod:CircleOfAmplification+1","TheCursedMod:RavingStaff"],"picked":"TheCursedMod:DemonicPact","floor":41},{"not_picked":["TheCursedMod:Stigma+1","TheCursedMod:CircleOfWindfury+1"],"picked":"TheCursedMod:SurpriseAttack","floor":42},{"not_picked":["TheCursedMod:Stigma+1","TheCursedMod:Obscuration+1"],"picked":"TheCursedMod:CursedMace","floor":45},{"not_picked":["TheCursedMod:RavingStaff","TheCursedMod:CursedAmulet"],"picked":"TheCursedMod:Wield+1","floor":46},{"not_picked":["TheCursedMod:StingEye+1","TheCursedMod:Wield+1"],"picked":"TheCursedMod:ReleasedStrength+1","floor":48}],"player_experience":440569,"relics_obtained":[{"floor":9,"key":"Gremlin Food"},{"floor":10,"key":"Smiling Mask"},{"floor":25,"key":"hubris:BottledRain"},{"floor":26,"key":"Orichalcum"},{"floor":31,"key":"Turnip"},{"floor":42,"key":"hubris:DuctTape"},{"floor":43,"key":"Bottled Tornado"},{"floor":46,"key":"Thread and Needle"}],"event_choices":[{"damage_healed":0,"gold_gain":175,"player_choice":"AGREE","damage_taken":0,"max_hp_gain":0,"max_hp_loss":0,"event_name":"Liars Game","floor":2,"gold_loss":0,"cards_obtained":["Doubt"]},{"damage_healed":0,"gold_gain":0,"player_choice":"Upgraded","damage_taken":0,"max_hp_gain":0,"max_hp_loss":0,"event_name":"Upgrade Shrine","floor":12,"gold_loss":0,"cards_upgraded":["TheCursedMod:HellfireBreathing"]},{"damage_healed":0,"gold_gain":0,"player_choice":"Got Potions","damage_taken":0,"max_hp_gain":0,"max_hp_loss":0,"event_name":"Lab","floor":20,"gold_loss":0},{"cards_removed":["TheCursedMod:Strike_TheCursed"],"damage_healed":0,"gold_gain":0,"player_choice":"Purged","damage_taken":0,"max_hp_gain":0,"max_hp_loss":0,"event_name":"Purifier","floor":38,"gold_loss":0}],"is_beta":false,"boss_relics":[{"not_picked":["Runic Pyramid","hubris:TerracottaHorce"],"picked":"TheCursedMod:FourLeafCloverCharm"},{"not_picked":["Black Star","TheCursedMod:BlackMagicAdvanced"],"picked":"Sozu"}],"items_purged_floors":[3,44],"is_endless":false,"potions_floor_spawned":[4,5,11,16,18,25,27,31,39,41,46],"ascension_level":0}}