{"host":"br1k745010e75u9o","time":1608318231,"event":{"mods":["BaseMod","CCEM","Conspire","Downfall","Friendly Minions","Hermit","Hubris","Infinite Spire","Mari Mod (Legacy)","Mari\u0027s V1 Patch","Minty Spire (QoL Compilation)","Rare Cards Sparkle","Replay The Spire","StSLib","The Cursed","Yohane!"],"gold_per_floor":[115,135,155,155,12,12,26,42,87,87,120,132,161,173,185,197,197],"floor_reached":16,"playtime":533,"items_purged":["Strike_B"],"score":102,"play_id":"3681d28c-d6b5-4b24-b410-a54249dcde1e","local_time":"20201218190351","is_ascension_mode":false,"campfire_choices":[{"data":"Echo Form","floor":6,"key":"SMITH"},{"floor":12,"key":"REST"}],"circlet_count":0,"master_deck":["Strike_B","Strike_B","Strike_B","Defend_B","Defend_B","Defend_B","Defend_B","Zap","Dualcast","Redo","Ball Lightning","Echo Form+1","Zap","Storm+1","Heatsinks+1"],"relics":["Cracked Core","Nunchaku","MawBank"],"acts_visited":["Exordium"],"potions_floor_usage":[8,16,16],"damage_taken":[{"damage":1,"enemies":"Cultist","floor":1,"turns":3},{"damage":0,"enemies":"2 Louse","floor":2,"turns":3},{"damage":8,"enemies":"Small Slimes","floor":3,"turns":2},{"damage":4,"enemies":"Blue Slaver","floor":7,"turns":3},{"damage":28,"enemies":"Exordium Wildlife","floor":8,"turns":4},{"damage":31,"enemies":"3 Sentries","floor":11,"turns":6},{"damage":14,"enemies":"Gremlin Gang","floor":13,"turns":5},{"damage":32,"enemies":"The Guardian","floor":16,"turns":2}],"seed_played":"1981124631879089784","potions_obtained":[{"floor":3,"key":"FearPotion"},{"floor":8,"key":"Swift Potion"},{"floor":13,"key":"Ancient Potion"}],"is_trial":false,"path_per_floor":["M","M","M","?","$","R","M","M","T","$","E","R","M","?","R","B"],"character_chosen":"DEFECT","items_purchased":["Storm"],"campfire_rested":1,"item_purchase_floors":[5],"current_hp_per_floor":[74,74,66,66,66,66,62,34,34,34,3,25,11,11,11,0,0],"gold":197,"neow_bonus":"THREE_CARDS","is_daily":false,"chose_seed":false,"campfire_upgraded":1,"win_rate":0.0,"timestamp":1608318231,"path_taken":["M","M","M","?","$","R","M","M","T","?","E","R","M","?","R","BOSS"],"items_purchased_type":["Card"],"build_version":"2020-12-13","purchased_purges":1,"victory":false,"max_hp_per_floor":[75,75,75,75,75,75,75,75,75,75,75,75,75,75,75,75,75],"card_choices":[{"not_picked":["Sweeping Beam","Steam"],"picked":"Redo","floor":1},{"not_picked":["Auto Shields","Compile Driver"],"picked":"Ball Lightning","floor":2},{"not_picked":["Fusion","Go for the Eyes","ReplaySolidLightProjector"],"picked":"SKIP","floor":3},{"not_picked":["Leap","Cold Snap","Gash"],"picked":"SKIP","floor":7},{"not_picked":["Go for the Eyes","Cold Snap"],"picked":"Heatsinks","floor":8},{"not_picked":["Beam Cell","Redo","Rebound"],"picked":"SKIP","floor":11},{"not_picked":["ReplayRNGCard","Steam","Compile Driver"],"picked":"SKIP","floor":13}],"player_experience":59332,"relics_obtained":[{"floor":9,"key":"Nunchaku"},{"floor":11,"key":"MawBank"}],"event_choices":[{"damage_healed":0,"gold_gain":0,"player_choice":"2 cards matched","damage_taken":0,"max_hp_gain":0,"max_hp_loss":0,"event_name":"Match and Keep!","floor":4,"gold_loss":0,"cards_obtained":["Echo Form","Zap"]},{"damage_healed":0,"gold_gain":0,"player_choice":"Grow","damage_taken":0,"max_hp_gain":0,"max_hp_loss":0,"event_name":"Living Wall","floor":15,"gold_loss":0,"cards_upgraded":["Heatsinks"]}],"is_beta":false,"boss_relics":[],"items_purged_floors":[5],"is_endless":false,"potions_floor_spawned":[3,8,13],"killed_by":"The Guardian","ascension_level":0}}