{"host":"x7u3amoxy3d4heu5","time":1608330043,"event":{"mods":["BaseMod","Colored Map","DeckTracker","Hermit","Hubris","Infinite Spire","Marisa????????","Minty Spire (QoL Compilation)","Quick Restart","Replay The Spire","StSLib","The Cursed","The IronCluck","The Jungle","The Servant 0.9.4","The Wild Card","Unceasing Turn Reminder","slay the spire mod where everything is the same but ironclad has a cowboy hat"],"gold_per_floor":[114,114,114,133,150,150,150,165,189,208,243,243,279,139,139,246,246,271,271,154,169,169,169],"floor_reached":22,"playtime":1627,"items_purged":[],"score":344,"play_id":"30318b27-ac38-4e32-ab6d-ab99f9fa4cce","local_time":"20201218152043","is_ascension_mode":false,"campfire_choices":[{"data":"hermit:Determination","floor":6,"key":"SMITH"},{"floor":15,"key":"REST"}],"circlet_count":0,"master_deck":["hermit:Strike_Hermit","hermit:Strike_Hermit","hermit:Strike_Hermit","hermit:Strike_Hermit","hermit:Defend_Hermit","hermit:Defend_Hermit","hermit:Defend_Hermit","hermit:Defend_Hermit","hermit:Snapshot","hermit:Covet","hermit:RoundhouseKick","hermit:Enervate","Regret","Languid","hubris:InfiniteBlow+1","hermit:Vantage","hermit:Determination+1","hermit:Desperado+1","hermit:LowProfile","hermit:Scavenge","hermit:ShadowCloak","hermit:Grudge","hermit:DeadOrAlive","Pot Of Greed","Pot Of Greed","Clumsy","Pot Of Greed","Decay","Regret","hermit:Gestalt","hermit:Misfire+1","Flash of Steel+1","hermit:Desperado+1"],"relics":["hermit:Momento","CultistMask","Bronze Scales","ReplayTheSpireMod:Lightbulb","ReplayTheSpireMod:TigerMarble","Replay:Ancient Bell","Grinning Jar","Molten Egg 2","Torii","hubris:BottledHeart"],"acts_visited":["Exordium","TheCity"],"potions_floor_usage":[13],"damage_taken":[{"damage":0,"enemies":"Small Slimes","floor":1,"turns":2},{"damage":7,"enemies":"2 Louse","floor":4,"turns":2},{"damage":1,"enemies":"Cultist","floor":5,"turns":3},{"damage":21,"enemies":"Large Slime","floor":8,"turns":5},{"damage":6,"enemies":"Blue Slaver","floor":10,"turns":3},{"damage":19,"enemies":"3 Sentries","floor":11,"turns":5},{"damage":7,"enemies":"Lagavulin","floor":13,"turns":6},{"damage":0,"enemies":"Fading Forest","floor":16,"turns":11},{"damage":24,"enemies":"2 Thieves","floor":18,"turns":4},{"damage":0,"enemies":"Spheric Guardian","floor":21,"turns":4},{"damage":1,"enemies":"Shelled Parasite and Fungi","floor":22,"turns":3}],"seed_played":"-574077271917225471","potions_obtained":[{"floor":4,"key":"SteroidPotion"},{"floor":5,"key":"Weak Potion"},{"floor":16,"key":"Elixir"},{"floor":21,"key":"Explosive Potion"}],"is_trial":false,"path_per_floor":["M","?","?","M","M","R","?","M","T","M","E","?","E","$","R","B",null,"M","?","$","M","M"],"character_chosen":"HERMIT","items_purchased":["hermit:ShadowCloak","hermit:Grudge","hermit:Misfire+1","Flash of Steel+1"],"campfire_rested":1,"item_purchase_floors":[14,14,20,20],"current_hp_per_floor":[75,75,75,68,67,67,67,46,46,40,21,21,14,14,36,36,75,51,1,1,1,0,0],"gold":169,"neow_bonus":"ONE_RANDOM_RARE_CARD","is_daily":false,"chose_seed":false,"campfire_upgraded":1,"win_rate":0.0,"timestamp":1608330043,"path_taken":["M","?","?","M","M","R","?","?","T","M","E","?","E","$","R","BOSS","M","?","?","M","M"],"items_purchased_type":["Card","Card","Card","Card"],"build_version":"2020-12-13","purchased_purges":0,"victory":false,"max_hp_per_floor":[75,75,75,75,75,75,75,75,75,75,75,75,75,75,75,75,75,75,1,1,1,1,1],"card_choices":[{"not_picked":["hermit:Misfire","hermit:Combo"],"picked":"hermit:Enervate","floor":1},{"not_picked":["ReplayTheSpireMod:Black Plague","infinitespire:Execution"],"picked":"hubris:InfiniteBlow","floor":2},{"not_picked":["hermit:Snipe","hermit:FullyLoaded"],"picked":"hermit:Vantage","floor":4},{"not_picked":["hermit:HighCaliber","hermit:Vantage"],"picked":"hermit:Determination","floor":5},{"not_picked":["hermit:Snipe","hermit:Headshot"],"picked":"hermit:Desperado","floor":8},{"not_picked":["hermit:Desperado","hermit:HighNoon"],"picked":"hermit:LowProfile","floor":10},{"not_picked":["hermit:LoneWolf","hermit:CursedWeapon"],"picked":"hermit:Scavenge","floor":11},{"not_picked":["hermit:Maintenance","hermit:ItchyTrigger","hermit:CursedWeapon"],"picked":"SKIP","floor":13},{"not_picked":["hermit:EternalForm","hermit:Roughhouse"],"picked":"hermit:DeadOrAlive","floor":16},{"not_picked":["Overencumbered","CurseOfTheBell"],"picked":"Clumsy","floor":17},{"not_picked":["hubris:Envy","TheCursedMod:Dregs"],"picked":"Decay","floor":17},{"not_picked":["infinitespire:Pacifist","ReplayTheSpireMod:Doomed"],"picked":"Regret","floor":17},{"not_picked":["hermit:Malice+1","hermit:LuckOfTheDraw"],"picked":"hermit:Gestalt","floor":18},{"not_picked":["hermit:Headshot+1","hermit:LuckOfTheDraw"],"picked":"hermit:Desperado+1","floor":21}],"player_experience":547426,"relics_obtained":[{"floor":9,"key":"Bronze Scales"},{"floor":11,"key":"ReplayTheSpireMod:Lightbulb"},{"floor":13,"key":"ReplayTheSpireMod:TigerMarble"}],"event_choices":[{"damage_healed":0,"gold_gain":0,"player_choice":"Grow","damage_taken":0,"max_hp_gain":0,"max_hp_loss":0,"event_name":"Living Wall","floor":3,"gold_loss":0,"cards_upgraded":["hubris:InfiniteBlow"]},{"damage_healed":0,"gold_gain":0,"player_choice":"Trade","damage_taken":0,"relics_obtained":["CultistMask"],"max_hp_gain":0,"max_hp_loss":0,"event_name":"FaceTrader","floor":7,"gold_loss":0}],"is_beta":false,"boss_relics":[{"not_picked":["hermit:DentedPlate","Coffee Dripper"],"picked":"Replay:Ancient Bell"},{"not_picked":["hubris:ToyBattleship","hubris:OldNail"],"picked":"Grinning Jar"},{"not_picked":["Chameleon Ring","Garlic"],"picked":"Molten Egg 2"},{"not_picked":["Prayer Wheel","hubris:Spice"],"picked":"Torii"}],"items_purged_floors":[],"is_endless":false,"potions_floor_spawned":[4,5,16,21],"killed_by":"Shelled Parasite and Fungi","ascension_level":0}}