{"host":"87fdiiwflhrwsj8a","time":1608314833,"event":{"mods":["Aspiration","BaseMod","Better Match","Better Third Choice","BetterRewards","Colored Map","Downfall","GifTheSpireLib","Infinite Spire","Minty Spire (QoL Compilation)","Relic Sorter","Replay The Spire","Robot Space Explorer","StSLib","Stuff the Spire","The Cursed"],"gold_per_floor":[119,294,294,306,306,306,335,335,335,369,120,132,159,53,53,153,153,166,166,185,185,199,232,232,266,266,278,133,165,180,193,193,298,298,313,333,0,15,15,15],"floor_reached":39,"playtime":1740,"items_purged":[],"score":1210,"play_id":"6a0da732-e866-4454-aa46-beae703a2bbb","local_time":"20201218130713","is_ascension_mode":true,"campfire_choices":[{"data":"TheCursedMod:CursedWand","floor":6.0,"key":"SMITH"},{"floor":8.0,"key":"REST"},{"floor":15.0,"key":"REST"},{"floor":32.0,"key":"DIG"}],"circlet_count":0,"master_deck":["TheCursedMod:Strike_TheCursed+1","TheCursedMod:Strike_TheCursed","TheCursedMod:Strike_TheCursed","TheCursedMod:Strike_TheCursed","TheCursedMod:Defend_TheCursed","TheCursedMod:Defend_TheCursed","TheCursedMod:Defend_TheCursed","TheCursedMod:Defend_TheCursed","TheCursedMod:CleanUpWorkshop+1","TheCursedMod:Dregs","TheCursedMod:SpitefulPray+1","Metamorphosis+1","TheCursedMod:ManaBullet+1","TheCursedMod:CursedMace+1","Doubt","TheCursedMod:OutForBlood+1","TheCursedMod:ParallelWorld+1","TheCursedMod:CursedShiv+1","TheCursedMod:CursedShiv+1","TheCursedMod:SoulCrush+1","TheCursedMod:Torture+1","TheCursedMod:OutForBlood+1","TheCursedMod:CursedShiv+1","TheCursedMod:AntiAging+1","TheCursedMod:Mangle+1","TheCursedMod:Stigma+1","TheCursedMod:CursedStaff+1","TheCursedMod:OutForBlood+1","TheCursedMod:CursedWand+1","TheCursedMod:TacticalStrike+1","TheCursedMod:AntiAging+1","TheCursedMod:TacticalStrike+1","TheCursedMod:Torture+1"],"relics":["TheCursedMod:BlackMagic101","Golden Egg","StuffTheSpire:Nightcore","Unceasing Top","Lee\u0027s Waffle","Replay:Towering Pillar of Hats","aspiration:HatOfInfinitePower","Bag of Preparation","infinitespire:Bottled Soul","Omamori","Replay:Multitool","infinitespire:CheckeredPen","Molten Egg 2","ReplayTheSpireMod:Ninjato","ChewingGum","Replay:Kaleidoscope","infinitespire:Lucky Rock","StuffTheSpire:Mouthbags","Shovel","Mango","Black Star","Replay:Baseball"],"acts_visited":["Exordium","TheCity","TheBeyond"],"potions_floor_usage":[38],"damage_taken":[{"damage":5.0,"enemies":"2 Louse","floor":1.0,"turns":3.0},{"damage":0.0,"enemies":"Jaw Worm","floor":4.0,"turns":1.0},{"damage":6.0,"enemies":"3 Sentries","floor":7.0,"turns":6.0},{"damage":30.0,"enemies":"Lagavulin","floor":10.0,"turns":4.0},{"damage":0.0,"enemies":"Small Slimes","floor":12.0,"turns":2.0},{"damage":10.0,"enemies":"3 Sentries","floor":13.0,"turns":4.0},{"damage":0.0,"enemies":"Hexaghost","floor":16.0,"turns":3.0},{"damage":3.0,"enemies":"Chosen","floor":18.0,"turns":2.0},{"damage":14.0,"enemies":"2 Thieves","floor":20.0,"turns":2.0},{"damage":13.0,"enemies":"Snecko","floor":22.0,"turns":3.0},{"damage":14.0,"enemies":"Slavers","floor":23.0,"turns":4.0},{"damage":9.0,"enemies":"Book of Stabbing","floor":25.0,"turns":2.0},{"damage":0.0,"enemies":"Shelled Parasite and Fungi","floor":27.0,"turns":2.0},{"damage":23.0,"enemies":"Slavers","floor":29.0,"turns":2.0},{"damage":0.0,"enemies":"3 Cultists","floor":30.0,"turns":3.0},{"damage":3.0,"enemies":"Chosen and Byrds","floor":31.0,"turns":2.0},{"damage":21.0,"enemies":"Pondfish","floor":33.0,"turns":4.0},{"damage":12,"enemies":"3 Darklings","floor":35,"turns":3},{"damage":14,"enemies":"3 Shapes","floor":36,"turns":5},{"damage":8,"enemies":"Maw","floor":38,"turns":4}],"seed_played":"-2144214915024124625","potions_obtained":[{"floor":1.0,"key":"Languid Potion"},{"floor":4.0,"key":"SpeedPotion"},{"floor":10.0,"key":"SpeedPotion"},{"floor":20.0,"key":"Explosive Potion"},{"floor":23.0,"key":"LiquidBronze"},{"floor":27.0,"key":"Adrenaline Potion"},{"floor":31.0,"key":"hexamod:EctoCoolerPotion"},{"floor":38,"key":"Elixir"}],"is_trial":false,"path_per_floor":["M","?","?","M","T","R","E","R","T","E","$","M","E","$","R","B",null,"M","?","M","?","M","E","R","E","T","M","$","E","M","M","R","B",null,"M","M","$","M","M"],"character_chosen":"THE_CURSED","items_purchased":["Golden Egg","StuffTheSpire:Nightcore","Lee\u0027s Waffle","TheCursedMod:SpitefulPray","aspiration:HatOfInfinitePower","Bag of Preparation","Metamorphosis","TheCursedMod:ManaBullet","Molten Egg 2","TheCursedMod:SoulCrush+1","TheCursedMod:Torture","StuffTheSpire:Mouthbags","TheCursedMod:AntiAging","Replay:Baseball","TheCursedMod:TacticalStrike+1"],"campfire_rested":2,"item_purchase_floors":[0,0,0,0,0,0,0,0,11,14,14,28,37,37,37],"current_hp_per_floor":[77,77,61,61,61,61,55,79,79,49,49,49,39,39,63,63,77,74,74,60,60,47,36,61,52,52,55,55,32,35,32,46,25,85,73,59,59,57,0,0],"gold":15,"neow_bonus":"","is_daily":false,"chose_seed":false,"campfire_upgraded":1,"win_rate":0.0,"timestamp":1608314833,"path_taken":["M","?","?","M","?","R","E","R","T","E","$","M","E","$","R","BOSS","M","?","M","?","?","E","R","E","T","M","$","E","M","M","R","BOSS","M","M","$","M","M"],"items_purchased_type":["Relic","Relic","Relic","Card","Relic","Relic","Card","Card","Relic","Card","Card","Relic","Card","Relic","Card"],"build_version":"2020-12-13","purchased_purges":0,"victory":false,"max_hp_per_floor":[82,82,82,82,82,82,82,82,82,82,82,82,82,82,82,82,82,82,82,82,82,82,85,85,85,85,88,88,88,91,91,105,105,105,105,105,105,111,117,117],"card_choices":[{"not_picked":["TheCursedMod:CursedShiv","TheCursedMod:CursedAmulet"],"picked":"TheCursedMod:CursedMace","floor":1.0},{"not_picked":["TheCursedMod:TacticalStrike","TheCursedMod:CursedMace","TheCursedMod:FleshFromBone"],"picked":"SKIP","floor":4.0},{"not_picked":["TheCursedMod:Obscuration","TheCursedMod:DoubleShield"],"picked":"TheCursedMod:OutForBlood","floor":7.0},{"not_picked":["TheCursedMod:SpitefulPlan","TheCursedMod:TroublousMinions"],"picked":"TheCursedMod:ParallelWorld","floor":10.0},{"not_picked":["TheCursedMod:CursedAmulet","TheCursedMod:Wield+1"],"picked":"TheCursedMod:CursedShiv+1","floor":12.0},{"not_picked":["TheCursedMod:HellfireBreathing","TheCursedMod:Mangle+1"],"picked":"TheCursedMod:CursedShiv+1","floor":13.0},{"not_picked":["TheCursedMod:ShockAndAwe+1","TheCursedMod:CollectTribute"],"picked":"TheCursedMod:OutForBlood","floor":16.0},{"not_picked":["TheCursedMod:CursedAmulet","TheCursedMod:SpitefulStrike+1"],"picked":"TheCursedMod:CursedShiv+1","floor":18.0},{"not_picked":["TheCursedMod:RavingStaff+1","TheCursedMod:SpitefulStrike+1"],"picked":"TheCursedMod:AntiAging","floor":20.0},{"not_picked":["TheCursedMod:StingEye+1","TheCursedMod:CircleOfFlame"],"picked":"TheCursedMod:Mangle+1","floor":22.0},{"not_picked":["TheCursedMod:EmpowerCircles","TheCursedMod:BlessingInDisguise+1","TheCursedMod:Obscuration"],"picked":"SKIP","floor":23.0},{"not_picked":["TheCursedMod:FleshFromBone","TheCursedMod:DemonicPact","TheCursedMod:RavingStaff+1"],"picked":"SKIP","floor":25.0},{"not_picked":["TheCursedMod:SmokeScreen+1","TheCursedMod:CircleOfCorruption","TheCursedMod:CircleOfFocus"],"picked":"SKIP","floor":27.0},{"not_picked":["TheCursedMod:CircleOfCorruption","TheCursedMod:Obscuration","TheCursedMod:Wield+1"],"picked":"SKIP","floor":29.0},{"not_picked":["TheCursedMod:RapidMovement+1","TheCursedMod:CursedAmulet"],"picked":"TheCursedMod:Stigma+1","floor":30.0},{"not_picked":["TheCursedMod:StunningStrike+1","TheCursedMod:WearCloak"],"picked":"TheCursedMod:CursedStaff+1","floor":31.0},{"not_picked":["TheCursedMod:ParallelWorld","TheCursedMod:CursedRelics+1"],"picked":"TheCursedMod:OutForBlood","floor":33.0},{"not_picked":["TheCursedMod:Stretching+1","TheCursedMod:CircleOfWindfury"],"picked":"TheCursedMod:TacticalStrike+1","floor":35},{"not_picked":["TheCursedMod:WearCloak","TheCursedMod:SmokeScreen","TheCursedMod:RavingStaff+1"],"picked":"SKIP","floor":36},{"not_picked":["TheCursedMod:HellfireBreathing","TheCursedMod:CursedMace+1"],"picked":"TheCursedMod:Torture+1","floor":38}],"player_experience":2572268,"relics_obtained":[{"floor":5.0,"key":"infinitespire:Bottled Soul"},{"floor":7.0,"key":"Omamori"},{"floor":9.0,"key":"Replay:Multitool"},{"floor":10.0,"key":"infinitespire:CheckeredPen"},{"floor":13.0,"key":"ReplayTheSpireMod:Ninjato"},{"floor":23.0,"key":"Replay:Kaleidoscope"},{"floor":25.0,"key":"infinitespire:Lucky Rock"},{"floor":29.0,"key":"Shovel"},{"floor":32.0,"key":"Mango"}],"event_choices":[{"damage_healed":0.0,"max_hp_gain":0.0,"max_hp_loss":0.0,"gold_gain":175.0,"event_name":"betterThird:BetterSerpent","player_choice":"AGREE","floor":2.0,"gold_loss":0.0,"damage_taken":119.0},{"damage_healed":77.0,"max_hp_gain":0.0,"max_hp_loss":82.0,"gold_gain":0.0,"event_name":"betterThird:BetterShining","player_choice":"Upgrade","floor":3.0,"gold_loss":0.0,"damage_taken":16.0,"cards_upgraded":["TheCursedMod:CleanUpWorkshop","TheCursedMod:CursedMace"]},{"damage_healed":0.0,"max_hp_gain":0.0,"max_hp_loss":0.0,"gold_gain":0.0,"event_name":"Accursed Blacksmith","player_choice":"Forge","floor":21.0,"gold_loss":0.0,"damage_taken":0.0,"cards_upgraded":["TheCursedMod:Strike_TheCursed"]}],"is_beta":false,"boss_relics":[{"not_picked":["StuffTheSpire:Kangaroo","Astrolabe"],"picked":"ChewingGum"},{"not_picked":["Snecko Eye","Velvet Choker"],"picked":"Black Star"}],"items_purged_floors":[],"is_endless":false,"potions_floor_spawned":[1,4,10,20,23,27,29,31,38],"killed_by":"4 Shapes","ascension_level":7}}