{"host":"Fredi","time":1608271153,"event":{"mods":["AchievementEnabler","Act Like it!","BaseMod","Better Altar","Better Match","Better Note","Better Sensory Stone","Better Skull","Better Third Choice","Block Reminder","Colored Map","Colored Powertips","Custom Start","Downfall","Gensokyo","Hallownest","Hermit","Highlight Path","Mimic Mod","Minty Spire (QoL Compilation)","Permanent Neow","Quick Restart","Rare Cards Sparkle","Relic Stats","Shop Mod","StSLib","The Cursed","The Runesmith","Transform Curses","Wandering Minibosses","everything is the same but u backflip on backflip"],"gold_per_floor":[10,10,23,23,38,71,71,104,129,54,54,54,91,116,116,219,219,231,244,21,39,56,56,91,91,118,143,159,159,159,188,188,289,289,304,316,331,246,121,121,148,4,4,4,4,16,43,55,55,159,159,159,7,42,42,42],"floor_reached":55,"playtime":4398,"items_purged":["Strike_B","Strike_B","Defend_B"],"score":837,"play_id":"b475e26d-5022-4fe6-95fc-41d183d0a242","local_time":"20201217215913","is_ascension_mode":true,"campfire_choices":[{"floor":7,"key":"RECALL"},{"data":"Zap","floor":11,"key":"SMITH"},{"data":"Dualcast","floor":15,"key":"SMITH"},{"data":"Echo Form","floor":23,"key":"SMITH"},{"data":"Beam Cell","floor":30,"key":"SMITH"},{"floor":32,"key":"REST"},{"data":"Hallownest:skillKingdomsEdgeMap","floor":40,"key":"SMITH"},{"data":"Go for the Eyes","floor":44,"key":"SMITH"},{"data":"Gash","floor":49,"key":"SMITH"},{"data":"Multi-Cast","floor":52,"key":"SMITH"}],"circlet_count":0,"master_deck":["Defend_B+1","Zap+1","Dualcast+1","Scrape+1","Streamline+1","Beam Cell+1","Reboot+1","Gash+1","FTL+1","Go for the Eyes+1","Echo Form+1","Chill+1","Double Energy+1","All For One","Undo+1","Hallownest:skillKingdomsEdgeMap+1","Redo+1","Multi-Cast+1","Gash+1","BootSequence+1"],"relics":["Cracked Core","Blood Vial","Dream Catcher","Bronze Scales","DataDisk","Black Star","Anchor","Pantograph","Orichalcum","Mercury Hourglass","Happy Flower","Lantern","Eternal Feather","SacredBark","Nunchaku","Strawberry","Medical Kit","Whetstone","CaptainsWheel","Pen Nib","DollysMirror","Kunai","War Paint"],"acts_visited":["Hallownest:Greenpath","TheCity","Hallownest:KingdomsEdge","TheEnding"],"potions_floor_usage":[6,16,16,24,24,37,37,50,50,55],"damage_taken":[{"damage":0,"enemies":"Hallownest:2_Baldur","floor":1,"turns":5},{"damage":0,"enemies":"Hallownest:monsterHuskGuard","floor":3,"turns":4},{"damage":0,"enemies":"Hallownest:2_MossCreeps","floor":5,"turns":6},{"damage":19,"enemies":"Hallownest:eliteCrystalGuardian","floor":6,"turns":5},{"damage":6,"enemies":"Hallownest:eliteVengeflyKing","floor":8,"turns":6},{"damage":1,"enemies":"Hallownest:monsterMarmu","floor":12,"turns":3},{"damage":0,"enemies":"Hallownest:monsterFoolEater","floor":13,"turns":5},{"damage":1,"enemies":"Hallownest:eliteMossKnight","floor":14,"turns":5},{"damage":44,"enemies":"Hallownest:BossHornet","floor":16,"turns":7},{"damage":7,"enemies":"Shell Parasite","floor":18,"turns":3},{"damage":0,"enemies":"Spheric Guardian","floor":19,"turns":2},{"damage":10,"enemies":"Centurion and Healer","floor":21,"turns":3},{"damage":10,"enemies":"Chosen and Byrds","floor":22,"turns":3},{"damage":34,"enemies":"Slavers","floor":24,"turns":4},{"damage":0,"enemies":"Gremlin Leader","floor":27,"turns":6},{"damage":0,"enemies":"3 Cultists","floor":28,"turns":3},{"damage":8,"enemies":"Slavers","floor":31,"turns":4},{"damage":35,"enemies":"Collector","floor":33,"turns":7},{"damage":0,"enemies":"Hallownest:2_Littles","floor":35,"turns":3},{"damage":1,"enemies":"Hallownest:Shield_Heavy","floor":36,"turns":3},{"damage":14,"enemies":"Hallownest:Xero_Hu_Marmu","floor":37,"turns":3},{"damage":5,"enemies":"Hallownest:eliteHiveKnight","floor":41,"turns":5},{"damage":0,"enemies":"Hallownest:Shield_Sturdy","floor":46,"turns":3},{"damage":0,"enemies":"Hallownest:StalkingDevout","floor":47,"turns":4},{"damage":6,"enemies":"Hallownest:2_Wing_and_1_Kings","floor":48,"turns":4},{"damage":8,"enemies":"Hallownest:Radiance","floor":50,"turns":6},{"damage":38,"enemies":"Shield and Spear","floor":54,"turns":5},{"damage":66,"enemies":"The Heart","floor":55,"turns":5}],"seed_played":"1161966566220618381","potions_obtained":[{"floor":3,"key":"Weak Potion"},{"floor":6,"key":"Weak Potion"},{"floor":14,"key":"champ:CounterPotion"},{"floor":21,"key":"ColorlessPotion"},{"floor":22,"key":"Swift Potion"},{"floor":27,"key":"sneckomod:MuddlingPotion"},{"floor":36,"key":"Swift Potion"},{"floor":41,"key":"EssenceOfDarkness"},{"floor":48,"key":"sneckomod:MuddlingPotion"},{"floor":50,"key":"BlessingOfTheForge"},{"floor":54,"key":"SteroidPotion"}],"is_trial":false,"path_per_floor":["M","?","M","?","M","E","R","E","T","$","R","?","MIM","E","R","B",null,"M","M","$","M","M","R","E","?","T","E","M","?","R","E","R","B",null,"M","M","M","?","$","R","E","$","T","R","?","M","E","M","R","B",null,"R","$","E","B"],"character_chosen":"DEFECT","items_purchased":["FTL","Go for the Eyes","Medical Kit","DollysMirror"],"campfire_rested":1,"item_purchase_floors":[20,20,42,53],"current_hp_per_floor":[75,75,75,65,65,46,46,42,42,42,42,43,45,46,46,4,75,68,70,70,62,54,54,22,22,22,24,26,26,26,20,48,40,75,75,74,61,61,61,70,74,74,74,82,77,77,77,71,77,69,77,77,77,39,0,0],"gold":42,"neow_bonus":"REMOVE_TWO","is_daily":false,"chose_seed":false,"campfire_upgraded":8,"win_rate":0.0,"timestamp":1608271153,"path_taken":["M","?","M","?","?","E","R","E","T","$","R","?","?","E","R","BOSS","M","M","$","M","M","R","E","?","T","E","M","?","R","E","R","BOSS","M","?","M","?","$","R","E","$","T","R","?","M","E","M","R","BOSS","R","$","E","BOSS"],"items_purchased_type":["Card","Card","Relic","Relic"],"build_version":"2020-12-17","purchased_purges":3,"victory":false,"max_hp_per_floor":[75,75,75,75,75,75,75,75,75,75,75,75,75,75,75,75,75,75,75,75,75,75,75,75,75,75,75,75,75,75,75,75,75,75,75,75,75,75,75,75,82,82,82,82,77,77,77,77,77,77,77,77,77,77,77,77],"relic_stats":{"Happy Flower":[18],"counters":[28,122],"Eternal Feather":29,"Pen Nib":[6],"Whetstone":["Streamline","FTL"],"Orichalcum":[84],"War Paint":["Reboot","Chill"],"Medical Kit":[6],"Mercury Hourglass":[216],"Blood Vial":31,"Dream Catcher":1,"Nunchaku":[10],"Bronze Scales":[211],"Pantograph":50,"Black Star":6,"Kunai":[1],"obtain_stats":[{"Lantern":31,"Happy Flower":27,"SacredBark":34,"Eternal Feather":31,"Pen Nib":47,"Whetstone":43,"Orichalcum":26,"War Paint":54,"Medical Kit":42,"Mercury Hourglass":27,"Blood Vial":6,"Dream Catcher":8,"DataDisk":14,"Anchor":24,"Nunchaku":41,"CaptainsWheel":47,"DollysMirror":53,"Bronze Scales":13,"Pantograph":24,"Strawberry":41,"Black Star":17,"Kunai":54,"Cracked Core":0},{"Lantern":17,"Happy Flower":15,"SacredBark":18,"Eternal Feather":17,"Pen Nib":24,"Whetstone":22,"Orichalcum":14,"War Paint":27,"Medical Kit":22,"Mercury Hourglass":15,"Blood Vial":4,"Dream Catcher":5,"DataDisk":8,"Anchor":14,"Nunchaku":22,"CaptainsWheel":24,"DollysMirror":26,"Bronze Scales":7,"Pantograph":14,"Strawberry":22,"Black Star":9,"Kunai":27,"Cracked Core":0},{"Lantern":74,"Happy Flower":67,"SacredBark":81,"Eternal Feather":74,"Pen Nib":102,"Whetstone":95,"Orichalcum":61,"War Paint":117,"Medical Kit":95,"Mercury Hourglass":67,"Blood Vial":20,"Dream Catcher":26,"DataDisk":39,"Anchor":61,"Nunchaku":95,"CaptainsWheel":102,"DollysMirror":112,"Bronze Scales":34,"Pantograph":61,"Strawberry":95,"Black Star":46,"Kunai":117,"Cracked Core":0}]},"card_choices":[{"not_picked":["Hologram","Beam Cell"],"picked":"Scrape","floor":1},{"not_picked":["Rebound","Defragment","Conserve Battery"],"picked":"SKIP","floor":3},{"not_picked":["Beam Cell","Consume"],"picked":"Streamline","floor":5},{"not_picked":["Leap","Ball Lightning","Coolheaded"],"picked":"SKIP","floor":6},{"not_picked":["Coolheaded","Heatsinks"],"picked":"Beam Cell","floor":8},{"not_picked":["Fusion","Creative AI","Leap"],"picked":"SKIP","floor":14},{"not_picked":["Core Surge","Electrodynamics"],"picked":"Reboot","floor":16},{"not_picked":["Sweeping Beam+1","Coolheaded+1","Steam"],"picked":"SKIP","floor":18},{"not_picked":["Rebound","Redo"],"picked":"Gash","floor":19},{"not_picked":["Conserve Battery","White Noise+1","Hologram"],"picked":"SKIP","floor":21},{"not_picked":["Rip and Tear","Streamline"],"picked":"Echo Form","floor":22},{"not_picked":["Sunder","Ball Lightning"],"picked":"Chill","floor":24},{"not_picked":["Go for the Eyes","Tempest","Compile Driver"],"picked":"SKIP","floor":27},{"not_picked":["Loop","Redo","Beam Cell"],"picked":"SKIP","floor":28},{"not_picked":["Fusion","Streamline","Turbo+1"],"picked":"SKIP","floor":31},{"not_picked":["Meteor Strike","Stack"],"picked":"Double Energy+1","floor":32},{"not_picked":["Core Surge","Machine Learning"],"picked":"All For One","floor":33},{"not_picked":["Turbo","Compile Driver","Cold Snap"],"picked":"SKIP","floor":35},{"not_picked":["Hello World+1","Tempest","Lockon+1"],"picked":"SKIP","floor":36},{"not_picked":["Reprogram","Sweeping Beam+1"],"picked":"Undo+1","floor":37},{"not_picked":["Go for the Eyes","Cold Snap"],"picked":"Redo+1","floor":41},{"not_picked":["Chaos+1","Go for the Eyes+1","Stack"],"picked":"SKIP","floor":46},{"not_picked":["Force Field","Compile Driver","Coolheaded"],"picked":"SKIP","floor":47},{"not_picked":["Self Repair","Compile Driver","Barrage"],"picked":"SKIP","floor":48},{"not_picked":["Core Surge","Electrodynamics"],"picked":"Multi-Cast","floor":50},{"not_picked":["Compile Driver+1","Darkness"],"picked":"BootSequence+1","floor":54}],"player_experience":239459,"relics_obtained":[{"floor":6,"key":"Blood Vial"},{"floor":8,"key":"Dream Catcher"},{"floor":13,"key":"Bronze Scales"},{"floor":14,"key":"DataDisk"},{"floor":24,"key":"Anchor"},{"floor":24,"key":"Pantograph"},{"floor":26,"key":"Orichalcum"},{"floor":27,"key":"Mercury Hourglass"},{"floor":27,"key":"Happy Flower"},{"floor":31,"key":"Lantern"},{"floor":31,"key":"Eternal Feather"},{"floor":41,"key":"Nunchaku"},{"floor":41,"key":"Strawberry"},{"floor":43,"key":"Whetstone"},{"floor":47,"key":"CaptainsWheel"},{"floor":47,"key":"Pen Nib"},{"floor":54,"key":"Kunai"},{"floor":54,"key":"War Paint"}],"event_choices":[{"damage_healed":0,"gold_gain":0,"player_choice":"Ignored","damage_taken":0,"max_hp_gain":0,"max_hp_loss":0,"event_name":"Vampires","floor":25,"gold_loss":0},{"damage_healed":0,"gold_gain":0,"player_choice":"Upgraded","damage_taken":0,"max_hp_gain":0,"max_hp_loss":0,"event_name":"Upgrade Shrine","floor":29,"gold_loss":0,"cards_upgraded":["Scrape"]}],"is_beta":true,"boss_relics":[{"not_picked":["Philosopher\u0027s Stone","SlaversCollar"],"picked":"Black Star"},{"not_picked":["Nuclear Battery","Empty Cage"],"picked":"SacredBark"}],"items_purged_floors":[10,20,39],"is_endless":false,"potions_floor_spawned":[3,6,14,21,22,27,36,41,48,50,54],"killed_by":"The Heart","ascension_level":1}}