{"host":"gcgybqvjrjs283ro","time":1608316229,"event":{"mods":["BaseMod","Beaked The Cultist","Downfall","GifTheSpireLib","Glutton Mod","Hermit","Jorbs\u0027s Wanderer Trilogy","Minty Spire (QoL Compilation)","READ ME - Guardian Mod","READ ME - Snecko Mod","Replay The Spire","Shade Mod","StSLib","The Construct","The Cursed","The Death Knight","The Disciple","The Jungle","The Mystic","The Necromancer","The Runesmith","vexMod"],"gold_per_floor":[99,1,1,1,29,29,52,62,62,89,89,108,22,122,132,227,893,743,761,773,788,788,129,129,145,161,188,188,199,218,85,104,202,202,202,216,227,240,250,250,250,322,99,99,111,129,148,99,110,110],"floor_reached":51,"playtime":4689,"items_purged":[],"score":758,"play_id":"0eaafc39-6124-4700-b180-5b17aafeee62","local_time":"20201218193029","is_ascension_mode":false,"campfire_choices":[{"floor":1,"key":"DIG"},{"floor":6,"key":"RECALL"},{"data":"Slimebound:TagTeam","floor":9,"key":"SMITH"},{"data":"Slimebound:Nibble","floor":18,"key":"PURGE"},{"floor":22,"key":"REST"},{"data":"Slimebound:Darklings","floor":35,"key":"PURGE"},{"floor":44,"key":"REST"}],"circlet_count":0,"master_deck":["Slimebound:Strike_Slimebound","Slimebound:Strike_Slimebound","Slimebound:Tackle","Slimebound:Defend_Slimebound","Slimebound:Defend_Slimebound","Slimebound:Defend_Slimebound","Slimebound:Defend_Slimebound","Slimebound:Split","Slimebound:CorrosiveSpit","Slimebound:TagTeam+1","Slimebound:SplitBruiser","Slimebound:SplitMire","Slimebound:SplitSpecialist","Slimebound:SlimeSpikes","Slimebound:ProtectTheBoss","Slimebound:SplitMire","Slimebound:OozeBath","Slimebound:AcidTongue","Slimebound:Equalize","Slimebound:SplitSpecialist","Slimebound:LeechingTouch","Slimebound:Gluttony","Slimebound:MassFeed","Slimebound:LeechEnergy","Slimebound:SlimeSpikes","Slimebound:Grow","Slimebound:MinionMaster","Slimebound:LeechEnergy","Slimebound:SplitSpecialist+1","Slimebound:ComboTackle+1","Slimebound:OneTwoCombo","Slimebound:Gluttony","Slimebound:Gluttony","Slimebound:ProtectTheBoss","Slimebound:SplitSpecialist","Slimebound:ForwardTackle","Slimebound:LevelUp+1","Slimebound:SplitSpecialist+1","Slimebound:Replication+1","Slimebound:FirmFortitude+1","Slimebound:SplitLeeching+1","Slimebound:Grow+1","Slimebound:DisruptingSlam+1","expansioncontent:DefensiveStance","Slimebound:LevelUp","Slimebound:SelfFormingGoo","Slimebound:RainOfGoop+1","Slimebound:SelfFormingGoo","Glutton:Misery","Slimebound:MegaLick+1","Slimebound:ServeAndProtect+1","Slimebound:LeadByExample+1","Slimebound:MegaLick+1","Slimebound:DivideAndConquer+1","Slimebound:DivideAndConquer+1","Slimebound:SplitBruiser+1","Slimebound:TongueLash+1","Slimebound:FinishingTackle+1","Slimebound:LeadByExample","Slimebound:LeechLife","Slimebound:PressTheAttack+1","Slimebound:SplitLeeching+1","Slimebound:FormOfPuddle+1","Slimebound:RejuvenatingLick+1","Slimebound:Nibble+1","Slimebound:ViciousTackle+1","Slimebound:RollThrough+1"],"relics":["Slimebound:AbsorbEndCombat","downfall:HeartsMalice","DeathKnight:SindragosasSkull","Prayer Wheel","Slimebound:ScrapOozeRelic","vexMod:RockOfEvil","downfall:HeartBlessingBlue","downfall:HeartBlessingRed","Lee\u0027s Waffle","Vajra","Anchor","Iron Hammer","Replay:Bottled Snecko","Orichalcum","Oddly Smooth Stone","beaked:SacredDeck","Divine Protection","vexMod:FocusSash","vexMod:Cooldron"],"acts_visited":["Exordium","TheCity","TheBeyond"],"potions_floor_usage":[16,26,27,27,31,33,33,45,46,46,46,46,50,50,50],"damage_taken":[{"damage":0,"enemies":"downfall:FleeingMerchant","floor":2,"turns":1},{"damage":0,"enemies":"2 Louse","floor":4,"turns":1},{"damage":0,"enemies":"Lagavulin","floor":5,"turns":1},{"damage":4,"enemies":"Jaw Worm","floor":8,"turns":2},{"damage":42,"enemies":"Gremlin Nob","floor":10,"turns":4},{"damage":11,"enemies":"Cultist","floor":12,"turns":3},{"damage":26,"enemies":"downfall:FleeingMerchant","floor":13,"turns":4},{"damage":24,"enemies":"Lots of Slimes","floor":15,"turns":3},{"damage":37,"enemies":"downfall:Ironclad","floor":16,"turns":7},{"damage":21,"enemies":"Chosen","floor":19,"turns":3},{"damage":16,"enemies":"Shell Parasite","floor":20,"turns":4},{"damage":19,"enemies":"Snecko","floor":21,"turns":3},{"damage":20,"enemies":"downfall:FleeingMerchant","floor":23,"turns":4},{"damage":16,"enemies":"Centurion and Healer","floor":25,"turns":4},{"damage":8,"enemies":"Cultist and Chosen","floor":26,"turns":3},{"damage":17,"enemies":"Book of Stabbing","floor":27,"turns":2},{"damage":12,"enemies":"Snecko","floor":29,"turns":2},{"damage":3,"enemies":"Snake Plant","floor":30,"turns":3},{"damage":2,"enemies":"downfall:FleeingMerchant","floor":31,"turns":3},{"damage":8,"enemies":"3 Cultists","floor":32,"turns":4},{"damage":31,"enemies":"downfall:Silent","floor":33,"turns":5},{"damage":0,"enemies":"Orb Walker","floor":36,"turns":3},{"damage":17,"enemies":"3 Darklings","floor":37,"turns":4},{"damage":9,"enemies":"4 Shapes","floor":38,"turns":5},{"damage":8,"enemies":"Transient","floor":39,"turns":5},{"damage":8,"enemies":"Maw","floor":45,"turns":5},{"damage":0,"enemies":"Sphere and 2 Shapes","floor":46,"turns":3},{"damage":15,"enemies":"Jaw Worm Horde","floor":47,"turns":4},{"damage":8,"enemies":"4 Shapes","floor":49,"turns":2},{"damage":45,"enemies":"downfall:Defect","floor":50,"turns":6}],"seed_played":"8076961505266494186","potions_obtained":[{"floor":15,"key":"Regen Potion"},{"floor":16,"key":"Block Potion"},{"floor":19,"key":"Adrenaline Potion"},{"floor":25,"key":"DeathKnight:RimePotion"},{"floor":26,"key":"LiquidBronze"},{"floor":29,"key":"Slimebound:SlimedPotion"},{"floor":30,"key":"Slimebound:SlimyTonguePotion"},{"floor":39,"key":"Guardian:BlockOnCardUsePotion"},{"floor":42,"key":"Slimebound:ThreeZeroPotion"},{"floor":42,"key":"FairyPotion"},{"floor":45,"key":"EntropicBrew"},{"floor":47,"key":"EntropicBrew"}],"is_trial":false,"path_per_floor":["R","$","?","M","E","R","T","M","R","E","?","M","$","?","M","B",null,"R","M","M","M","R","$","T","M","M","E","?","M","M","$","M","B",null,"R","M","M","M","M","?","T","?","$","R","M","M","M","$","M","B",null],"character_chosen":"SLIMEBOUND","items_purchased":["Slimebound:SplitBruiser","Slimebound:SplitMire","Slimebound:SplitSpecialist","Slimebound:OneTwoCombo","Lee\u0027s Waffle","Slimebound:Gluttony","Vajra","Anchor","expansioncontent:DefensiveStance","Slimebound:LevelUp","Orichalcum","Oddly Smooth Stone","vexMod:Cooldron","Slimebound:LeadByExample","Slimebound:Nibble+1"],"campfire_rested":2,"item_purchase_floors":[2,2,13,23,23,23,23,23,31,31,31,31,43,43,48],"current_hp_per_floor":[60,60,60,60,60,60,60,60,60,38,38,39,53,53,53,60,30,40,40,43,32,43,50,50,50,50,45,45,49,50,48,50,46,53,53,53,52,44,53,53,53,40,40,53,49,53,50,50,49,47],"gold":110,"neow_bonus":"THREE_ENEMY_KILL","is_daily":false,"chose_seed":false,"campfire_upgraded":1,"win_rate":0.0,"timestamp":1608316229,"path_taken":["R","$","?","M","E","R","T","M","R","E","?","M","$","?","M","BOSS","R","?","M","M","R","$","T","M","M","E","?","?","M","$","M","BOSS","R","?","M","M","M","?","T","?","?","R","M","M","?","$","M","BOSS"],"items_purchased_type":["Card","Card","Card","Card","Relic","Card","Relic","Relic","Card","Card","Relic","Relic","Relic","Card","Card"],"build_version":"2020-12-13","purchased_purges":0,"victory":true,"max_hp_per_floor":[60,60,60,60,60,60,60,60,60,60,60,60,60,60,60,60,30,40,40,43,43,43,50,50,50,50,50,50,50,50,50,50,53,53,53,53,53,53,53,53,53,53,53,53,53,53,53,53,53,53],"card_choices":[{"not_picked":["Slimebound:LeechEnergy","Slimebound:GoopTackle"],"picked":"Slimebound:TagTeam","floor":2},{"not_picked":["Slimebound:SplitBruiser","Slimebound:ViciousTackle"],"picked":"Slimebound:SplitSpecialist","floor":4},{"not_picked":["Slimebound:MegaLick","Slimebound:LeechingTouch"],"picked":"Slimebound:SlimeSpikes","floor":5},{"not_picked":["Slimebound:ViciousTackle","Slimebound:Chomp"],"picked":"Slimebound:ProtectTheBoss","floor":8},{"not_picked":["Slimebound:LeechingTouch","Slimebound:ViciousTackle"],"picked":"Slimebound:SplitMire","floor":8},{"not_picked":["Slimebound:LeechingTouch","Slimebound:SplitAcid"],"picked":"Slimebound:OozeBath","floor":10},{"not_picked":["Slimebound:Replication","Slimebound:GoopSpray"],"picked":"Slimebound:AcidTongue","floor":12},{"not_picked":["Slimebound:RollThrough","Slimebound:LivingWall"],"picked":"Slimebound:Equalize","floor":12},{"not_picked":["Slimebound:FlameTackle","Slimebound:SlimeBrawl"],"picked":"Slimebound:Nibble","floor":13},{"not_picked":["Slimebound:FlameTackle","Slimebound:SplitBruiser"],"picked":"Slimebound:LeechingTouch","floor":15},{"not_picked":["Slimebound:GrowthPunch","Slimebound:MegaLick"],"picked":"Slimebound:Gluttony","floor":15},{"not_picked":["Slimebound:SlimeSlap","Slimebound:LeechLife"],"picked":"Slimebound:MassFeed","floor":16},{"not_picked":["Slimebound:ViciousTackle","Slimebound:SplitBruiser"],"picked":"Slimebound:LeechEnergy","floor":19},{"not_picked":["Slimebound:ProtectTheBoss","Slimebound:BestDefense"],"picked":"Slimebound:SlimeSpikes","floor":19},{"not_picked":["Slimebound:SamplingLick","Slimebound:GoopSpray"],"picked":"Slimebound:Grow","floor":20},{"not_picked":["Slimebound:SplitLeeching+1","Slimebound:MegaLick"],"picked":"Slimebound:MinionMaster","floor":20},{"not_picked":["Slimebound:LeechingTouch","Slimebound:FinishingTackle"],"picked":"Slimebound:LeechEnergy","floor":21},{"not_picked":["Slimebound:SamplingLick+1","Slimebound:SlimeSpikes"],"picked":"Slimebound:SplitSpecialist+1","floor":21},{"not_picked":["Slimebound:ItLooksTasty","Slimebound:FirmFortitude"],"picked":"Slimebound:ComboTackle+1","floor":23},{"not_picked":["Slimebound:ProtectTheBoss","Slimebound:FlameTackle"],"picked":"Slimebound:Darklings","floor":25},{"not_picked":["Slimebound:GrowthPunch","Slimebound:LeechEnergy"],"picked":"Slimebound:ProtectTheBoss","floor":25},{"not_picked":["Slimebound:TongueLash","Slimebound:ViciousTackle"],"picked":"Slimebound:SplitSpecialist","floor":26},{"not_picked":["Slimebound:SplitMire","Slimebound:FinishingTackle"],"picked":"Slimebound:ForwardTackle","floor":26},{"not_picked":["Slimebound:FinishingTackle","Slimebound:BestDefense"],"picked":"Slimebound:LevelUp+1","floor":27},{"not_picked":["Slimebound:LeechEnergy","Slimebound:SamplingLick"],"picked":"Slimebound:Replication+1","floor":29},{"not_picked":["Slimebound:FlameTackle+1","Slimebound:SlimeBarrage"],"picked":"Slimebound:FirmFortitude+1","floor":29},{"not_picked":["Slimebound:Schlurp","Slimebound:FormOfPuddle"],"picked":"Slimebound:SplitLeeching+1","floor":30},{"not_picked":["Slimebound:SlimeSpikes","Slimebound:SamplingLick"],"picked":"Slimebound:Grow+1","floor":30},{"not_picked":["Slimebound:FlameTackle","Slimebound:RollThrough"],"picked":"Slimebound:DisruptingSlam+1","floor":31},{"not_picked":["Slimebound:GoopSpray+1","Slimebound:Schlurp"],"picked":"Slimebound:SelfFormingGoo","floor":32},{"not_picked":["Slimebound:LeechEnergy+1","Slimebound:DivideAndConquer"],"picked":"Slimebound:RainOfGoop+1","floor":32},{"not_picked":["Slimebound:MinionMaster","Slimebound:CheckThePlaybook"],"picked":"Slimebound:SelfFormingGoo","floor":33},{"not_picked":["Slimebound:GrowthPunch","Slimebound:HauntingLick"],"picked":"Slimebound:MegaLick+1","floor":36},{"not_picked":["Slimebound:LeechEnergy+1","Slimebound:FinishingTackle+1"],"picked":"Slimebound:ServeAndProtect+1","floor":36},{"not_picked":["Slimebound:BestDefense+1","Slimebound:LeechEnergy+1"],"picked":"Slimebound:LeadByExample+1","floor":37},{"not_picked":["Slimebound:FlameTackle+1","Slimebound:ItLooksTasty"],"picked":"Slimebound:MegaLick+1","floor":37},{"not_picked":["Slimebound:Schlurp+1","Slimebound:SlimeSpikes"],"picked":"Slimebound:DivideAndConquer+1","floor":38},{"not_picked":["Slimebound:SamplingLick","Slimebound:SplitLeeching"],"picked":"Slimebound:DivideAndConquer+1","floor":38},{"not_picked":["Slimebound:FinishingTackle","Slimebound:FlameTackle"],"picked":"Slimebound:SplitBruiser+1","floor":39},{"not_picked":["Slimebound:SlimeSpikes+1","Slimebound:Gluttony"],"picked":"Slimebound:TongueLash+1","floor":39},{"not_picked":["Slimebound:ComboTackle","Slimebound:GoopSpray"],"picked":"Slimebound:FinishingTackle+1","floor":42},{"not_picked":["Slimebound:GrowthPunch","Slimebound:Schlurp"],"picked":"Slimebound:LeechLife","floor":45},{"not_picked":["Slimebound:ComboTackle","Slimebound:SlimeSpikes+1"],"picked":"Slimebound:PressTheAttack+1","floor":45},{"not_picked":["Slimebound:Repurpose","Slimebound:ViciousTackle+1"],"picked":"Slimebound:SplitLeeching+1","floor":46},{"not_picked":["Slimebound:PressTheAttack","Slimebound:FinishingTackle","Slimebound:SlimeTap"],"picked":"SKIP","floor":46},{"not_picked":["Slimebound:LevelUp","Slimebound:ViciousTackle"],"picked":"Slimebound:FormOfPuddle+1","floor":47},{"not_picked":["Slimebound:ComboTackle","Slimebound:ItLooksTasty+1"],"picked":"Slimebound:RejuvenatingLick+1","floor":47},{"not_picked":["Slimebound:FinishingTackle","Slimebound:Dissolve"],"picked":"Slimebound:ViciousTackle+1","floor":49},{"not_picked":["Slimebound:LeechingTouch+1","Slimebound:GrowthPunch"],"picked":"Slimebound:RollThrough+1","floor":49}],"player_experience":155351,"relics_obtained":[{"floor":1,"key":"DeathKnight:SindragosasSkull"},{"floor":5,"key":"Prayer Wheel"},{"floor":10,"key":"Art of War"},{"floor":24,"key":"Iron Hammer"},{"floor":27,"key":"Replay:Bottled Snecko"},{"floor":41,"key":"Divine Protection"},{"floor":42,"key":"vexMod:FocusSash"}],"event_choices":[{"damage_healed":0,"gold_gain":0,"player_choice":"Copied","damage_taken":0,"max_hp_gain":0,"max_hp_loss":0,"event_name":"Duplicator","floor":28,"gold_loss":0,"cards_obtained":["Slimebound:SplitSpecialist"]}],"is_beta":false,"boss_relics":[{"not_picked":["Runic Pyramid","Empty Cage"],"picked":"vexMod:RockOfEvil"},{"not_picked":["Slimebound:TarBlob","Honey Jar"],"picked":"beaked:SacredDeck"}],"items_purged_floors":[],"is_endless":false,"potions_floor_spawned":[15,16,19,25,26,29,30,39,45,47],"ascension_level":0}}