{"host":"684z1xpuwaoqmmh1","time":1608305982,"event":{"mods":["BaseMod","Downfall","Hermit","Jorbs\u0027s Wanderer Trilogy","Marisa????????","Minty Spire (QoL Compilation)","StSLib","The Hierophant","The Mystic"],"gold_per_floor":[99,99,117,130,55,13,13,44,44,75,89,35,53,53,64,140,140,65,16,51,51,80,80,107,124,49,74,84,100,61,161,179,254,254,254,265,398,409,409,435,435,435,468,468,468,0,14,63,78,78,78,78,78],"floor_reached":52,"playtime":2881,"items_purged":["champ:Strike","champ:Defend"],"score":1314,"play_id":"c28e597d-9c4c-4af7-bb48-a055714f37d7","local_time":"20201218173942","is_ascension_mode":true,"campfire_choices":[{"floor":1.0,"key":"RECALL"},{"data":"champ:Duel","floor":5.0,"key":"SMITH"},{"data":"champ:CrownThrow","floor":9.0,"key":"SMITH"},{"data":"champ:CheapShot","floor":18.0,"key":"SMITH"},{"data":"champ:EndlessRage","floor":21.0,"key":"SMITH"},{"data":"champ:SkillfulDodge","floor":23,"key":"SMITH"},{"data":"champ:IronFortress","floor":26,"key":"SMITH"},{"data":"champ:Balance","floor":35,"key":"SMITH"},{"data":"champ:Circumvent","floor":39,"key":"SMITH"},{"data":"champ:Control","floor":42,"key":"SMITH"},{"data":"champ:Circumvent","floor":44,"key":"SMITH"}],"circlet_count":0,"master_deck":["AscendersBane","champ:Strike","champ:Strike","champ:Defend+1","champ:Defend+1","champ:Defend","champ:Execute","champ:Taunt+1","champ:Duel+1","champ:TornadoPunch","champ:BerserkerStyle","champ:Haymaker","champ:CrownThrow+1","champ:FlashCut","champ:Circumvent+1","champ:Balance+1","champ:SkillfulDodge+1","champ:EndlessRage+1","champ:BerserkersShout","champ:CheapShot+1","champ:EndlessRage","champ:BringItOn","champ:IronFortress+1","champ:FanOfKnives","champ:Circumvent+1","champ:GladiatorsShout+1","champ:Control+1","champ:BerserkerStyle"],"relics":["champ:ChampionCrown","downfall:HeartBlessingRed","Sundial","Vajra","War Paint","champ:LiftRelic","Busted Crown","downfall:HeartBlessingGreen","Mercury Hourglass","Matryoshka","sneckomod:BlankCard","downfall:HeartBlessingBlue","hexamod:BolsterEngine","Du-Vu Doll","Letter Opener","SlaversCollar","Bag of Marbles","Art of War","Strawberry","Pantograph","Prayer Wheel","champ:BerserkersGuideToSlaughter","Ancient Tea Set","Mango"],"acts_visited":["Exordium","TheCity","TheBeyond","TheEnding"],"potions_floor_usage":[22,31,33,40],"damage_taken":[{"damage":11.0,"enemies":"2 Louse","floor":3.0,"turns":4.0},{"damage":5.0,"enemies":"Cultist","floor":4.0,"turns":4.0},{"damage":5.0,"enemies":"downfall:FleeingMerchant","floor":6.0,"turns":4.0},{"damage":25.0,"enemies":"3 Sentries","floor":8.0,"turns":7.0},{"damage":23.0,"enemies":"Gremlin Nob","floor":10.0,"turns":3.0},{"damage":0.0,"enemies":"Small Slimes","floor":11.0,"turns":2.0},{"damage":5.0,"enemies":"downfall:FleeingMerchant","floor":12.0,"turns":4.0},{"damage":28.0,"enemies":"Exordium Thugs","floor":13.0,"turns":4.0},{"damage":7.0,"enemies":"3 Louse","floor":15.0,"turns":3.0},{"damage":26.0,"enemies":"downfall:Silent","floor":16.0,"turns":8.0},{"damage":21.0,"enemies":"downfall:FleeingMerchant","floor":19.0,"turns":5.0},{"damage":28.0,"enemies":"Book of Stabbing","floor":20.0,"turns":6.0},{"damage":37,"enemies":"Gremlin Leader","floor":22,"turns":7},{"damage":8,"enemies":"Chosen","floor":25,"turns":3},{"damage":38,"enemies":"Book of Stabbing","floor":27,"turns":6},{"damage":15,"enemies":"Shell Parasite","floor":28,"turns":5},{"damage":8,"enemies":"Sentry and Sphere","floor":29,"turns":4},{"damage":22,"enemies":"downfall:FleeingMerchant","floor":30,"turns":4},{"damage":42,"enemies":"downfall:CharBossIronclad","floor":31,"turns":5},{"damage":0,"enemies":"Centurion and Healer","floor":32,"turns":4},{"damage":39,"enemies":"downfall:Watcher","floor":33,"turns":9},{"damage":14,"enemies":"3 Darklings","floor":36,"turns":6},{"damage":5,"enemies":"downfall:FleeingMerchant","floor":37,"turns":1},{"damage":32,"enemies":"3 Shapes","floor":38,"turns":5},{"damage":33,"enemies":"Nemesis","floor":40,"turns":5},{"damage":23,"enemies":"Giant Head","floor":43,"turns":6},{"damage":3,"enemies":"3 Darklings","floor":47,"turns":5},{"damage":16,"enemies":"2 Orb Walkers","floor":48,"turns":4},{"damage":3,"enemies":"Sphere and 2 Shapes","floor":49,"turns":4},{"damage":100,"enemies":"downfall:Ironclad","floor":50,"turns":10},{"damage":142,"enemies":"downfall:CharBossMerchant","floor":52,"turns":8}],"seed_played":"-8336483963213766370","potions_obtained":[{"floor":10.0,"key":"DuplicationPotion"},{"floor":11.0,"key":"PowerPotion"},{"floor":22,"key":"Fire Potion"},{"floor":28,"key":"Regen Potion"},{"floor":31,"key":"GamblersBrew"},{"floor":36,"key":"Weak Potion"},{"floor":40,"key":"Regen Potion"}],"is_trial":false,"path_per_floor":["R","?","M","M","R","$","T","E","R","E","M","$","M","?","M","B",null,"R","$","E","R","E","R","T","M","R","E","M","M","$","?","M","B",null,"R","M","$","M","R","E","T","R","E","R","?","$","M","?","M","B",null,"E"],"character_chosen":"THE_CHAMP","items_purchased":["champ:Haymaker","champ:SkillfulDodge","champ:EndlessRage","champ:Circumvent","Bag of Marbles","champ:BerserkersGuideToSlaughter","champ:BerserkerStyle","Ancient Tea Set"],"campfire_rested":0,"item_purchase_floors":[6,12,19,30,37,46,46,46],"current_hp_per_floor":[81,81,80,80,80,80,80,68,68,50,50,50,37,37,34,17,72,72,72,67,67,43,43,43,48,58,49,58,64,63,79,79,70,93,93,97,97,92,92,95,102,102,107,107,107,107,107,118,118,121,121,0,0],"gold":78,"neow_bonus":"UPGRADE_CARD","is_daily":false,"chose_seed":false,"campfire_upgraded":10,"win_rate":0.0,"timestamp":1608305982,"path_taken":["R","?","M","M","R","$","T","E","R","E","M","$","M","?","M","BOSS","R","$","E","R","E","R","T","M","R","E","M","M","$","?","M","BOSS","R","M","$","M","R","E","T","R","E","R","?","$","M","?","M","BOSS","E"],"items_purchased_type":["Card","Card","Card","Card","Relic","Relic","Card","Relic"],"build_version":"2020-12-13","purchased_purges":2,"victory":false,"max_hp_per_floor":[90,90,90,90,90,90,90,90,90,90,90,90,90,90,90,90,90,90,90,90,90,90,90,90,90,100,100,100,100,100,100,100,100,100,100,100,100,100,100,100,107,107,107,107,107,107,107,121,121,121,121,121,121],"card_choices":[{"not_picked":["champ:Haymaker","champ:EnragedBash"],"picked":"champ:Duel","floor":3.0},{"not_picked":["champ:BerserkersShout","champ:SkillfulDodge"],"picked":"champ:TornadoPunch","floor":4.0},{"not_picked":["champ:Duel","champ:AdrenalArmor"],"picked":"champ:BerserkerStyle","floor":6.0},{"not_picked":["champ:BringItOn","champ:Control"],"picked":"champ:CrownThrow","floor":8.0},{"not_picked":["champ:BerserkersShout","champ:DefensiveShout"],"picked":"champ:FlashCut","floor":10.0},{"not_picked":["champ:SwordSigil","champ:ShieldSigil"],"picked":"champ:Circumvent","floor":11.0},{"not_picked":["champ:RageSigil","champ:AdrenalArmor"],"picked":"champ:Balance","floor":12.0},{"not_picked":["champ:EnragedBash","champ:AdrenalArmor"],"picked":"champ:EndlessRage","floor":13.0},{"not_picked":["champ:DeathBlow","champ:ShieldSigil"],"picked":"champ:BerserkersShout","floor":15.0},{"not_picked":["champ:ShieldThrow","champ:SteelEdge"],"picked":"champ:CheapShot","floor":16.0},{"not_picked":["champ:Haymaker+1"],"picked":"SKIP","floor":19.0},{"not_picked":[],"picked":"champ:BringItOn","floor":20.0},{"not_picked":["champ:BladeFlurry"],"picked":"SKIP","floor":22},{"not_picked":[],"picked":"champ:IronFortress","floor":25},{"not_picked":["champ:Shatter"],"picked":"SKIP","floor":27},{"not_picked":["champ:ShieldSigil"],"picked":"SKIP","floor":28},{"not_picked":["champ:ShieldSigil"],"picked":"SKIP","floor":29},{"not_picked":[],"picked":"champ:FanOfKnives","floor":30},{"not_picked":["champ:Balance"],"picked":"SKIP","floor":32},{"not_picked":[],"picked":"champ:GladiatorsShout+1","floor":36},{"not_picked":["champ:FanOfKnives"],"picked":"SKIP","floor":37},{"not_picked":["champ:Haymaker"],"picked":"SKIP","floor":38},{"not_picked":[],"picked":"champ:Control","floor":40},{"not_picked":["champ:LastStand"],"picked":"SKIP","floor":43},{"not_picked":["champ:SkillfulDodge"],"picked":"SKIP","floor":47},{"not_picked":["champ:FlashCut"],"picked":"SKIP","floor":47},{"not_picked":["champ:EndlessRage"],"picked":"SKIP","floor":49},{"not_picked":["champ:CrookedStrike"],"picked":"SKIP","floor":49}],"player_experience":2333271,"relics_obtained":[{"floor":7.0,"key":"Sundial"},{"floor":8.0,"key":"Vajra"},{"floor":10.0,"key":"War Paint"},{"floor":20.0,"key":"Mercury Hourglass"},{"floor":22,"key":"Matryoshka"},{"floor":24,"key":"sneckomod:BlankCard"},{"floor":27,"key":"hexamod:BolsterEngine"},{"floor":31,"key":"Du-Vu Doll"},{"floor":31,"key":"Letter Opener"},{"floor":40,"key":"Art of War"},{"floor":41,"key":"Strawberry"},{"floor":41,"key":"Pantograph"},{"floor":43,"key":"Prayer Wheel"},{"floor":48,"key":"Mango"}],"event_choices":[{"damage_healed":0,"gold_gain":0,"player_choice":"Fight","damage_taken":0,"max_hp_gain":0,"max_hp_loss":0,"event_name":"Mysterious Sphere","floor":48,"gold_loss":0}],"is_beta":false,"boss_relics":[{"not_picked":["sneckomod:SneckoTalon","Astrolabe"],"picked":"Busted Crown"},{"not_picked":["SacredBark","Snecko Eye"],"picked":"SlaversCollar"}],"items_purged_floors":[37,46],"is_endless":false,"potions_floor_spawned":[10,11,13,22,28,29,31,32,36,40,48],"killed_by":"downfall:CharBossMerchant","ascension_level":13}}