{"host":"36mulxq349byzoa2","time":1608255481,"event":{"mods":["AchievementEnabler","BaseMod","Better Match","Block Reminder","Colored Map","Colored Powertips","Minty Spire (QoL Compilation)","Rare Cards Sparkle","StSLib","SuperFastMode"],"gold_per_floor":[363,288,288,301,301,301,330,330,410,410,310,322,340,353,353,456,456,468,468,567,442,460,460,494,494,494,494,419,429,439,456,456,558,558,558,558],"floor_reached":35,"playtime":838,"items_purged":["Defend_R","Defend_R","Battle Trance"],"score":375,"play_id":"cf50681d-8658-476b-8f22-65ff11642294","local_time":"20201217203801","is_ascension_mode":false,"campfire_choices":[{"data":"Shockwave","floor":6,"key":"SMITH"},{"data":"Bash","floor":10,"key":"SMITH"},{"data":"Disarm","floor":15,"key":"SMITH"},{"floor":23,"key":"REST"},{"floor":25,"key":"REST"},{"floor":27,"key":"REST"},{"floor":32,"key":"REST"}],"circlet_count":0,"master_deck":["Bash+1","Shockwave+1","Dual Wield","Disarm+1","Headbutt","Fiend Fire","Carnage","Bloodletting","Dropkick","Dropkick"],"relics":["Burning Blood","Pen Nib","Nunchaku","Frozen Egg 2","Pandora\u0027s Box","HornCleat","Blue Candle","Runic Dome"],"acts_visited":["Exordium","TheCity","TheBeyond"],"potions_floor_usage":[16,16,30],"damage_taken":[{"damage":15,"enemies":"Jaw Worm","floor":1,"turns":4},{"damage":0,"enemies":"Small Slimes","floor":4,"turns":3},{"damage":24,"enemies":"Gremlin Nob","floor":7,"turns":5},{"damage":4,"enemies":"Cultist","floor":12,"turns":3},{"damage":8,"enemies":"3 Louse","floor":13,"turns":4},{"damage":10,"enemies":"Exordium Wildlife","floor":14,"turns":4},{"damage":32,"enemies":"Hexaghost","floor":16,"turns":11},{"damage":18,"enemies":"Shell Parasite","floor":18,"turns":4},{"damage":41,"enemies":"2 Thieves","floor":22,"turns":4},{"damage":41,"enemies":"Book of Stabbing","floor":24,"turns":4},{"damage":19,"enemies":"Snecko","floor":29,"turns":4},{"damage":15,"enemies":"Centurion and Healer","floor":30,"turns":3},{"damage":15,"enemies":"Snake Plant","floor":31,"turns":4},{"damage":34,"enemies":"Collector","floor":33,"turns":4},{"damage":0,"enemies":"3 Shapes","floor":35,"turns":1}],"seed_played":"-8298538010793759660","potions_obtained":[{"floor":1,"key":"SteroidPotion"},{"floor":7,"key":"EntropicBrew"},{"floor":12,"key":"SkillPotion"},{"floor":24,"key":"AttackPotion"},{"floor":31,"key":"SpeedPotion"}],"is_trial":false,"path_per_floor":["M","$","?","M","?","R","E","?","T","R","$","M","M","M","R","B",null,"M","?","?","$","M","R","E","R","T","R","?","M","M","M","R","B",null,"M"],"character_chosen":"IRONCLAD","items_purchased":[],"campfire_rested":4,"item_purchase_floors":[],"current_hp_per_floor":[63,63,63,69,74,74,56,56,56,56,56,58,56,52,52,26,77,65,65,65,65,30,53,18,41,41,64,64,51,42,33,56,28,77,77,77],"gold":558,"neow_bonus":"TWO_FIFTY_GOLD","is_daily":false,"chose_seed":false,"campfire_upgraded":3,"win_rate":0.0,"timestamp":1608255481,"path_taken":["M","$","?","M","?","R","E","?","T","R","$","M","M","?","R","BOSS","M","?","?","?","M","R","E","R","T","R","?","M","M","M","R","BOSS","M"],"items_purchased_type":[],"build_version":"2020-12-13","purchased_purges":3,"victory":false,"max_hp_per_floor":[72,72,72,72,77,77,77,77,77,77,77,77,77,77,77,77,77,77,77,77,77,77,77,77,77,77,77,77,77,77,77,77,77,77,77,77],"card_choices":[{"not_picked":["Blood for Blood","Rupture"],"picked":"Shockwave","floor":1},{"not_picked":["Flex","Clothesline"],"picked":"Dual Wield","floor":4},{"not_picked":["Warcry","Barricade","Shrug It Off"],"picked":"SKIP","floor":7},{"not_picked":["Shrug It Off","Iron Wave","Heavy Blade"],"picked":"SKIP","floor":12},{"not_picked":["Reckless Charge","Perfected Strike"],"picked":"Disarm","floor":13},{"not_picked":["Havoc","Headbutt","Heavy Blade"],"picked":"SKIP","floor":14},{"not_picked":["Pommel Strike","Wild Strike","Hemokinesis"],"picked":"SKIP","floor":18},{"not_picked":["Cleave","Sentinel"],"picked":"Dropkick","floor":22},{"not_picked":["Clash","Battle Trance","Headbutt"],"picked":"SKIP","floor":24},{"not_picked":["Cleave","Anger+1","Pummel"],"picked":"SKIP","floor":29},{"not_picked":["Clash","Entrench","Wild Strike"],"picked":"SKIP","floor":30},{"not_picked":["Clothesline","Havoc","Iron Wave"],"picked":"SKIP","floor":31}],"player_experience":981123,"relics_obtained":[{"floor":7,"key":"Pen Nib"},{"floor":9,"key":"Frozen Egg 2"},{"floor":24,"key":"HornCleat"},{"floor":26,"key":"Blue Candle"}],"event_choices":[{"damage_healed":0,"gold_gain":0,"player_choice":"Ignored","damage_taken":0,"max_hp_gain":0,"max_hp_loss":0,"event_name":"Liars Game","floor":3,"gold_loss":0},{"damage_healed":0,"gold_gain":0,"player_choice":"Donut","damage_taken":0,"max_hp_gain":5,"max_hp_loss":0,"event_name":"Big Fish","floor":5,"gold_loss":0},{"damage_healed":0,"gold_gain":0,"player_choice":"Gave Potion","damage_taken":0,"relics_obtained":["Nunchaku"],"max_hp_gain":0,"max_hp_loss":0,"event_name":"WeMeetAgain","floor":8,"gold_loss":0},{"damage_healed":0,"gold_gain":0,"player_choice":"Ignored","damage_taken":0,"max_hp_gain":0,"max_hp_loss":0,"event_name":"Vampires","floor":19,"gold_loss":0},{"damage_healed":0,"gold_gain":99,"player_choice":"Stole From Cult","damage_taken":0,"max_hp_gain":0,"max_hp_loss":0,"event_name":"Nest","floor":20,"gold_loss":0},{"cards_removed":["Feel No Pain"],"damage_healed":0,"gold_gain":0,"player_choice":"Gave Gold","damage_taken":0,"max_hp_gain":0,"max_hp_loss":0,"event_name":"Beggar","floor":28,"gold_loss":75}],"is_beta":false,"boss_relics":[{"not_picked":["Velvet Choker","Black Star"],"picked":"Pandora\u0027s Box"},{"not_picked":["Calling Bell","SacredBark"],"picked":"Runic Dome"}],"items_purged_floors":[2,11,21],"is_endless":false,"potions_floor_spawned":[1,7,12,24,31],"killed_by":"3 Shapes","ascension_level":0}}