{"host":"Ian","time":1608326723,"event":{"mods":["BaseMod","Bestiary","Block Reminder","Colored Map","Highlight Path","Key Reminder","Minty Spire (QoL Compilation)","Relic Stats"],"gold_per_floor":[113,188,206,38,38,38,55,83,83,83,113,124,137,172,172,247,247,266,266,277,10,22,22,56,67,90,90,110,136,61,96,96,96,96],"floor_reached":33,"playtime":1303,"items_purged":[],"score":650,"play_id":"7a13facd-971a-4749-a9a7-bdda93d10d93","local_time":"20201218212523","is_ascension_mode":true,"campfire_choices":[{"data":"Wild Strike","floor":6.0,"key":"SMITH"},{"data":"Bash","floor":10.0,"key":"SMITH"},{"floor":15.0,"key":"REST"},{"data":"Immolate","floor":23,"key":"SMITH"},{"data":"Anger","floor":27,"key":"SMITH"},{"data":"Whirlwind","floor":32,"key":"SMITH"}],"circlet_count":0,"master_deck":["AscendersBane","Strike_R","Strike_R","Strike_R","Defend_R","Defend_R","Defend_R","Bash+1","Wild Strike+1","Spot Weakness","Heavy Blade","Anger+1","Rage+1","Warcry+1","Immolate+1","CurseOfTheBell","Flame Barrier+1","Body Slam","Sword Boomerang","Shrug It Off+1","Bloodletting+1","Burning Pact+1","Intimidate+1","Metallicize","Combust","Whirlwind+1"],"relics":["Burning Blood","Mango","Orichalcum","HornCleat","Toxic Egg 2","TungstenRod","Bird Faced Urn","Calling Bell","Toy Ornithopter","Paper Frog","Ice Cream","Pantograph","Kunai","Oddly Smooth Stone","Bottled Flame","Smiling Mask"],"acts_visited":["Exordium","TheCity"],"potions_floor_usage":[24,24,25,31],"damage_taken":[{"damage":7.0,"enemies":"2 Louse","floor":1.0,"turns":4.0},{"damage":10.0,"enemies":"Small Slimes","floor":3.0,"turns":4.0},{"damage":6.0,"enemies":"Jaw Worm","floor":7.0,"turns":2.0},{"damage":20.0,"enemies":"3 Sentries","floor":8.0,"turns":7.0},{"damage":28.0,"enemies":"Gremlin Nob","floor":11.0,"turns":4.0},{"damage":0.0,"enemies":"2 Fungi Beasts","floor":12.0,"turns":3.0},{"damage":4.0,"enemies":"Looter","floor":13.0,"turns":2.0},{"damage":21.0,"enemies":"Lagavulin","floor":14.0,"turns":6.0},{"damage":18,"enemies":"Slime Boss","floor":16,"turns":10},{"damage":14,"enemies":"Shell Parasite","floor":18,"turns":3},{"damage":17,"enemies":"Chosen","floor":20,"turns":4},{"damage":15,"enemies":"Snecko","floor":22,"turns":6},{"damage":13,"enemies":"Book of Stabbing","floor":24,"turns":4},{"damage":11,"enemies":"Centurion and Healer","floor":25,"turns":4},{"damage":1,"enemies":"Snake Plant","floor":28,"turns":4},{"damage":22,"enemies":"Slavers","floor":29,"turns":5},{"damage":6,"enemies":"Gremlin Leader","floor":31,"turns":3},{"damage":94,"enemies":"Collector","floor":33,"turns":7}],"seed_played":"5892138352238721699","potions_obtained":[{"floor":8.0,"key":"Strength Potion"},{"floor":11.0,"key":"Weak Potion"},{"floor":22,"key":"Fire Potion"},{"floor":24,"key":"Block Potion"},{"floor":28,"key":"Swift Potion"}],"is_trial":false,"path_per_floor":["M","?","M","$","?","R","M","E","T","R","E","M","M","E","R","B",null,"M","?","M","$","M","R","E","M","T","R","M","E","?","E","R","B"],"character_chosen":"IRONCLAD","items_purchased":["Orichalcum","Pantograph"],"campfire_rested":1,"item_purchase_floors":[4,21],"current_hp_per_floor":[63,52,48,48,53,53,53,39,39,39,17,23,25,10,38,26,77,69,69,58,58,49,49,52,52,52,52,57,41,41,48,48,0,0],"gold":96,"neow_bonus":"ONE_RARE_RELIC","is_daily":false,"chose_seed":false,"campfire_upgraded":5,"win_rate":0.0,"timestamp":1608326723,"path_taken":["M","?","M","$","?","R","M","E","T","R","E","M","M","E","R","BOSS","M","?","M","$","M","R","E","M","T","R","M","E","?","E","R","BOSS"],"items_purchased_type":["Relic","Relic"],"build_version":"2020-12-17","purchased_purges":0,"victory":false,"max_hp_per_floor":[89,89,89,89,94,94,94,94,94,94,94,94,94,94,94,94,94,94,94,94,94,94,94,94,94,94,94,94,94,94,94,94,94,94],"relic_stats":{"counters":[18,82],"Bird Faced Urn":[6],"Pantograph":25,"Kunai":[2],"Orichalcum":[192],"Smiling Mask":0,"obtain_stats":[{"Ice Cream":17,"Oddly Smooth Stone":26,"Mango":0,"Orichalcum":4,"Smiling Mask":31,"Burning Blood":0,"Calling Bell":17,"Bottled Flame":29,"HornCleat":8,"Bird Faced Urn":14,"Pantograph":21,"Kunai":24,"Toxic Egg 2":9,"TungstenRod":11,"Toy Ornithopter":17,"Paper Frog":17},{"Ice Cream":9,"Oddly Smooth Stone":14,"Mango":0,"Orichalcum":2,"Smiling Mask":17,"Burning Blood":0,"Calling Bell":9,"Bottled Flame":16,"HornCleat":4,"Bird Faced Urn":8,"Pantograph":11,"Kunai":13,"Toxic Egg 2":4,"TungstenRod":5,"Toy Ornithopter":9,"Paper Frog":9},{"Ice Cream":42,"Oddly Smooth Stone":63,"Mango":0,"Orichalcum":8,"Smiling Mask":75,"Burning Blood":0,"Calling Bell":42,"Bottled Flame":72,"HornCleat":17,"Bird Faced Urn":32,"Pantograph":49,"Kunai":59,"Toxic Egg 2":17,"TungstenRod":21,"Toy Ornithopter":42,"Paper Frog":42}],"Burning Blood":102,"TungstenRod":43,"Toy Ornithopter":20},"card_choices":[{"not_picked":["Flex","Havoc"],"picked":"Wild Strike","floor":1.0},{"not_picked":["Heavy Blade","Seeing Red"],"picked":"Spot Weakness","floor":3.0},{"not_picked":["Shrug It Off","Iron Wave"],"picked":"Heavy Blade","floor":7.0},{"not_picked":["Shockwave","Intimidate"],"picked":"Anger","floor":8.0},{"not_picked":["Perfected Strike","Flex+1"],"picked":"Rage+1","floor":11.0},{"not_picked":["Armaments+1","Sword Boomerang","Feel No Pain"],"picked":"SKIP","floor":12.0},{"not_picked":["Barricade","Pummel"],"picked":"Warcry+1","floor":13.0},{"not_picked":["Perfected Strike","Infernal Blade+1","Dual Wield+1"],"picked":"SKIP","floor":14.0},{"not_picked":["Fiend Fire","Double Tap+1"],"picked":"Immolate","floor":16},{"not_picked":["Heavy Blade","Armaments+1"],"picked":"Flame Barrier+1","floor":18},{"not_picked":["Iron Wave","Heavy Blade+1"],"picked":"Shrug It Off+1","floor":20},{"not_picked":["Iron Wave","Havoc+1"],"picked":"Bloodletting+1","floor":22},{"not_picked":["Inflame","Battle Trance+1"],"picked":"Burning Pact+1","floor":24},{"not_picked":["Cleave","Bloodletting+1"],"picked":"Intimidate+1","floor":25},{"not_picked":["Body Slam+1","Perfected Strike"],"picked":"Metallicize","floor":28},{"not_picked":["Sword Boomerang","Offering+1"],"picked":"Combust","floor":29},{"not_picked":["Disarm+1","Iron Wave"],"picked":"Whirlwind","floor":31}],"player_experience":2552785,"relics_obtained":[{"floor":8.0,"key":"HornCleat"},{"floor":9.0,"key":"Toxic Egg 2"},{"floor":11.0,"key":"TungstenRod"},{"floor":14.0,"key":"Bird Faced Urn"},{"floor":17,"key":"Toy Ornithopter"},{"floor":17,"key":"Paper Frog"},{"floor":17,"key":"Ice Cream"},{"floor":24,"key":"Kunai"},{"floor":26,"key":"Oddly Smooth Stone"},{"floor":29,"key":"Bottled Flame"},{"floor":31,"key":"Smiling Mask"}],"event_choices":[{"damage_healed":0.0,"max_hp_gain":0.0,"max_hp_loss":0.0,"gold_gain":75.0,"event_name":"World of Goop","player_choice":"Gather Gold","floor":2.0,"gold_loss":0.0,"damage_taken":11.0},{"damage_healed":0.0,"max_hp_gain":5.0,"max_hp_loss":0.0,"gold_gain":0.0,"event_name":"Big Fish","player_choice":"Donut","floor":5.0,"gold_loss":0.0,"damage_taken":0.0},{"damage_healed":0,"gold_gain":0,"cards_transformed":["Strike_R","Strike_R"],"player_choice":"Became Test Subject","damage_taken":0,"max_hp_gain":0,"max_hp_loss":0,"event_name":"Drug Dealer","floor":19,"gold_loss":0,"cards_obtained":["Body Slam","Sword Boomerang"]},{"cards_removed":["Defend_R"],"damage_healed":0,"gold_gain":0,"player_choice":"Gave Gold","damage_taken":0,"max_hp_gain":0,"max_hp_loss":0,"event_name":"Beggar","floor":30,"gold_loss":75}],"is_beta":true,"boss_relics":[{"not_picked":["Runic Pyramid","Fusion Hammer"],"picked":"Calling Bell"}],"items_purged_floors":[],"is_endless":false,"potions_floor_spawned":[8,11,13,14,22,24,28],"killed_by":"Collector","ascension_level":20}}