{"host":"Kdaddybrian","time":1608264342,"event":{"mods":["AchievementEnabler","BaseMod","Bestiary","Colored Powertips","Minty Spire (QoL Compilation)","Potion Indicator Mod","Quick Restart","Rare Cards Sparkle","Relic Stats","StSLib","Uncapped"],"gold_per_floor":[113,124,124,141,157,157,185,199,245,68,68,98,98,20,20,124,124,142,142,153,16,29,29,46,65,138,164,240,240,265,364,364,464,464,480,61,0,13,32,64,64,97,97,97,126,126,126,142,142,142,142,142,42,68,68,68],"floor_reached":55,"playtime":3077,"items_purged":["Strike_G","Strike_G","Parasite"],"score":1130,"play_id":"e59806c2-16db-456b-84d2-648ebf60f7c6","local_time":"20201217230542","is_ascension_mode":true,"campfire_choices":[{"data":"Neutralize","floor":6.0,"key":"SMITH"},{"data":"Calculated Gamble","floor":11.0,"key":"SMITH"},{"data":"Infinite Blades","floor":13.0,"key":"SMITH"},{"data":"Footwork","floor":15.0,"key":"SMITH"},{"floor":23.0,"key":"REST"},{"data":"Infinite Blades","floor":29.0,"key":"SMITH"},{"data":"Escape Plan","floor":32.0,"key":"SMITH"},{"floor":41.0,"key":"RECALL"},{"data":"After Image","floor":44.0,"key":"SMITH"},{"data":"Calculated Gamble","floor":46.0,"key":"SMITH"},{"data":"Malaise","floor":49.0,"key":"SMITH"},{"data":"Well Laid Plans","floor":52.0,"key":"SMITH"}],"circlet_count":0,"master_deck":["AscendersBane","Defend_G","Defend_G","Defend_G","Defend_G","Defend_G","Survivor","Neutralize+1","Blade Dance","Cloak And Dagger","Footwork+1","Backstab","Infinite Blades+1","Calculated Gamble+1","Blade Dance","Noxious Fumes","Deflect","Escape Plan+1","Bullet Time","Slice","Leg Sweep","PiercingWail","Blade Dance","Infinite Blades+1","Concentrate","Malaise+1","Calculated Gamble+1","Backflip","Well Laid Plans+1","After Image+1","Concentrate","Deflect","Cloak And Dagger+1"],"relics":["WristBlade","Tingsha","Bag of Marbles","InkBottle","Sozu","Nilry\u0027s Codex","Eternal Feather","Bag of Preparation","Mummified Hand","HornCleat","Empty Cage","TungstenRod","Pocketwatch","The Courier","Pen Nib","Bottled Flame","Orichalcum"],"acts_visited":["Exordium","TheCity","TheBeyond","TheEnding"],"potions_floor_usage":[55],"damage_taken":[{"damage":0.0,"enemies":"Jaw Worm","floor":1.0,"turns":4.0},{"damage":0.0,"enemies":"Cultist","floor":2.0,"turns":3.0},{"damage":0.0,"enemies":"Small Slimes","floor":4.0,"turns":2.0},{"damage":4.0,"enemies":"Exordium Thugs","floor":5.0,"turns":5.0},{"damage":15.0,"enemies":"3 Sentries","floor":7.0,"turns":8.0},{"damage":0.0,"enemies":"Blue Slaver","floor":8.0,"turns":2.0},{"damage":1.0,"enemies":"Lagavulin","floor":12.0,"turns":5.0},{"damage":16.0,"enemies":"Hexaghost","floor":16.0,"turns":8.0},{"damage":0.0,"enemies":"Spheric Guardian","floor":18.0,"turns":3.0},{"damage":1.0,"enemies":"3 Byrds","floor":20.0,"turns":4.0},{"damage":0.0,"enemies":"Snecko","floor":22.0,"turns":3.0},{"damage":0.0,"enemies":"Snake Plant","floor":24.0,"turns":3.0},{"damage":1.0,"enemies":"Sentry and Sphere","floor":25.0,"turns":4.0},{"damage":7.0,"enemies":"Slavers","floor":27.0,"turns":4.0},{"damage":9.0,"enemies":"Gremlin Leader","floor":30.0,"turns":4.0},{"damage":50.0,"enemies":"Automaton","floor":33.0,"turns":7.0},{"damage":0.0,"enemies":"Orb Walker","floor":35.0,"turns":3.0},{"damage":0.0,"enemies":"3 Darklings","floor":38.0,"turns":4.0},{"damage":2.0,"enemies":"Sphere and 2 Shapes","floor":39.0,"turns":3.0},{"damage":7.0,"enemies":"Giant Head","floor":40.0,"turns":6.0},{"damage":3.0,"enemies":"Reptomancer","floor":42.0,"turns":6.0},{"damage":5.0,"enemies":"Nemesis","floor":45.0,"turns":5.0},{"damage":0.0,"enemies":"Writhing Mass","floor":48.0,"turns":4.0},{"damage":30.0,"enemies":"Awakened One","floor":50.0,"turns":16.0},{"damage":12.0,"enemies":"Shield and Spear","floor":54.0,"turns":8.0},{"damage":53,"enemies":"The Heart","floor":55,"turns":8}],"seed_played":"-6889301129593899438","potions_obtained":[{"floor":1.0,"key":"Fire Potion"},{"floor":4.0,"key":"GhostInAJar"},{"floor":8.0,"key":"Swift Potion"},{"floor":12.0,"key":"Ancient Potion"}],"is_trial":false,"path_per_floor":["M","M","?","M","M","R","E","M","T","$","R","E","R","$","R","B",null,"M","?","M","$","M","R","M","M","T","E","T","R","E","?","R","B",null,"M","$","?","M","M","E","R","E","T","R","E","R","?","M","R","B",null,"R","$","E","B"],"character_chosen":"THE_SILENT","items_purchased":["Blade Dance","Noxious Fumes","Escape Plan","Leg Sweep","TungstenRod","Backflip","Well Laid Plans"],"campfire_rested":1,"item_purchase_floors":[10,10,14,21,36,36,36],"current_hp_per_floor":[63,63,63,63,59,59,44,44,44,44,44,43,43,43,43,27,59,59,43,42,42,42,63,63,62,62,55,55,70,61,61,70,20,58,58,58,58,58,56,49,67,64,64,70,65,70,66,66,66,36,59,66,63,51,0,0],"gold":68,"neow_bonus":"BOSS_RELIC","is_daily":false,"chose_seed":false,"campfire_upgraded":10,"win_rate":0.0,"timestamp":1608264342,"path_taken":["M","M","?","?","?","R","E","M","T","?","R","E","R","$","R","BOSS","M","?","M","$","M","R","M","M","T","E","?","R","E","?","R","BOSS","M","$","?","?","M","E","R","E","T","R","E","R","?","M","R","BOSS","R","$","E","BOSS"],"items_purchased_type":["Card","Card","Card","Card","Relic","Card","Card"],"build_version":"2020-12-17","purchased_purges":3,"victory":false,"max_hp_per_floor":[70,70,70,70,70,70,70,70,70,70,70,70,70,70,70,70,70,70,70,70,70,70,70,70,70,70,70,70,70,70,70,70,70,70,70,70,70,70,70,70,70,70,70,70,70,70,66,66,66,66,66,66,63,63,63,63],"relic_stats":{"Sozu":8,"counters":[26,132],"Mummified Hand":[71],"Tingsha":[289],"Eternal Feather":60,"Pen Nib":[17],"Bag of Preparation":[24],"Orichalcum":[6],"obtain_stats":[{"Nilry\u0027s Codex":19,"Tingsha":7,"Eternal Feather":26,"The Courier":40,"Pen Nib":42,"Bag of Preparation":27,"Orichalcum":54,"Empty Cage":34,"Sozu":17,"Bottled Flame":45,"HornCleat":30,"WristBlade":0,"Mummified Hand":28,"Bag of Marbles":9,"InkBottle":12,"TungstenRod":36,"Ring of the Snake":0,"Pocketwatch":37},{"Nilry\u0027s Codex":9,"Tingsha":5,"Eternal Feather":13,"The Courier":20,"Pen Nib":21,"Bag of Preparation":14,"Orichalcum":25,"Empty Cage":16,"Sozu":8,"Bottled Flame":22,"HornCleat":15,"WristBlade":0,"Mummified Hand":14,"Bag of Marbles":6,"InkBottle":7,"TungstenRod":17,"Ring of the Snake":0,"Pocketwatch":17},{"Nilry\u0027s Codex":40,"Tingsha":22,"Eternal Feather":54,"The Courier":85,"Pen Nib":91,"Bag of Preparation":58,"Orichalcum":124,"Empty Cage":69,"Sozu":37,"Bottled Flame":96,"HornCleat":62,"WristBlade":0,"Mummified Hand":58,"Bag of Marbles":24,"InkBottle":29,"TungstenRod":72,"Ring of the Snake":0,"Pocketwatch":72}],"InkBottle":[85],"TungstenRod":32,"Pocketwatch":[2]},"card_choices":[{"not_picked":["Calculated Gamble","Well Laid Plans"],"picked":"Blade Dance","floor":1.0},{"not_picked":["Bane","Concentrate"],"picked":"Cloak And Dagger","floor":2.0},{"not_picked":["Sucker Punch","Accuracy"],"picked":"Footwork","floor":4.0},{"not_picked":["Prepared","Dagger Throw"],"picked":"Backstab","floor":5.0},{"not_picked":["Dagger Spray","Well Laid Plans"],"picked":"Infinite Blades","floor":7.0},{"not_picked":["Phantasmal Killer","Acrobatics"],"picked":"Calculated Gamble","floor":8.0},{"not_picked":["Infinite Blades","Prepared"],"picked":"Deflect","floor":12.0},{"not_picked":["Die Die Die","Storm of Steel"],"picked":"Bullet Time","floor":16.0},{"not_picked":["Quick Slash+1","Dash"],"picked":"Slice","floor":18.0},{"not_picked":["Flying Knee+1","Dagger Throw+1","Heel Hook"],"picked":"SKIP","floor":20.0},{"not_picked":["Dagger Throw","Sucker Punch+1"],"picked":"PiercingWail","floor":22.0},{"not_picked":["Dagger Throw","Poisoned Stab"],"picked":"Blade Dance","floor":24.0},{"not_picked":["Deadly Poison","Sucker Punch+1"],"picked":"Infinite Blades","floor":25.0},{"not_picked":["Blade Dance+1","PiercingWail"],"picked":"Concentrate","floor":27.0},{"not_picked":["Deadly Poison","Underhanded Strike","All Out Attack+1"],"picked":"SKIP","floor":30.0},{"not_picked":["Venomology","Burst"],"picked":"Malaise","floor":33.0},{"not_picked":["Underhanded Strike+1","Expertise+1"],"picked":"Calculated Gamble","floor":35.0},{"not_picked":["Deadly Poison","Heel Hook","Predator"],"picked":"SKIP","floor":38.0},{"not_picked":["Dagger Throw+1","Dagger Spray","Quick Slash"],"picked":"SKIP","floor":39.0},{"not_picked":["Escape Plan+1","Phantasmal Killer"],"picked":"After Image","floor":40.0},{"not_picked":["Bane","Dagger Throw"],"picked":"Concentrate","floor":42.0},{"not_picked":["Endless Agony","Flechettes","Dagger Spray+1"],"picked":"SKIP","floor":45.0},{"not_picked":["Quick Slash+1","Bane"],"picked":"Deflect","floor":48.0},{"not_picked":["Dash+1","Poisoned Stab"],"picked":"Cloak And Dagger+1","floor":54.0}],"player_experience":2873574,"relics_obtained":[{"floor":7.0,"key":"Tingsha"},{"floor":9.0,"key":"Bag of Marbles"},{"floor":12.0,"key":"InkBottle"},{"floor":19.0,"key":"Nilry\u0027s Codex"},{"floor":26.0,"key":"Eternal Feather"},{"floor":27.0,"key":"Bag of Preparation"},{"floor":28.0,"key":"Mummified Hand"},{"floor":30.0,"key":"HornCleat"},{"floor":40.0,"key":"The Courier"},{"floor":42.0,"key":"Pen Nib"},{"floor":45.0,"key":"Bottled Flame"},{"floor":54.0,"key":"Orichalcum"}],"event_choices":[{"cards_removed":["Strike_G"],"damage_healed":0.0,"max_hp_gain":0.0,"max_hp_loss":0.0,"gold_gain":0.0,"event_name":"Purifier","player_choice":"Purged","floor":3.0,"gold_loss":0.0,"damage_taken":0.0},{"damage_healed":0.0,"max_hp_gain":0.0,"max_hp_loss":0.0,"gold_gain":0.0,"event_name":"Cursed Tome","player_choice":"Obtained Book","floor":19.0,"gold_loss":0.0,"damage_taken":16.0},{"damage_healed":0.0,"max_hp_gain":0.0,"max_hp_loss":0.0,"gold_gain":99.0,"event_name":"Nest","player_choice":"Stole From Cult","floor":31.0,"gold_loss":0.0,"damage_taken":0.0},{"damage_healed":0.0,"max_hp_gain":0.0,"max_hp_loss":0.0,"gold_gain":0.0,"event_name":"WeMeetAgain","player_choice":"Paid Gold","floor":37.0,"gold_loss":61.0,"damage_taken":0.0,"relics_obtained":["Pocketwatch"]},{"damage_healed":0.0,"max_hp_gain":0.0,"max_hp_loss":4.0,"gold_gain":0.0,"event_name":"Winding Halls","player_choice":"Max HP","floor":47.0,"gold_loss":0.0,"damage_taken":0.0}],"is_beta":true,"boss_relics":[{"not_picked":["Fusion Hammer","SacredBark"],"picked":"Sozu"},{"not_picked":["Tiny House","Coffee Dripper"],"picked":"Empty Cage"}],"items_purged_floors":[10,21,53],"is_endless":false,"potions_floor_spawned":[1,4,8,12,20,24,27,30,33,35,38,40],"killed_by":"The Heart","ascension_level":10}}