{"host":"jrtaucq9moweewpn","time":1608272324,"event":{"mods":["BaseMod","Better Third Choice","Downfall","Duelist Mod","GifTheSpireLib","Minty Spire (QoL Compilation)","Replay The Spire","Shade Mod","StSLib","The Construct","The Cursed"],"gold_per_floor":[116,134,234,245,257,282,47,47,119,154,241,253,279,307,319,428,440,471,26,43,43,55,55,55,69,69,96,96,106,123,22,22,120,120,140,40,53,53,73,73,105,80,80,95,95,95],"floor_reached":45,"playtime":3196,"items_purged":["Doubt","Pain"],"score":708,"play_id":"4c1a3c71-b950-4a99-9f07-236b534b0378","local_time":"20201218001844","is_ascension_mode":true,"campfire_choices":[{"floor":8,"key":"REST"},{"floor":15,"key":"REST"},{"floor":23,"key":"REST"},{"floor":28,"key":"REST"},{"floor":32,"key":"REST"},{"floor":40,"key":"REST"}],"circlet_count":0,"master_deck":["TheCursedMod:Strike_TheCursed","TheCursedMod:Strike_TheCursed","TheCursedMod:Strike_TheCursed","TheCursedMod:Strike_TheCursed","TheCursedMod:Defend_TheCursed","TheCursedMod:Defend_TheCursed","TheCursedMod:Defend_TheCursed","TheCursedMod:CursedWand","TheCursedMod:CleanUpWorkshop","TheCursedMod:Dregs","TheCursedMod:CursedShiv","TheCursedMod:SaltUponWound","TheCursedMod:Mangle","TheCursedMod:HellfireBreathing","TheCursedMod:SurpriseAttack","TheCursedMod:Hemoplague","TheCursedMod:CursedSpellbook","TheCursedMod:Torture","TheCursedMod:CircleOfCorruption","TheCursedMod:AntiAging","TheCursedMod:Torture+1","TheCursedMod:SurpriseAttack","TheCursedMod:AbyssShockwave","TheCursedMod:BlessingInDisguise+1","TheCursedMod:SurpriseAttack+1","TheCursedMod:WearCloak","TheCursedMod:NeowsMight+1","CurseOfTheBell","TheCursedMod:SpreadPlague","TheCursedMod:Torture+1","TheCursedMod:Stigma","TheCursedMod:SurpriseAttack+1","Parasite"],"relics":["TheCursedMod:BlackMagic101","NeowsBlessing","Incense Burner","ReplayTheSpireMod:CursedCoin","Shuriken","TheCursedMod:BloodyHarpoon","MawBank","Ring of Chaos","Golden Egg","Akabeko","WarpedTongs","StrikeDummy","BranchBurnRelic","Calling Bell","Bronze Scales","Blue Candle","Pocketwatch","Mercury Hourglass","Snack Pack"],"acts_visited":["Exordium","TheCity","TheBeyond"],"potions_floor_usage":[6,16,22,27,33,33,37,41],"damage_taken":[{"damage":0,"enemies":"Cultist","floor":1,"turns":1},{"damage":0,"enemies":"Small Slimes","floor":2,"turns":1},{"damage":0,"enemies":"2 Louse","floor":4,"turns":1},{"damage":8,"enemies":"Red Slaver","floor":5,"turns":3},{"damage":13,"enemies":"Lagavulin","floor":6,"turns":4},{"damage":11,"enemies":"Replay:BlueRogue","floor":10,"turns":5},{"damage":8,"enemies":"2 Fungi Beasts","floor":13,"turns":3},{"damage":0,"enemies":"Gremlin Gang","floor":14,"turns":4},{"damage":22,"enemies":"Hexaghost","floor":16,"turns":5},{"damage":13,"enemies":"3 Byrds","floor":18,"turns":4},{"damage":21,"enemies":"2 Thieves","floor":20,"turns":5},{"damage":23,"enemies":"Centurion and Healer","floor":22,"turns":5},{"damage":29,"enemies":"Snake Plant","floor":25,"turns":3},{"damage":17,"enemies":"Replay:Snechameleon","floor":27,"turns":4},{"damage":19,"enemies":"Cultist and Chosen","floor":29,"turns":5},{"damage":6,"enemies":"Snecko","floor":30,"turns":3},{"damage":36,"enemies":"Pondfish","floor":33,"turns":7},{"damage":2,"enemies":"Orb Walker","floor":35,"turns":2},{"damage":46,"enemies":"3 Darklings","floor":37,"turns":4},{"damage":34,"enemies":"Sphere and 2 Shapes","floor":39,"turns":4},{"damage":45,"enemies":"Nemesis","floor":41,"turns":5},{"damage":20,"enemies":"Writhing Mass","floor":44,"turns":4},{"damage":0,"enemies":"Jaw Worm Horde","floor":45,"turns":1}],"seed_played":"7099552824377252876","potions_obtained":[{"floor":2,"key":"Dexterity Potion"},{"floor":5,"key":"Cursed Concoction"},{"floor":6,"key":"SpeedPotion"},{"floor":16,"key":"sneckomod:MuddlingPotion"},{"floor":18,"key":"FearPotion"},{"floor":20,"key":"Elixir"},{"floor":30,"key":"Toxic Potion"},{"floor":33,"key":"Swift Potion"},{"floor":37,"key":"Ancient Potion"}],"is_trial":false,"path_per_floor":["M","M","?","M","M","E","$","R","T","E","?","?","M","M","R","B",null,"M","$","M","?","M","R","?","M","T","E","R","M","M","$","R","B",null,"M","$","M","?","M","R","E","$","T","M","M"],"character_chosen":"THE_CURSED","items_purchased":["ReplayTheSpireMod:CursedCoin","TheCursedMod:Hemoplague","Shuriken","Golden Egg","TheCursedMod:Torture","Akabeko","FairyPotion","TheCursedMod:SurpriseAttack"],"campfire_rested":6,"item_purchase_floors":[7,7,7,19,19,19,31,42],"current_hp_per_floor":[75,75,75,75,67,54,54,75,75,64,53,53,45,45,67,45,75,64,64,43,77,56,79,79,50,50,33,56,39,35,35,59,40,85,85,85,41,41,7,33,2,2,2,13,13,13],"gold":95,"neow_bonus":"THREE_ENEMY_KILL","is_daily":false,"chose_seed":false,"campfire_upgraded":0,"win_rate":0.0,"timestamp":1608272324,"path_taken":["M","M","?","M","M","E","?","R","T","E","?","?","?","M","R","BOSS","M","$","M","?","?","R","?","M","T","E","R","M","?","?","R","BOSS","M","?","M","?","M","R","E","$","T","M","M"],"items_purchased_type":["Relic","Card","Relic","Relic","Card","Relic","Potion","Card"],"build_version":"2020-12-13","purchased_purges":2,"victory":false,"max_hp_per_floor":[75,75,75,75,75,75,75,75,75,75,75,75,75,75,75,75,75,77,77,77,77,79,79,79,79,79,79,79,81,83,83,83,85,85,87,87,89,89,89,89,89,89,89,89,89,89],"card_choices":[{"not_picked":["TheCursedMod:Wield","TheCursedMod:FuryStrike"],"picked":"TheCursedMod:CursedShiv","floor":1},{"not_picked":["TheCursedMod:RavingStaff","TheCursedMod:WearCloak"],"picked":"TheCursedMod:SaltUponWound","floor":2},{"not_picked":["TheCursedMod:CursedMace","TheCursedMod:SpitefulPlan"],"picked":"TheCursedMod:Mangle","floor":4},{"not_picked":["TheCursedMod:ReleasedStrength","TheCursedMod:TacticalStrike"],"picked":"TheCursedMod:HellfireBreathing","floor":5},{"not_picked":["TheCursedMod:BloodBarrier","TheCursedMod:CircleOfCorruption"],"picked":"TheCursedMod:SurpriseAttack","floor":6},{"not_picked":["TheCursedMod:ReleasedKnowledge","TheCursedMod:TacticalStrike"],"picked":"TheCursedMod:CursedSpellbook","floor":10},{"not_picked":["TheCursedMod:TacticalStrike","TheCursedMod:CircleOfFlame"],"picked":"TheCursedMod:Torture","floor":13},{"not_picked":["TheCursedMod:CursedBlade","TheCursedMod:StunningStrike"],"picked":"TheCursedMod:CircleOfCorruption","floor":14},{"not_picked":["TheCursedMod:ShockAndAwe","TheCursedMod:ParallelWorld"],"picked":"TheCursedMod:AntiAging","floor":16},{"not_picked":["TheCursedMod:VitalStrike","TheCursedMod:CursedAmulet","TheCursedMod:FuryStrike"],"picked":"SKIP","floor":18},{"not_picked":["TheCursedMod:SpitefulStrike","TheCursedMod:Wield+1"],"picked":"TheCursedMod:SurpriseAttack","floor":20},{"not_picked":["TheCursedMod:Wield","TheCursedMod:ForbiddenAlchemy"],"picked":"TheCursedMod:AbyssShockwave","floor":22},{"not_picked":["TheCursedMod:CircleOfCorruption","TheCursedMod:CursedMace","TheCursedMod:CircleOfWindfury"],"picked":"SKIP","floor":25},{"not_picked":["TheCursedMod:AshesToAshes","TheCursedMod:Neurasthenia"],"picked":"TheCursedMod:BlessingInDisguise+1","floor":27},{"not_picked":["TheCursedMod:LuckyCharm","TheCursedMod:EmpowerCircles"],"picked":"TheCursedMod:SurpriseAttack+1","floor":29},{"not_picked":["TheCursedMod:CursedBlade+1","TheCursedMod:CursedSpellbook+1"],"picked":"TheCursedMod:WearCloak","floor":30},{"not_picked":["TheCursedMod:CursedRelics","TheCursedMod:ForbiddenAlchemy"],"picked":"TheCursedMod:NeowsMight","floor":33},{"not_picked":["TheCursedMod:Evocation","TheCursedMod:SpitefulStrike"],"picked":"TheCursedMod:SpreadPlague","floor":35},{"not_picked":["TheCursedMod:CircleOfFocus+1","TheCursedMod:HellsGateOpen"],"picked":"TheCursedMod:Torture+1","floor":37},{"not_picked":["TheCursedMod:Torture","TheCursedMod:SurpriseAttack+1"],"picked":"TheCursedMod:Stigma","floor":39},{"not_picked":["TheCursedMod:CursedAmulet+1","TheCursedMod:CursedMace","TheCursedMod:ReleasedKnowledge+1"],"picked":"SKIP","floor":41},{"not_picked":["TheCursedMod:WearCloak","TheCursedMod:SpitefulPray","TheCursedMod:CircleOfAmplification"],"picked":"SKIP","floor":44}],"player_experience":492279,"relics_obtained":[{"floor":6,"key":"Incense Burner"},{"floor":9,"key":"TheCursedMod:BloodyHarpoon"},{"floor":10,"key":"MawBank"},{"floor":26,"key":"StrikeDummy"},{"floor":27,"key":"Dead Branch"},{"floor":34,"key":"Bronze Scales"},{"floor":34,"key":"Blue Candle"},{"floor":34,"key":"Pocketwatch"},{"floor":41,"key":"Mercury Hourglass"},{"floor":43,"key":"Snack Pack"}],"event_choices":[{"damage_healed":0,"gold_gain":100,"player_choice":"Gold","damage_taken":0,"max_hp_gain":0,"max_hp_loss":0,"event_name":"Wheel of Change","floor":3,"gold_loss":0},{"damage_healed":0,"gold_gain":75,"player_choice":"Gold","damage_taken":11,"max_hp_gain":0,"max_hp_loss":0,"event_name":"betterThird:BetterGoop","floor":11,"gold_loss":0},{"cards_removed":["TheCursedMod:Defend_TheCursed"],"damage_healed":0,"gold_gain":0,"player_choice":"Purged","damage_taken":0,"max_hp_gain":0,"max_hp_loss":0,"event_name":"Purifier","floor":12,"gold_loss":0},{"damage_healed":34,"gold_gain":0,"player_choice":"Full Heal","damage_taken":0,"max_hp_gain":0,"max_hp_loss":0,"event_name":"Wheel of Change","floor":21,"gold_loss":0},{"damage_healed":0,"gold_gain":0,"player_choice":"Rummage","damage_taken":0,"relics_obtained":["WarpedTongs"],"max_hp_gain":0,"max_hp_loss":0,"event_name":"Accursed Blacksmith","floor":24,"gold_loss":0,"cards_obtained":["Pain"]},{"damage_healed":0,"gold_gain":0,"player_choice":"Random: Yellow","damage_taken":0,"max_hp_gain":0,"max_hp_loss":0,"event_name":"betterThird:BetterPortal","floor":38,"gold_loss":0},{"damage_healed":0,"gold_gain":0,"player_choice":"Ignored","damage_taken":0,"max_hp_gain":0,"max_hp_loss":0,"event_name":"NoteForYourself","floor":38,"gold_loss":0}],"is_beta":false,"boss_relics":[{"not_picked":["Coffee Dripper","Snecko Eye"],"picked":"Ring of Chaos"},{"not_picked":["Replay:Drink Me","ReplayTheSpireMod:DimensionalGlitch"],"picked":"Calling Bell"}],"items_purged_floors":[7,36],"is_endless":false,"potions_floor_spawned":[2,5,6,16,18,20,30,33,37],"killed_by":"Jaw Worm Horde","ascension_level":1}}