{"host":"bq4pt811tk9yrmjl","time":1608318325,"event":{"mods":["AchievementEnabler","BaseMod","Colored Map","Colored Powertips","Defuse TimeMaze Blight","Minty Spire (QoL Compilation)","StSLib","SuperFastMode","UnlockEverythingMod"],"gold_per_floor":[118,133,133,133,133,179,206,229,241,280,312,324,96,116,116,217,217,217,217,217,217,217,217,217,217,217,217,217,217,217,217,217,217,217,217,40,0,0,0,0,0,0,0,0,0,0,0,0,0,0,0],"floor_reached":50,"playtime":1479,"items_purged":[],"score":524,"play_id":"5cf28830-173d-46d4-8760-3c15f0929c92","local_time":"20201218170525","is_ascension_mode":true,"campfire_choices":[{"floor":15.0,"key":"REST"},{"data":"Devotion","floor":23,"key":"SMITH"},{"floor":27,"key":"RECALL"},{"data":"Consecrate","floor":29,"key":"SMITH"},{"floor":32,"key":"REST"},{"data":"Defend_P","floor":40,"key":"SMITH"},{"data":"FollowUp","floor":42,"key":"SMITH"},{"data":"Eruption","floor":44,"key":"SMITH"},{"floor":49,"key":"REST"}],"circlet_count":0,"master_deck":["Strike_P","Strike_P+1","Strike_P","Strike_P","Defend_P+1","Defend_P+1","Defend_P+1","Defend_P+1","Eruption+1","Vigilance+1","JustLucky","ReachHeaven+1","WreathOfFlame+1","EmptyBody+1","DeceiveReality+1","Pray+1","WaveOfTheHand+1","Devotion+1","Evaluate+1","Consecrate+1","FollowUp+1","Worship+1","RitualDagger","Wish+1","TalkToTheHand+1","PathToVictory+1","Pray+1","ThirdEye+1","Consecrate+1"],"relics":["PureWater","NeowsBlessing","MawBank","Toxic Egg 2","Damaru","War Paint","Pantograph","Ectoplasm","Art of War","Lantern","Sozu","Pen Nib","Red Mask","MealTicket","Anchor"],"acts_visited":["Exordium","TheCity","TheBeyond"],"potions_floor_usage":[21,24,25,25,41],"damage_taken":[{"damage":0.0,"enemies":"Cultist","floor":1.0,"turns":1.0},{"damage":0.0,"enemies":"Jaw Worm","floor":2.0,"turns":1.0},{"damage":0.0,"enemies":"Lagavulin","floor":6.0,"turns":1.0},{"damage":0.0,"enemies":"Small Slimes","floor":7.0,"turns":3.0},{"damage":0.0,"enemies":"3 Louse","floor":8.0,"turns":4.0},{"damage":9.0,"enemies":"3 Sentries","floor":10.0,"turns":8.0},{"damage":6.0,"enemies":"Lots of Slimes","floor":11.0,"turns":5.0},{"damage":0.0,"enemies":"2 Fungi Beasts","floor":14.0,"turns":2.0},{"damage":2.0,"enemies":"The Guardian","floor":16.0,"turns":13.0},{"damage":4.0,"enemies":"Spheric Guardian","floor":18.0,"turns":4.0},{"damage":0,"enemies":"Shell Parasite","floor":20,"turns":6},{"damage":8,"enemies":"Snake Plant","floor":21,"turns":4},{"damage":5,"enemies":"Book of Stabbing","floor":24,"turns":6},{"damage":18,"enemies":"Sentry and Sphere","floor":25,"turns":7},{"damage":8,"enemies":"Shelled Parasite and Fungi","floor":28,"turns":4},{"damage":69,"enemies":"Champ","floor":33,"turns":19},{"damage":0,"enemies":"3 Shapes","floor":35,"turns":9},{"damage":0,"enemies":"Orb Walker","floor":39,"turns":5},{"damage":4,"enemies":"Spire Growth","floor":41,"turns":5},{"damage":18,"enemies":"3 Darklings","floor":45,"turns":6},{"damage":17,"enemies":"Writhing Mass","floor":46,"turns":8},{"damage":20,"enemies":"Transient","floor":48,"turns":5},{"damage":60,"enemies":"Donu and Deca","floor":50,"turns":7}],"seed_played":"955183204420688721","potions_obtained":[{"floor":2.0,"key":"StancePotion"},{"floor":8.0,"key":"Strength Potion"},{"floor":11.0,"key":"AttackPotion"},{"floor":14.0,"key":"Regen Potion"},{"floor":21,"key":"BlessingOfTheForge"},{"floor":24,"key":"Regen Potion"},{"floor":25,"key":"Ancient Potion"}],"is_trial":false,"path_per_floor":["M","M","?","?","?","E","M","M","T","E","M","?","$","M","R","B",null,"M","?","M","M","?","R","E","M","T","R","M","R","T","?","R","B",null,"M","$","?","?","M","R","M","R","T","R","M","M","T","M","R","B"],"character_chosen":"WATCHER","items_purchased":["Pantograph","Pen Nib","PathToVictory+1"],"campfire_rested":3,"item_purchase_floors":[13,36,36],"current_hp_per_floor":[72,72,72,58,46,46,46,46,46,37,31,31,31,31,52,70,72,68,68,68,60,60,60,55,52,52,52,44,44,44,38,59,3,72,72,72,72,72,72,72,68,68,68,68,50,33,33,13,34,0,0],"gold":0,"neow_bonus":"THREE_ENEMY_KILL","is_daily":false,"chose_seed":false,"campfire_upgraded":5,"win_rate":0.0,"timestamp":1608318325,"path_taken":["M","M","?","?","?","E","M","M","T","E","M","?","$","?","R","BOSS","M","?","M","M","?","R","E","M","T","R","M","R","?","?","R","BOSS","M","$","?","?","?","R","M","R","T","R","M","M","?","M","R","BOSS"],"items_purchased_type":["Relic","Relic","Card"],"build_version":"2020-12-13","purchased_purges":0,"victory":false,"max_hp_per_floor":[72,72,72,72,72,72,72,72,72,72,72,72,72,72,72,72,72,72,72,72,72,72,72,72,72,72,72,72,72,72,72,72,72,72,72,72,72,72,72,72,72,72,72,72,72,72,72,72,72,72,72],"card_choices":[{"not_picked":["CutThroughFate","ClearTheMind"],"picked":"JustLucky","floor":1.0},{"not_picked":["EmptyFist","CrushJoints"],"picked":"ReachHeaven","floor":2.0},{"not_picked":["CutThroughFate","JustLucky"],"picked":"WreathOfFlame+1","floor":6.0},{"not_picked":["DevaForm","ThirdEye+1"],"picked":"EmptyBody+1","floor":7.0},{"not_picked":["ClearTheMind+1","Wireheading"],"picked":"DeceiveReality+1","floor":8.0},{"not_picked":["ThirdEye+1","ClearTheMind+1","Adaptation"],"picked":"SKIP","floor":10.0},{"not_picked":["Crescendo+1","FlyingSleeves"],"picked":"Pray+1","floor":11.0},{"not_picked":["EmptyMind+1","FlyingSleeves"],"picked":"WaveOfTheHand+1","floor":14.0},{"not_picked":["Brilliance","Vault+1"],"picked":"Devotion","floor":16.0},{"not_picked":["WheelKick","EmptyFist"],"picked":"Evaluate+1","floor":18.0},{"not_picked":["SandsOfTime","Collect+1"],"picked":"Consecrate","floor":20},{"not_picked":["EmptyFist","FlurryOfBlows"],"picked":"FollowUp","floor":21},{"not_picked":["Evaluate+1","Wallop"],"picked":"Worship+1","floor":24},{"not_picked":["WheelKick","Omniscience+1","FollowUp"],"picked":"SKIP","floor":25},{"not_picked":["ThirdEye+1","Adaptation","JustLucky"],"picked":"SKIP","floor":28},{"not_picked":["Blasphemy+1","LessonLearned"],"picked":"Wish+1","floor":33},{"not_picked":["Meditate+1","SignatureMove+1"],"picked":"TalkToTheHand","floor":35},{"not_picked":["Evaluate+1","JustLucky"],"picked":"Pray+1","floor":39},{"not_picked":["Conclude+1","Wallop+1","ClearTheMind+1"],"picked":"SKIP","floor":41},{"not_picked":["Fasting2+1","ClearTheMind+1"],"picked":"ThirdEye+1","floor":45},{"not_picked":["CrushJoints","FlurryOfBlows"],"picked":"Consecrate+1","floor":46},{"not_picked":["Adaptation+1","Halt+1","ClearTheMind+1"],"picked":"SKIP","floor":48}],"player_experience":72874,"relics_obtained":[{"floor":6.0,"key":"Toxic Egg 2"},{"floor":9.0,"key":"Damaru"},{"floor":10.0,"key":"War Paint"},{"floor":24,"key":"Art of War"},{"floor":30,"key":"Lantern"},{"floor":43,"key":"MealTicket"},{"floor":47,"key":"Anchor"}],"event_choices":[{"damage_healed":0.0,"max_hp_gain":0.0,"max_hp_loss":0.0,"gold_gain":0.0,"event_name":"Living Wall","player_choice":"Grow","floor":3.0,"gold_loss":0.0,"damage_taken":0.0,"cards_upgraded":["Vigilance"]},{"damage_healed":0.0,"max_hp_gain":0.0,"max_hp_loss":0.0,"gold_gain":0.0,"event_name":"Shining Light","player_choice":"Entered Light","floor":4.0,"gold_loss":0.0,"damage_taken":14.0,"cards_upgraded":["Defend_P","Strike_P"]},{"damage_healed":0.0,"max_hp_gain":0.0,"max_hp_loss":0.0,"gold_gain":0.0,"event_name":"Scrap Ooze","player_choice":"Success","floor":5.0,"gold_loss":0.0,"damage_taken":12.0,"relics_obtained":["MawBank"]},{"damage_healed":0.0,"max_hp_gain":0.0,"max_hp_loss":0.0,"gold_gain":0.0,"event_name":"Upgrade Shrine","player_choice":"Upgraded","floor":12.0,"gold_loss":0.0,"damage_taken":0.0,"cards_upgraded":["ReachHeaven"]},{"damage_healed":0,"gold_gain":0,"player_choice":"Ignored","damage_taken":0,"max_hp_gain":0,"max_hp_loss":0,"event_name":"Cursed Tome","floor":19,"gold_loss":0},{"damage_healed":0,"gold_gain":0,"player_choice":"Ignored","damage_taken":0,"max_hp_gain":0,"max_hp_loss":0,"event_name":"Vampires","floor":22,"gold_loss":0},{"damage_healed":0,"gold_gain":0,"player_choice":"Joined the Cult","damage_taken":6,"max_hp_gain":0,"max_hp_loss":0,"event_name":"Nest","floor":31,"gold_loss":0,"cards_obtained":["RitualDagger"]},{"damage_healed":0,"gold_gain":0,"player_choice":"Paid","damage_taken":0,"relics_obtained":["Red Mask"],"max_hp_gain":0,"max_hp_loss":0,"event_name":"Tomb of Lord Red Mask","floor":37,"gold_loss":40},{"damage_healed":0,"gold_gain":0,"player_choice":"Forge","damage_taken":0,"max_hp_gain":0,"max_hp_loss":0,"event_name":"Accursed Blacksmith","floor":38,"gold_loss":0,"cards_upgraded":["TalkToTheHand"]}],"is_beta":false,"boss_relics":[{"not_picked":["Snecko Eye","Runic Dome"],"picked":"Ectoplasm"},{"not_picked":["Empty Cage","Astrolabe"],"picked":"Sozu"}],"items_purged_floors":[],"is_endless":false,"potions_floor_spawned":[2,8,11,14,21,24,25,41,45,46],"killed_by":"Donu and Deca","ascension_level":1}}