{"host":"ss2ocoam53r2lno0","time":1608251442,"event":{"mods":["Act Like it!","BaseMod","ChefMod","Colored Powertips","Displayed Cursed Tome","Downfall","Googly Eyes","Hallownest","Highlight Path","Minty Spire (QoL Compilation)","Rare Cards Sparkle","Robot Space Explorer","Shade Mod","Shop Mod","Spicy Shops","StSLib"],"gold_per_floor":[109,119,44,55,75,75,87,87,110,110,137,37,70,89,89,193,193,207,194,207,55,55,55,86,86,86,103,116,116,116],"floor_reached":29,"playtime":1904,"items_purged":["chefmod:Strike","chefmod:Strike"],"score":310,"play_id":"c2eec5a7-b2ed-433e-88af-9e0483a1ff0f","local_time":"20201218013042","is_ascension_mode":true,"campfire_choices":[{"data":"chefmod:QuickThaw","floor":6,"key":"SMITH"},{"data":"chefmod:FarmersMarket","floor":8,"key":"SMITH"},{"data":"chefmod:TodaysSpecial","floor":10,"key":"SMITH"},{"floor":15,"key":"REST"},{"data":"chefmod:FreshProduce","floor":23,"key":"SMITH"},{"data":"1","floor":25,"key":"LIFT"}],"circlet_count":0,"master_deck":["chefmod:Strike","chefmod:Defend","chefmod:Defend","chefmod:Defend","chefmod:QuickThaw+1","chefmod:TodaysSpecial+1","chefmod:FarmersMarket+1","chefmod:Chop","chefmod:SushiPlatter","chefmod:Chop","chefmod:Ratatouille","chefmod:GroceryDelivery","chefmod:FreshProduce+1","chefmod:OrderUp","chefmod:Chop+1","chefmod:AlooGobi","chefmod:Granita","chefmod:FreshProduce+1","chefmod:Cleavers","chefmod:BleedOut"],"relics":["chefmod:TrustyPot","NeowsBlessing","Anchor","Bronze Scales","Toy Ornithopter","SlaversCollar","chefmod:CookieJar","Girya","Ornamental Fan"],"acts_visited":["Exordium","TheCity"],"potions_floor_usage":[16,27,29,29,29],"damage_taken":[{"damage":0,"enemies":"Cultist","floor":1,"turns":1},{"damage":0,"enemies":"Jaw Worm","floor":2,"turns":1},{"damage":0,"enemies":"2 Louse","floor":4,"turns":1},{"damage":9,"enemies":"Blue Slaver","floor":5,"turns":3},{"damage":1,"enemies":"Red Slaver","floor":7,"turns":3},{"damage":39,"enemies":"3 Sentries","floor":11,"turns":9},{"damage":8,"enemies":"Lagavulin","floor":13,"turns":7},{"damage":3,"enemies":"Large Slime","floor":14,"turns":7},{"damage":31,"enemies":"The Guardian","floor":16,"turns":13},{"damage":12,"enemies":"Shell Parasite","floor":18,"turns":6},{"damage":14,"enemies":"2 Thieves","floor":19,"turns":4},{"damage":8,"enemies":"Snecko","floor":20,"turns":5},{"damage":0,"enemies":"Book of Stabbing","floor":24,"turns":4},{"damage":25,"enemies":"Cultist and Chosen","floor":27,"turns":7},{"damage":12,"enemies":"Centurion and Healer","floor":28,"turns":4},{"damage":42,"enemies":"Slavers","floor":29,"turns":3}],"seed_played":"7909572055242064200","potions_obtained":[{"floor":4,"key":"Ancient Potion"},{"floor":14,"key":"sneckomod:MuddlingPotion"},{"floor":16,"key":"EssenceOfSteel"},{"floor":19,"key":"LiquidMemories"},{"floor":24,"key":"Regen Potion"},{"floor":28,"key":"Fire Potion"}],"is_trial":false,"path_per_floor":["M","M","$","M","M","R","M","R","T","R","E","$","E","M","R","B",null,"M","M","M","$","?","R","E","R","T","M","M","E"],"character_chosen":"THE_CHEF","items_purchased":["chefmod:CookieJar"],"campfire_rested":1,"item_purchase_floors":[21],"current_hp_per_floor":[76,76,76,76,67,67,66,66,66,66,27,27,19,16,38,12,76,64,50,42,42,42,42,42,42,42,37,25,0,0],"gold":116,"neow_bonus":"THREE_ENEMY_KILL","is_daily":false,"chose_seed":false,"campfire_upgraded":4,"win_rate":0.0,"timestamp":1608251442,"path_taken":["M","M","$","?","?","R","M","R","T","R","E","$","E","M","R","BOSS","M","M","M","$","?","R","E","R","T","M","M","E"],"items_purchased_type":["Relic"],"build_version":"2020-12-13","purchased_purges":2,"victory":false,"max_hp_per_floor":[76,76,76,76,76,76,76,76,76,76,76,76,76,76,76,76,76,76,76,76,76,76,76,76,76,76,76,76,76,76],"card_choices":[{"not_picked":["chefmod:MonsterBait","chefmod:DimSum"],"picked":"chefmod:FarmersMarket","floor":1},{"not_picked":["chefmod:Sorbet","chefmod:Defrost"],"picked":"chefmod:Chop","floor":2},{"not_picked":["chefmod:SpaghettiCarbonara","chefmod:Defrost"],"picked":"chefmod:SushiPlatter","floor":4},{"not_picked":["chefmod:DinoKale","chefmod:ColdSteel"],"picked":"chefmod:Chop","floor":5},{"not_picked":["chefmod:Bruschetta","chefmod:Defrost","chefmod:SliceAndDice"],"picked":"SKIP","floor":7},{"not_picked":["chefmod:VegetableTart","chefmod:FiveAlarmChili"],"picked":"chefmod:Ratatouille","floor":11},{"not_picked":["chefmod:ColdSteel","chefmod:Escargot"],"picked":"chefmod:GroceryDelivery","floor":13},{"not_picked":["chefmod:BleedOut","chefmod:Sorbet"],"picked":"chefmod:FreshProduce","floor":14},{"not_picked":["chefmod:Tenderizer","chefmod:TastyDistraction"],"picked":"chefmod:OrderUp","floor":16},{"not_picked":["chefmod:BaoBuns","chefmod:NewMenu","chefmod:FryPan"],"picked":"SKIP","floor":18},{"not_picked":["chefmod:LiquidNitrogen","chefmod:DimSum"],"picked":"chefmod:Chop+1","floor":19},{"not_picked":["chefmod:SliceAndDice+1","chefmod:Chop","chefmod:Granita+1"],"picked":"SKIP","floor":20},{"not_picked":["chefmod:HotSoup","chefmod:BaoBuns+1"],"picked":"chefmod:FreshProduce+1","floor":24},{"not_picked":["chefmod:Ratatouille","chefmod:FireUp+1"],"picked":"chefmod:Cleavers","floor":27},{"not_picked":["chefmod:ZaruSoba","chefmod:Bruschetta"],"picked":"chefmod:BleedOut","floor":28}],"player_experience":574340,"relics_obtained":[{"floor":9,"key":"Anchor"},{"floor":11,"key":"Bronze Scales"},{"floor":13,"key":"Toy Ornithopter"},{"floor":24,"key":"Girya"},{"floor":26,"key":"Ornamental Fan"}],"event_choices":[{"damage_healed":0,"gold_gain":0,"cards_transformed":["chefmod:Strike","chefmod:Strike"],"player_choice":"Became Test Subject","damage_taken":0,"max_hp_gain":0,"max_hp_loss":0,"event_name":"Drug Dealer","floor":22,"gold_loss":0,"cards_obtained":["chefmod:AlooGobi","chefmod:Granita"]}],"is_beta":false,"boss_relics":[{"not_picked":["Ectoplasm","Fusion Hammer"],"picked":"SlaversCollar"}],"items_purged_floors":[3,12],"is_endless":false,"potions_floor_spawned":[4,14,16,19,24,28],"killed_by":"Slavers","ascension_level":2}}