{"host":"ocy7z4248lncoz2b","time":1608259879,"event":{"mods":["BaseMod","Beaked The Cultist","Better Match","Better Sensory Stone","Better Third Choice","BetterRewards","Clockwork Mod","Colored Powertips","Conspire","Downfall","Friendly Minions","Highlight Path","Hubris","Infinite Spire","Marisa????????","Mimic Mod","Minty Spire (QoL Compilation)","READ ME - Guardian Mod","Replay The Spire","Shop Mod","Spicy Shops","Spikes Relics","StSLib","SuperFastMode","The Blue Laboratory","The Construct","The Jungle"],"gold_per_floor":[99,130,23,23,58,58,94,105,132,132,148,159,177,190,202,302,302,302,320,349,3,103,114,114,114,133,133,56,69,85,99,116,116,116],"floor_reached":33,"playtime":1593,"items_purged":[],"score":366,"play_id":"fe46e853-9d41-4602-8d06-bde1fe4f1f29","local_time":"20201218115119","is_ascension_mode":false,"campfire_choices":[{"data":"champ:Taunt","floor":1,"key":"SMITH"},{"data":"champ:Backstep","floor":4,"key":"SMITH"},{"data":"champ:FalseCounter","floor":6,"key":"SMITH"},{"data":"champ:Circumvent","floor":10,"key":"SMITH"},{"data":"champ:MurderStrike","floor":18,"key":"SMITH"},{"data":"champ:LastStand","floor":25,"key":"SMITH"},{"data":"champ:SkillfulDodge","floor":27,"key":"SMITH"}],"circlet_count":0,"master_deck":["champ:Strike","champ:Strike","champ:Strike","champ:Strike","champ:Defend","champ:Defend","champ:Defend","champ:Defend","champ:Execute","champ:Taunt+1","champ:GladiatorStyle","champ:PreciseThrust","champ:ShieldWall+1","champ:Backstep+1","champ:FalseCounter+1","champ:DefensiveShout","champ:Circumvent+1","champ:TornadoPunch","champ:Circumvent","champ:BringItOn","champ:IronFortress","champ:Lariat","champ:MurderStrike+1","champ:RapidStrikes","champ:EnGarde","champ:LastStand+1","champ:FocusedBerserking","champ:AdrenalArmor","champ:SkillfulDodge+1","champ:ShieldSlam","champ:IronFortress","champ:MurderStrike"],"relics":["champ:ChampionCrown","downfall:HeartsMalice","champ:DefensiveTrainingManual","Bronze Scales","Nunchaku","InkBottle","Centennial Puzzle","MerchantsRug","ClockworkSouvenir","Toy Ornithopter","RoseTintedShades"],"acts_visited":["Exordium","TheCity"],"potions_floor_usage":[14,20,20,23,30,30,32,32,33,33],"damage_taken":[{"damage":0,"enemies":"3 Sentries","floor":2,"turns":1},{"damage":0,"enemies":"downfall:FleeingMerchant","floor":3,"turns":1},{"damage":0,"enemies":"Gremlin Nob","floor":5,"turns":1},{"damage":5,"enemies":"Jaw Worm","floor":7,"turns":7},{"damage":11,"enemies":"Jaw Worm","floor":8,"turns":2},{"damage":10,"enemies":"Lagavulin","floor":9,"turns":7},{"damage":11,"enemies":"Cultist","floor":11,"turns":3},{"damage":20,"enemies":"Small Slimes","floor":12,"turns":2},{"damage":0,"enemies":"Red Slaver","floor":13,"turns":3},{"damage":4,"enemies":"Exordium Thugs","floor":14,"turns":4},{"damage":0,"enemies":"Lots of Slimes","floor":15,"turns":4},{"damage":19,"enemies":"downfall:Ironclad","floor":16,"turns":9},{"damage":0,"enemies":"Shell Parasite","floor":19,"turns":3},{"damage":3,"enemies":"Slavers","floor":20,"turns":3},{"damage":0,"enemies":"downfall:FleeingMerchant","floor":21,"turns":4},{"damage":11,"enemies":"downfall:LadyInBlue","floor":22,"turns":9},{"damage":26,"enemies":"Cultist and Chosen","floor":23,"turns":6},{"damage":6,"enemies":"Snecko","floor":26,"turns":4},{"damage":13,"enemies":"downfall:FleeingMerchant","floor":28,"turns":4},{"damage":66,"enemies":"Centurion and Healer","floor":29,"turns":12},{"damage":27,"enemies":"Sentry and Sphere","floor":30,"turns":6},{"damage":14,"enemies":"Snecko","floor":31,"turns":4},{"damage":13,"enemies":"Cultist and Chosen","floor":32,"turns":4},{"damage":42,"enemies":"downfall:Watcher","floor":33,"turns":4}],"seed_played":"-7824777022372162367","potions_obtained":[{"floor":2,"key":"blueLaboratory:HummingbirdPotion"},{"floor":8,"key":"Slimebound:ThreeZeroPotion"},{"floor":9,"key":"blueLaboratory:PyrophylliteBrew"},{"floor":12,"key":"PowerPotion"},{"floor":16,"key":"Block Potion"},{"floor":22,"key":"Ancient Potion"},{"floor":22,"key":"Explosive Potion"},{"floor":26,"key":"blueLaboratory:BubblePotion"},{"floor":29,"key":"Flashbang"},{"floor":30,"key":"champ:CounterPotion"},{"floor":31,"key":"blueLaboratory:PhilterOfMotion"},{"floor":32,"key":"FearPotion"}],"is_trial":false,"path_per_floor":["R","E","$","R","E","R","MIM","M","E","R","M","M","M","M","M","B",null,"R","M","E","$","?","M","T","R","M","R","$","M","M","M","M","B"],"character_chosen":"THE_CHAMP","items_purchased":["champ:ShieldWall+1","champ:Backstep","MerchantsRug","champ:LastStand","ClockworkSouvenir","champ:IronFortress"],"campfire_rested":0,"item_purchase_floors":[3,3,21,21,21,28],"current_hp_per_floor":[90,90,90,90,90,90,85,74,64,64,58,43,43,39,39,25,90,90,90,90,90,79,78,78,78,72,72,78,47,34,22,24,0,0],"gold":116,"neow_bonus":"THREE_ENEMY_KILL","is_daily":false,"chose_seed":false,"campfire_upgraded":7,"win_rate":0.0,"timestamp":1608259879,"path_taken":["R","E","$","R","E","R","MIM","M","E","R","?","M","?","M","M","BOSS","R","M","E","$","?","?","T","R","M","R","?","M","M","M","M","BOSS"],"items_purchased_type":["Card","Card","Relic","Card","Relic","Card"],"build_version":"2020-12-13","purchased_purges":0,"victory":false,"max_hp_per_floor":[90,90,90,90,90,90,90,90,90,90,90,90,90,90,90,90,90,90,90,90,90,90,90,90,90,90,90,90,90,90,90,90,90,90],"card_choices":[{"not_picked":["champ:AdrenalArmor","champ:GladiatorsShout"],"picked":"champ:GladiatorStyle","floor":2},{"not_picked":["champ:Backstep","champ:GladiatorsShout"],"picked":"champ:PreciseThrust","floor":3},{"not_picked":["champ:IronFortress","champ:BerserkersShout"],"picked":"champ:FalseCounter","floor":5},{"not_picked":["champ:BringItOn","champ:RecklessLeap"],"picked":"champ:DefensiveShout","floor":7},{"not_picked":["champ:Backstep","champ:RecklessLeap"],"picked":"champ:Circumvent","floor":8},{"not_picked":["champ:DeathBlow","champ:DefensiveShout"],"picked":"champ:TornadoPunch","floor":9},{"not_picked":["champ:FlashCut","champ:FocusedGladiator"],"picked":"champ:Circumvent","floor":11},{"not_picked":["champ:CrookedStrike","champ:CrownThrow"],"picked":"champ:BringItOn","floor":12},{"not_picked":["champ:PerfectedStrike","champ:RisingSlash","champ:FalseCounter"],"picked":"SKIP","floor":13},{"not_picked":["champ:Shatter","champ:CrookedStrike"],"picked":"champ:IronFortress","floor":14},{"not_picked":["champ:GladiatorStyle","champ:TornadoPunch"],"picked":"champ:Lariat","floor":15},{"not_picked":["champ:CrownThrow","champ:ShieldThrow"],"picked":"champ:MurderStrike","floor":16},{"not_picked":["champ:Duel","champ:BerserkersShout"],"picked":"champ:RapidStrikes","floor":19},{"not_picked":["champ:EnragedBash","champ:BerserkersShout","champ:FanOfKnives"],"picked":"SKIP","floor":20},{"not_picked":["champ:TornadoPunch","champ:Circumvent"],"picked":"champ:EnGarde","floor":21},{"not_picked":["champ:EnragedBash+1","champ:Encircle"],"picked":"champ:FocusedBerserking","floor":22},{"not_picked":["champ:EnGarde+1","champ:GladiatorsShout"],"picked":"champ:AdrenalArmor","floor":23},{"not_picked":["champ:DefensiveShout","champ:TornadoPunch"],"picked":"champ:SkillfulDodge","floor":26},{"not_picked":["champ:Backstep+1","champ:DeathBlow"],"picked":"champ:ShieldSlam","floor":28},{"not_picked":["champ:FalseCounter","champ:CrookedStrike","champ:StanceDance"],"picked":"SKIP","floor":29},{"not_picked":["champ:Duel+1","champ:PerfectedStrike","champ:RapidStrikes+1"],"picked":"SKIP","floor":30},{"not_picked":["champ:Backstep","champ:FalseCounter"],"picked":"champ:MurderStrike","floor":31},{"not_picked":["champ:RisingSlash+1","champ:StanceDance+1","champ:BringItOn+1"],"picked":"SKIP","floor":32}],"player_experience":242297,"relics_obtained":[{"floor":2,"key":"champ:DefensiveTrainingManual"},{"floor":5,"key":"Bronze Scales"},{"floor":7,"key":"Nunchaku"},{"floor":9,"key":"InkBottle"},{"floor":20,"key":"Centennial Puzzle"},{"floor":22,"key":"Toy Ornithopter"},{"floor":24,"key":"RoseTintedShades"}],"event_choices":[],"is_beta":false,"boss_relics":[{"not_picked":["infinitespire:Cupcake","Philosopher\u0027s Stone"],"picked":"Runic Pyramid"}],"items_purged_floors":[],"is_endless":false,"potions_floor_spawned":[2,8,9,12,16,19,26,29,30,31,32],"killed_by":"downfall:Watcher","ascension_level":0}}