{"host":"6z6y4ky8uzsz1dpj","time":1608296798,"event":{"mods":["2.2 Compatiblity","AchievementEnabler","BaseMod","BetterRewards","Challenge The Spire","Colored Map","Hubris","Minty Spire (QoL Compilation)","Quick Restart","Replay The Spire","StSLib"],"gold_per_floor":[114,114,130,39,39,39,74,97,97,162,196,212,212,253,253,372,372,390,464,253,303,303],"floor_reached":21,"playtime":1048,"items_purged":["Strike_G"],"score":462,"play_id":"3fb296fc-fa20-4439-8f0c-d719d213d267","local_time":"20201218080638","is_ascension_mode":true,"campfire_choices":[{"data":"Footwork","floor":6.0,"key":"SMITH"},{"data":"Replay:Poison Smokescreen","floor":13.0,"key":"SMITH"}],"circlet_count":0,"master_deck":["A Thousand Cuts+1","Strike_G","Strike_G","Strike_G","Strike_G","Defend_G","Defend_G","Defend_G","Defend_G","Defend_G","Survivor","Neutralize","Escape Plan","Footwork+1","Distraction","Acrobatics","Dodge and Roll","Deflect","Replay:Poison Smokescreen+1","Poisoned Stab","Dodge and Roll","Burst+1","Backflip","Bouncing Flask","A Thousand Cuts","Pot Of Greed","Pot Of Greed","Pot Of Greed","Sickly","Sickly","CurseOfTheBell","Dodge and Roll","Deadly Poison","Footwork","Replay:Poison Smokescreen"],"relics":["Ring of the Snake","Art of War","hubris:MedicalManual","Golden Idol","SsserpentHead","Bird Faced Urn","Question Card","Mango","Potion Belt","Replay:Ancient Bell","Grinning Jar","Mummified Hand","hubris:FunFungus"],"acts_visited":["Exordium","TheCity"],"potions_floor_usage":[],"damage_taken":[{"damage":9.0,"enemies":"2 Louse","floor":1.0,"turns":4.0},{"damage":14.0,"enemies":"Jaw Worm","floor":3.0,"turns":5.0},{"damage":22.0,"enemies":"Replay:BlueRogue","floor":7.0,"turns":9.0},{"damage":0.0,"enemies":"Cultist","floor":8.0,"turns":5.0},{"damage":7.0,"enemies":"Lots of Slimes","floor":10.0,"turns":4.0},{"damage":10.0,"enemies":"3 Sentries","floor":11.0,"turns":5.0},{"damage":0.0,"enemies":"2 Fungi Beasts","floor":12.0,"turns":4.0},{"damage":0.0,"enemies":"Lagavulin","floor":14.0,"turns":5.0},{"damage":20.0,"enemies":"The Guardian","floor":16.0,"turns":9.0},{"damage":17.0,"enemies":"Spheric Guardian","floor":18.0,"turns":4.0},{"damage":20.0,"enemies":"2 Thieves","floor":19.0,"turns":4.0},{"damage":32,"enemies":"Masked Bandits","floor":21,"turns":4}],"seed_played":"-8216410916901991514","potions_obtained":[{"floor":7.0,"key":"Poison Potion"},{"floor":11.0,"key":"Languid Potion"},{"floor":12.0,"key":"SteroidPotion"},{"floor":18.0,"key":"Dexterity Potion"}],"is_trial":false,"path_per_floor":["M","?","M","$","?","R","E","M","T","M","E","M","R","E","R_BF","B",null,"M","M","$","?"],"character_chosen":"THE_SILENT","items_purchased":["Escape Plan","Art of War","Footwork","Dodge and Roll","Deflect","Footwork","Replay:Poison Smokescreen"],"campfire_rested":0,"item_purchase_floors":[0,0,0,4,4,20,20],"current_hp_per_floor":[54,54,40,40,40,40,18,22,22,19,27,31,31,35,58,42,70,58,42,42,14,14],"gold":303,"neow_bonus":"","is_daily":false,"chose_seed":false,"campfire_upgraded":2,"win_rate":0.0,"timestamp":1608296798,"path_taken":["M","?","M","$","?","R","E","M","T","?","E","M","R","E","R_BF","BOSS","M","?","$","?"],"items_purchased_type":["Card","Relic","Card","Card","Card","Card","Card"],"build_version":"2020-12-13","purchased_purges":1,"victory":false,"max_hp_per_floor":[70,65,65,65,65,65,65,65,65,65,79,79,79,79,79,79,79,79,79,79,79,79],"card_choices":[{"not_picked":["Quick Slash","Bane"],"picked":"Distraction","floor":1.0},{"not_picked":["Quick Slash","Infinite Blades"],"picked":"Acrobatics","floor":3.0},{"not_picked":["Poisoned Stab","Toxin Wave"],"picked":"Replay:Poison Smokescreen","floor":7.0},{"not_picked":["Endless Agony","Tactician"],"picked":"Poisoned Stab","floor":8.0},{"not_picked":["Dagger Spray","Sucker Punch","hubris:TrickCloak"],"picked":"Dodge and Roll","floor":10.0},{"not_picked":["Backflip","Replay:Poison Smokescreen","Wraith Form v2"],"picked":"Burst","floor":11.0},{"not_picked":["Underhanded Strike","Bane","Bouncing Flask"],"picked":"Backflip","floor":12.0},{"not_picked":["Slice","Deflect","Expertise"],"picked":"Bouncing Flask","floor":14.0},{"not_picked":["Bullet Time","Envenom","Corpse Explosion"],"picked":"A Thousand Cuts","floor":16.0},{"not_picked":["hubris:Disease","ReplayTheSpireMod:Splinters","Overencumbered"],"picked":"Sickly","floor":17.0},{"not_picked":["Overencumbered","Clumsy","ReplayTheSpireMod:Restless Dread"],"picked":"Sickly","floor":17.0},{"not_picked":["Parasite","ReplayTheSpireMod:Doomed","hubris:Compulsion"],"picked":"CurseOfTheBell","floor":17.0},{"not_picked":["Expertise","Backstab+1","Blade Dance"],"picked":"Dodge and Roll","floor":18.0},{"not_picked":["Poisoned Stab","Dagger Spray","Underhanded Strike+1"],"picked":"Deadly Poison","floor":19.0}],"player_experience":163572,"relics_obtained":[{"floor":7.0,"key":"Bird Faced Urn"},{"floor":9.0,"key":"Question Card"},{"floor":11.0,"key":"Mango"},{"floor":14.0,"key":"Potion Belt"}],"event_choices":[{"damage_healed":0.0,"max_hp_gain":0.0,"max_hp_loss":5.0,"gold_gain":0.0,"event_name":"Golden Idol","player_choice":"Lose Max HP","floor":2.0,"gold_loss":0.0,"damage_taken":0.0,"relics_obtained":["Golden Idol"]},{"damage_healed":0.0,"max_hp_gain":0.0,"max_hp_loss":0.0,"gold_gain":0.0,"event_name":"FaceTrader","player_choice":"Trade","floor":5.0,"gold_loss":0.0,"damage_taken":0.0,"relics_obtained":["SsserpentHead"]},{"damage_healed":0,"gold_gain":0,"player_choice":"Fought Bandits","damage_taken":0,"max_hp_gain":0,"max_hp_loss":0,"event_name":"Masked Bandits","floor":21,"gold_loss":0}],"is_beta":false,"boss_relics":[{"not_picked":["Runic Dome","Sozu"],"picked":"Replay:Ancient Bell"},{"not_picked":["Pen Nib","MealTicket"],"picked":"Grinning Jar"},{"not_picked":["hubris:MysteriousPyramids","Snack Pack"],"picked":"Mummified Hand"},{"not_picked":["Ginger","Peace Pipe"],"picked":"hubris:FunFungus"}],"items_purged_floors":[20],"is_endless":false,"potions_floor_spawned":[7,11,12,18],"killed_by":"Masked Bandits","ascension_level":7}}