{"host":"usrgk25etjl0nf5i","time":1608259105,"event":{"mods":["2.2 Compatiblity","BaseMod","Downfall","Hermit","Hubris","Minty Spire (QoL Compilation)","StSLib","SuperFastMode","The Disciple","The Hierophant"],"gold_per_floor":[117,117,292,292,309,309,344,344,368,368,70,100,117,128,128,230,230,249,17,17,17,17,46,65,65,65,79,104,104,114,126,126,231,231,249,249,299,317,45,45,75,95,118,118,151,151,169,22,22,22,22,22,22,51,51,51],"floor_reached":55,"playtime":2516,"items_purged":["Doubt","Writhe"],"score":1207,"play_id":"666085b3-c08a-4608-8e46-4fc11f9afce9","local_time":"20201217183825","is_ascension_mode":true,"campfire_choices":[{"data":"Cloak And Dagger","floor":6,"key":"SMITH"},{"floor":8,"key":"REST"},{"data":"Infinite Blades","floor":10,"key":"SMITH"},{"floor":15,"key":"REST"},{"floor":29,"key":"REST"},{"data":"A Thousand Cuts","floor":32,"key":"SMITH"},{"floor":40,"key":"DIG"},{"floor":44,"key":"RECALL"},{"floor":49,"key":"REST"},{"floor":52,"key":"DIG"}],"circlet_count":0,"master_deck":["AscendersBane","Strike_G","Strike_G","Strike_G","Strike_G","Strike_G","Defend_G","Defend_G","Defend_G","Defend_G","Defend_G","Survivor","Neutralize","Cloak And Dagger+1","Cloak And Dagger+1","Infinite Blades+1","Underhanded Strike","After Image","After Image","Dagger Throw","Setup","Dodge and Roll","A Thousand Cuts+1","Infinite Blades","Panache","PiercingWail+1","Cloak And Dagger","Blade Dance","Cloak And Dagger","Reflex","PiercingWail","Dodge and Roll+1","Panache","Cloak And Dagger+1","Terror"],"relics":["Ring of the Snake","Bag of Preparation","Regal Pillow","DollysMirror","hubris:BundleOfHerbs","sneckomod:SneckoTalon","Nilry\u0027s Codex","Toy Ornithopter","HornCleat","Thread and Needle","Busted Crown","Shovel","Pocketwatch","sneckomod:BlankCard","Boot","Blood Vial","hubris:Icosahedron","hubris:ToyBattleship","hubris:CrystalStatue","Blue Candle"],"acts_visited":["Exordium","TheCity","TheBeyond","TheEnding"],"potions_floor_usage":[12,14,23,24,28,30,33,45,45],"damage_taken":[{"damage":5,"enemies":"Jaw Worm","floor":1,"turns":5},{"damage":0,"enemies":"Small Slimes","floor":5,"turns":3},{"damage":37,"enemies":"3 Sentries","floor":7,"turns":12},{"damage":0,"enemies":"Lagavulin","floor":12,"turns":7},{"damage":0,"enemies":"2 Louse","floor":13,"turns":2},{"damage":9,"enemies":"Exordium Thugs","floor":14,"turns":4},{"damage":17,"enemies":"Slime Boss","floor":16,"turns":15},{"damage":18,"enemies":"Chosen","floor":18,"turns":7},{"damage":26,"enemies":"Slavers","floor":23,"turns":4},{"damage":9,"enemies":"2 Thieves","floor":24,"turns":4},{"damage":0,"enemies":"3 Cultists","floor":27,"turns":4},{"damage":11,"enemies":"Gremlin Leader","floor":28,"turns":6},{"damage":14,"enemies":"Snake Plant","floor":30,"turns":5},{"damage":0,"enemies":"Chosen and Byrds","floor":31,"turns":6},{"damage":19,"enemies":"Automaton","floor":33,"turns":10},{"damage":17,"enemies":"Orb Walker","floor":35,"turns":4},{"damage":0,"enemies":"Mind Bloom Boss Battle","floor":37,"turns":7},{"damage":18,"enemies":"3 Darklings","floor":38,"turns":5},{"damage":0,"enemies":"Nemesis","floor":41,"turns":9},{"damage":4,"enemies":"Sphere and 2 Shapes","floor":42,"turns":4},{"damage":52,"enemies":"Giant Head","floor":45,"turns":8},{"damage":0,"enemies":"Transient","floor":47,"turns":5},{"damage":72,"enemies":"Awakened One","floor":50,"turns":10},{"damage":63,"enemies":"Shield and Spear","floor":54,"turns":9},{"damage":22,"enemies":"The Heart","floor":55,"turns":2}],"seed_played":"7604051673279719294","potions_obtained":[{"floor":5,"key":"Strength Potion"},{"floor":7,"key":"Energy Potion"},{"floor":16,"key":"champ:CounterPotion"},{"floor":18,"key":"GamblersBrew"},{"floor":24,"key":"FearPotion"},{"floor":27,"key":"GhostInAJar"},{"floor":31,"key":"BlessingOfTheForge"},{"floor":37,"key":"FearPotion"},{"floor":42,"key":"Block Potion"}],"is_trial":false,"path_per_floor":["M","?","?","?","M","R","E","R","T","R","$","E","M","M","R","B",null,"M","$","?","$","?","E","M","T","T","M","E","R","M","M","R","B",null,"M","?","?","M","$","R","E","M","T","R","E","?","M","$","R","B",null,"R","$","E","B"],"character_chosen":"THE_SILENT","items_purchased":["After Image","DollysMirror","Infinite Blades","Panache","Panache","hubris:ToyBattleship"],"campfire_rested":4,"item_purchase_floors":[11,11,19,19,39,48],"current_hp_per_floor":[65,65,65,65,65,65,28,51,51,51,51,51,51,42,77,60,73,55,55,55,55,39,13,33,33,33,33,27,65,56,56,56,42,68,51,70,70,52,52,52,52,48,48,48,6,6,8,8,46,21,63,63,63,8,0,0],"gold":51,"neow_bonus":"TEN_PERCENT_HP_BONUS","is_daily":false,"chose_seed":false,"campfire_upgraded":3,"win_rate":0.0,"timestamp":1608259105,"path_taken":["M","?","?","?","M","R","E","R","T","R","$","E","M","M","R","BOSS","M","$","?","?","?","E","M","?","T","M","E","R","M","M","R","BOSS","M","?","?","M","?","R","E","M","T","R","E","?","?","$","R","BOSS","R","$","E","BOSS"],"items_purchased_type":["Card","Relic","Card","Card","Card","Relic"],"build_version":"2020-12-13","purchased_purges":2,"victory":false,"max_hp_per_floor":[77,77,77,77,77,77,77,77,77,77,77,77,77,77,77,77,77,77,77,77,77,77,77,77,77,77,77,77,77,77,77,77,77,77,77,77,77,77,77,77,77,77,77,77,77,77,77,77,77,77,77,77,77,77,77,77],"card_choices":[{"not_picked":["Quick Slash","Flechettes"],"picked":"Cloak And Dagger","floor":1},{"not_picked":["Sucker Punch","Flying Knee"],"picked":"Infinite Blades","floor":5},{"not_picked":["Expertise","Sucker Punch"],"picked":"Underhanded Strike","floor":7},{"not_picked":["Prepared","Phantasmal Killer"],"picked":"Dagger Throw","floor":12},{"not_picked":["Skewer","Poisoned Stab"],"picked":"Setup","floor":13},{"not_picked":["Crippling Poison","Outmaneuver"],"picked":"Dodge and Roll","floor":14},{"not_picked":["Adrenaline","Glass Knife"],"picked":"A Thousand Cuts","floor":16},{"not_picked":["Poisoned Stab","Deflect+1","Heel Hook"],"picked":"SKIP","floor":18},{"not_picked":["Sucker Punch","Underhanded Strike"],"picked":"PiercingWail+1","floor":23},{"not_picked":["hubris:SlightOfHand","Distraction"],"picked":"Cloak And Dagger","floor":24},{"not_picked":["Caltrops","Prepared+1"],"picked":"Blade Dance","floor":27},{"not_picked":["Doppelganger","Well Laid Plans+1"],"picked":"Cloak And Dagger","floor":28},{"not_picked":["Riddle With Holes","Skewer"],"picked":"Reflex","floor":30},{"not_picked":["Backflip","Underhanded Strike"],"picked":"PiercingWail","floor":31},{"not_picked":["Deadly Poison+1"],"picked":"SKIP","floor":35},{"not_picked":[],"picked":"Dodge and Roll+1","floor":37},{"not_picked":["Sucker Punch+1"],"picked":"SKIP","floor":38},{"not_picked":["hubris:SlightOfHand"],"picked":"SKIP","floor":41},{"not_picked":[],"picked":"Cloak And Dagger+1","floor":42},{"not_picked":["Skewer"],"picked":"SKIP","floor":45},{"not_picked":["Flying Knee"],"picked":"SKIP","floor":47},{"not_picked":[],"picked":"Terror","floor":54}],"player_experience":655965,"relics_obtained":[{"floor":7,"key":"Bag of Preparation"},{"floor":9,"key":"Regal Pillow"},{"floor":12,"key":"hubris:BundleOfHerbs"},{"floor":22,"key":"Nilry\u0027s Codex"},{"floor":23,"key":"Toy Ornithopter"},{"floor":25,"key":"HornCleat"},{"floor":28,"key":"Thread and Needle"},{"floor":37,"key":"Shovel"},{"floor":40,"key":"Pocketwatch"},{"floor":41,"key":"sneckomod:BlankCard"},{"floor":43,"key":"Boot"},{"floor":45,"key":"Blood Vial"},{"floor":52,"key":"hubris:CrystalStatue"},{"floor":54,"key":"Blue Candle"}],"event_choices":[{"damage_healed":0,"gold_gain":0,"player_choice":"Grow","damage_taken":0,"max_hp_gain":0,"max_hp_loss":0,"event_name":"Living Wall","floor":2,"gold_loss":0,"cards_upgraded":["Cloak And Dagger"]},{"damage_healed":0,"gold_gain":175,"player_choice":"AGREE","damage_taken":0,"max_hp_gain":0,"max_hp_loss":0,"event_name":"Liars Game","floor":3,"gold_loss":0,"cards_obtained":["Doubt"]},{"damage_healed":0,"gold_gain":0,"player_choice":"Obtained Book","damage_taken":16,"max_hp_gain":0,"max_hp_loss":0,"event_name":"Cursed Tome","floor":22,"gold_loss":0},{"damage_healed":19,"gold_gain":0,"player_choice":"Writhe","damage_taken":0,"max_hp_gain":0,"max_hp_loss":0,"event_name":"Winding Halls","floor":36,"gold_loss":0,"cards_obtained":["Writhe"]},{"damage_healed":0,"gold_gain":0,"player_choice":"Fight","damage_taken":0,"max_hp_gain":0,"max_hp_loss":0,"event_name":"MindBloom","floor":37,"gold_loss":0}],"is_beta":false,"boss_relics":[{"not_picked":["Cursed Key","Runic Dome"],"picked":"sneckomod:SneckoTalon"},{"not_picked":["hubris:VirtuousBlindfold","hubris:HollowSoul"],"picked":"Busted Crown"}],"items_purged_floors":[11,39],"is_endless":false,"potions_floor_spawned":[5,7,16,18,24,27,31,37,42],"killed_by":"The Heart","ascension_level":10}}