{"host":"0rxdudjy6rylha1k","time":1608335917,"event":{"mods":["Aspiration","BaseMod","Colored Map","Colored Powertips","Downfall","Highlight Path","Hubris","Minty Spire (QoL Compilation)","StSLib"],"gold_per_floor":[99,126,51,151,151,176,250,278,278,144,144,144,159,177,273,273,273,273,289,320,320,320,320,372,297,307,97,116,221,221,221,221,221,238,238,238,268,268,318,318,298,311,329,329],"floor_reached":51,"playtime":5927,"items_purged":[],"score":954,"play_id":"f6113028-1d12-4156-8a9a-dc79ea75dfda","local_time":"20201218165837","is_ascension_mode":true,"campfire_choices":[{"floor":1.0,"key":"RECALL"},{"data":"champ:Taunt","floor":3.0,"key":"SMITH"},{"data":"champ:StanceDance","floor":10.0,"key":"SMITH"},{"data":"champ:MurderStrike","floor":18.0,"key":"SMITH"},{"data":"champ:RapidStrikes","floor":23.0,"key":"SMITH"},{"data":"champ:ArenaPreparation","floor":27.0,"key":"SMITH"},{"data":"champ:EnchantCrown","floor":35.0,"key":"SMITH"},{"data":"champ:IgnorePain","floor":40.0,"key":"SMITH"},{"floor":44.0,"key":"REST"}],"circlet_count":0,"master_deck":["champ:Strike","champ:Strike","champ:Strike","champ:Defend","champ:Defend","champ:Defend","champ:Defend","champ:Execute","champ:Taunt+1","champ:FanOfKnives","champ:RisingSlash","champ:StanceDance+1","champ:Encircle","champ:ShieldWall","champ:GladiatorStyle","champ:ArenaPreparation+1","champ:Circumvent","champ:MurderStrike+1","champ:BringItOn+1","champ:RapidStrikes+1","champ:FlashCut","champ:IgnorePain+1","champ:Control","champ:AdrenalArmor+1","champ:EnchantCrown+1","expansioncontent:CaCaw","expansioncontent:TimeRipple","expansioncontent:Flail","champ:ArenaPreparation","champ:Haymaker+1","champ:Circumvent","Trip","champ:BladeFlurry"],"relics":["champ:ChampionCrown","downfall:HeartsMalice","Lizard Tail","downfall:HeartBlessingRed","hubris:Teleporter","hubris:SphereOfDissonance","hubris:TenFootPole","champ:ChampionCrownUpgraded","FaceOfCleric","Pocketwatch","hubris:DeckOfHolding","downfall:HeartBlessingBlue","champ:BerserkersGuideToSlaughter","SacredBark","Bottled Flame","aspiration:SeaSaltIceCream","aspiration:Nostalgia","Guardian:ModeShifter","Mango","hubris:Icosahedron","Guardian:PocketSentry"],"acts_visited":["Exordium","TheCity","TheBeyond"],"potions_floor_usage":[50,50,50],"damage_taken":[{"damage":0.0,"enemies":"Gremlin Nob","floor":2.0,"turns":1.0},{"damage":0.0,"enemies":"Lagavulin","floor":6.0,"turns":1.0},{"damage":0.0,"enemies":"3 Sentries","floor":9.0,"turns":1.0},{"damage":5.0,"enemies":"downfall:FleeingMerchant","floor":11.0,"turns":4.0},{"damage":9.0,"enemies":"Jaw Worm","floor":14.0,"turns":2.0},{"damage":4.0,"enemies":"2 Louse","floor":15.0,"turns":2.0},{"damage":40.0,"enemies":"downfall:Silent","floor":16.0,"turns":4.0},{"damage":20.0,"enemies":"Chosen","floor":20.0,"turns":2.0},{"damage":40.0,"enemies":"Slavers","floor":21.0,"turns":6.0},{"damage":19.0,"enemies":"3 Byrds","floor":28.0,"turns":4.0},{"damage":22.0,"enemies":"downfall:FleeingMerchant","floor":30.0,"turns":4.0},{"damage":7.0,"enemies":"Cultist and Chosen","floor":32.0,"turns":4.0},{"damage":63.0,"enemies":"downfall:Watcher","floor":33.0,"turns":9.0},{"damage":0.0,"enemies":"Orb Walker","floor":38.0,"turns":2.0},{"damage":63.0,"enemies":"Nemesis","floor":42.0,"turns":9.0},{"damage":17.0,"enemies":"Mind Bloom Boss Battle","floor":45.0,"turns":8.0},{"damage":9.0,"enemies":"downfall:FleeingMerchant","floor":47.0,"turns":4.0},{"damage":32.0,"enemies":"3 Darklings","floor":48.0,"turns":3.0},{"damage":20,"enemies":"4 Shapes","floor":49,"turns":3},{"damage":30,"enemies":"downfall:Defect","floor":50,"turns":3}],"seed_played":"-4733121739530250795","potions_obtained":[{"floor":14.0,"key":"EntropicBrew"},{"floor":16.0,"key":"champ:OpenerPotion"},{"floor":32.0,"key":"AttackPotion"},{"floor":42.0,"key":"Strength Potion"}],"is_trial":false,"path_per_floor":["R","E","R","?","?","E","T","E","R","$","?","?","M","M","B",null,"R","?","M","E","R","T","?","T","R","M","$","M","B",null,"R","?","?","M","R","T","E","R","?","?","$","M","M","B",null],"character_chosen":"THE_CHAMP","items_purchased":["champ:Encircle","champ:ShieldWall","champ:BerserkersGuideToSlaughter","champ:Control","Guardian:PocketSentry","Trip","PowerPotion","Dexterity Potion"],"campfire_rested":1,"item_purchase_floors":[11,11,30,30,47,47,47,47],"current_hp_per_floor":[90,90,90,90,90,90,90,90,90,90,90,90,86,86,70,90,90,90,91,70,70,70,70,70,80,75,76,87,59,106,106,101,101,107,107,107,69,101,123,123,124,125,124,127],"gold":329,"neow_bonus":"THREE_ENEMY_KILL","is_daily":false,"chose_seed":false,"campfire_upgraded":7,"win_rate":0.0,"timestamp":1608335917,"path_taken":["R","E","R","?","?","E","T","E","R","$","?","?","M","M","BOSS","R","?","?","E","R","T","?","?","R","M","$","M","BOSS","R","?","?","?","R","T","E","R","?","?","?","?","M","BOSS"],"items_purchased_type":["Card","Card","Relic","Card","Relic","Card","Potion","Potion"],"build_version":"2020-12-13","purchased_purges":0,"victory":true,"max_hp_per_floor":[90,90,90,90,90,90,90,90,90,90,90,90,90,90,90,90,90,90,91,92,92,92,92,92,102,103,104,105,106,106,106,106,106,107,107,107,108,108,123,123,124,125,126,127],"card_choices":[{"not_picked":["champ:PerfectedStrike","champ:DeathBlow"],"picked":"champ:FanOfKnives","floor":2.0},{"not_picked":["champ:FanOfKnives","champ:Lariat"],"picked":"champ:RisingSlash","floor":6.0},{"not_picked":["champ:SwordSigil","champ:Backstep"],"picked":"champ:StanceDance","floor":9.0},{"not_picked":["champ:Backstep","champ:RageSigil","champ:ShieldThrow"],"picked":"SKIP","floor":11.0},{"not_picked":["champ:FanOfKnives","champ:Control"],"picked":"champ:ArenaPreparation","floor":14.0},{"not_picked":["champ:SwordSigil","champ:StanceDance"],"picked":"champ:Circumvent","floor":15.0},{"not_picked":["champ:StrikeOfGenius","champ:PerfectForm"],"picked":"champ:MurderStrike","floor":16.0},{"not_picked":["champ:EnGarde","champ:ShieldWall"],"picked":"champ:BringItOn+1","floor":20.0},{"not_picked":["champ:TornadoPunch","champ:BringItOn"],"picked":"champ:RapidStrikes","floor":21.0},{"not_picked":["champ:SwordSigil","champ:Backstep"],"picked":"champ:FlashCut","floor":28.0},{"not_picked":["champ:PerfectedStrike","champ:Circumvent"],"picked":"champ:IgnorePain","floor":30.0},{"not_picked":["champ:EnGarde","champ:BladeFlurry+1"],"picked":"champ:AdrenalArmor+1","floor":32.0},{"not_picked":["champ:CrownThrow","champ:IgnorePain"],"picked":"champ:EnchantCrown","floor":33.0},{"not_picked":["expansioncontent:DefensiveStance","expansioncontent:AwakenDeath"],"picked":"expansioncontent:CaCaw","floor":36.0},{"not_picked":["expansioncontent:Hexaburn","expansioncontent:GuardianWhirl"],"picked":"expansioncontent:TimeRipple","floor":36.0},{"not_picked":["expansioncontent:DarkVoid","expansioncontent:SlimeTackle"],"picked":"expansioncontent:Flail","floor":36.0},{"not_picked":["champ:DeathBlow","champ:ShieldWall"],"picked":"champ:ArenaPreparation","floor":38.0},{"not_picked":["champ:FightOn","champ:FanOfKnives"],"picked":"champ:Haymaker+1","floor":42.0},{"not_picked":["champ:ShieldSigil","champ:AdrenalArmor+1"],"picked":"champ:Circumvent","floor":47.0},{"not_picked":["champ:SwordSigil","champ:SkillfulDodge","champ:GladiatorsShout"],"picked":"SKIP","floor":48.0},{"not_picked":["champ:SwordSigil+1","champ:CalledShot+1"],"picked":"champ:BladeFlurry","floor":49}],"player_experience":2279481,"relics_obtained":[{"floor":2.0,"key":"Lizard Tail"},{"floor":6.0,"key":"hubris:Teleporter"},{"floor":7.0,"key":"hubris:SphereOfDissonance"},{"floor":9.0,"key":"hubris:TenFootPole"},{"floor":21.0,"key":"Pocketwatch"},{"floor":24.0,"key":"hubris:DeckOfHolding"},{"floor":41.0,"key":"Bottled Flame"},{"floor":42.0,"key":"aspiration:SeaSaltIceCream"},{"floor":45.0,"key":"Mango"}],"event_choices":[{"damage_healed":0.0,"max_hp_gain":0.0,"max_hp_loss":0.0,"gold_gain":0.0,"event_name":"FaceTrader","player_choice":"Trade","floor":19.0,"gold_loss":0.0,"damage_taken":0.0,"relics_obtained":["FaceOfCleric"]},{"cards_removed":["champ:Strike"],"damage_healed":0.0,"max_hp_gain":0.0,"max_hp_loss":0.0,"gold_gain":0.0,"event_name":"Purifier","player_choice":"Purged","floor":37.0,"gold_loss":0.0,"damage_taken":0.0}],"is_beta":false,"boss_relics":[{"not_picked":["hubris:Stopwatch","hubris:Backtick"],"picked":"champ:ChampionCrownUpgraded"},{"not_picked":["Pandora\u0027s Box","aspiration:SilentSkillbook"],"picked":"SacredBark"}],"items_purged_floors":[],"is_endless":false,"potions_floor_spawned":[14,16,32,42,48],"ascension_level":2}}