{"host":"rylkjufw9dlhr07b","time":1608300538,"event":{"mods":["AchievementEnabler","BaseMod","Better Note","BetterRewards","Hubris","Minty Spire (QoL Compilation)","Quick Restart","Replay The Spire","StSLib","The Necromancer"],"gold_per_floor":[115,139,149,224,296,296,123,123,147,157,167,187,264,11,11,87,87,98,98,98,98,110,136,136,136,136,136,136,47,47,61,61,61,61],"floor_reached":33,"playtime":1068,"items_purged":["Pain"],"score":632,"play_id":"aafb7fff-c9ca-43a6-935f-d37d5e0f146a","local_time":"20201218150858","is_ascension_mode":true,"campfire_choices":[{"floor":6.0,"key":"REST"},{"data":"1","floor":8.0,"key":"LIFT"},{"floor":15.0,"key":"DIG"},{"floor":24.0,"key":"REST"},{"floor":28.0,"key":"REST"},{"data":"2","floor":30.0,"key":"LIFT"},{"floor":32,"key":"REST"}],"circlet_count":0,"master_deck":["AscendersBane","Strike_R","Strike_R","Strike_R","Strike_R","Defend_R","Defend_R+1","Defend_R","Defend_R+1","Bash","Flash of Steel","Clash","True Grit","Wild Strike","Clash","ReplayTheSpireMod:Muscle Training","Flame Barrier","Inflame","ReplayTheSpireMod:Corrosion Curse","Iron Wave","Armaments","Defy Death","Exhume","Flex","Bullet Time+1","True Grit","Sword Boomerang","Evolve","Pommel Strike+1"],"relics":["Burning Blood","MealTicket","Girya","War Paint","Orichalcum","Replay:Baseball","Happy Flower","Centennial Puzzle","hubris:TenFootPole","Potion Belt","ChewingGum","WarpedTongs","Boot","hubris:EmptyBottle","Molten Egg 2","Du-Vu Doll","MutagenicStrength"],"acts_visited":["Exordium","TheCity"],"potions_floor_usage":[31,33],"damage_taken":[{"damage":0.0,"enemies":"Cultist","floor":1.0,"turns":4.0},{"damage":0.0,"enemies":"Jaw Worm","floor":3.0,"turns":3.0},{"damage":0.0,"enemies":"Small Slimes","floor":10.0,"turns":2.0},{"damage":1.0,"enemies":"Blue Slaver","floor":11.0,"turns":2.0},{"damage":0.0,"enemies":"Exordium Wildlife","floor":12.0,"turns":3.0},{"damage":18.0,"enemies":"Slime Boss","floor":16.0,"turns":9.0},{"damage":19.0,"enemies":"Chosen","floor":18.0,"turns":5.0},{"damage":3.0,"enemies":"Spheric Guardian","floor":22.0,"turns":4.0},{"damage":65.0,"enemies":"Book of Stabbing","floor":23.0,"turns":7.0},{"damage":13,"enemies":"Snecko","floor":31,"turns":4},{"damage":65,"enemies":"Automaton","floor":33,"turns":10}],"seed_played":"8525151739521318017","potions_obtained":[{"floor":10.0,"key":"AttackPotion"},{"floor":11.0,"key":"Block Potion"},{"floor":16.0,"key":"Fruit Juice"},{"floor":18.0,"key":"SpeedPotion"}],"is_trial":false,"path_per_floor":["M","T","M","?","?","R","$","R","T","M","M","M","?","$","R","B",null,"M","?","?","?","M","E","R","$","T","?","R","$","R","M","R","B"],"character_chosen":"IRONCLAD","items_purchased":["Flash of Steel","MealTicket","Girya","War Paint","Clash","True Grit","Explosive Potion","Happy Flower","hubris:TenFootPole","Armaments","Defy Death","hubris:EmptyBottle","Molten Egg 2","Block Potion","Evolve"],"campfire_rested":4,"item_purchase_floors":[0,0,0,0,0,0,0,7,14,14,14,25,25,25,29],"current_hp_per_floor":[36,36,42,31,7,29,44,44,44,50,55,61,61,75,75,63,72,64,64,64,64,67,8,32,2,2,2,26,41,41,34,58,0,0],"gold":61,"neow_bonus":"","is_daily":false,"chose_seed":false,"campfire_upgraded":0,"win_rate":0.0,"timestamp":1608300538,"path_taken":["M","?","M","?","?","R","$","R","T","M","M","?","?","?","R","BOSS","M","?","?","?","M","E","R","?","T","?","R","$","R","?","R","BOSS"],"items_purchased_type":["Card","Relic","Relic","Relic","Card","Card","Potion","Relic","Relic","Card","Card","Relic","Relic","Potion","Card"],"build_version":"2020-12-13","purchased_purges":1,"victory":false,"max_hp_per_floor":[75,75,75,75,75,75,75,75,75,75,75,75,75,75,75,75,75,80,80,80,80,80,80,80,80,80,80,80,80,80,80,80,80,80],"card_choices":[{"not_picked":["Headbutt","ReplayTheSpireMod:LeadingStrike"],"picked":"Wild Strike","floor":1.0},{"not_picked":["Wild Strike","Battle Trance"],"picked":"Clash","floor":3.0},{"not_picked":["Heavy Blade","Pommel Strike"],"picked":"ReplayTheSpireMod:Muscle Training","floor":5.0},{"not_picked":["hubris:CleavingFinish","Twin Strike"],"picked":"Flame Barrier","floor":5.0},{"not_picked":["Uppercut","Headbutt"],"picked":"Inflame","floor":10.0},{"not_picked":["Headbutt","Sentinel"],"picked":"ReplayTheSpireMod:Corrosion Curse","floor":11.0},{"not_picked":["Armaments","Sentinel"],"picked":"Iron Wave","floor":12.0},{"not_picked":["Brutality","Demonic Infusion"],"picked":"Exhume","floor":16.0},{"not_picked":["Massacre","ReplayTheSpireMod:Strike From Hell"],"picked":"Flex","floor":18.0},{"not_picked":["Pommel Strike","ReplayTheSpireMod:LeadingStrike"],"picked":"True Grit","floor":22.0},{"not_picked":["ReplayTheSpireMod:LeadingStrike","Perfected Strike"],"picked":"Sword Boomerang","floor":23.0},{"not_picked":["hubris:ReadiedAction","Seeing Red"],"picked":"Pommel Strike+1","floor":31}],"player_experience":613019,"relics_obtained":[{"floor":2.0,"key":"Orichalcum"},{"floor":5.0,"key":"Replay:Baseball"},{"floor":9.0,"key":"Centennial Puzzle"},{"floor":15.0,"key":"Potion Belt"},{"floor":23.0,"key":"Boot"},{"floor":26.0,"key":"Du-Vu Doll"}],"event_choices":[{"damage_healed":0.0,"max_hp_gain":0.0,"max_hp_loss":0.0,"gold_gain":75.0,"event_name":"World of Goop","player_choice":"Gather Gold","floor":4.0,"gold_loss":0.0,"damage_taken":11.0},{"damage_healed":0.0,"max_hp_gain":0.0,"max_hp_loss":0.0,"gold_gain":77.0,"event_name":"Golden Wing","player_choice":"Gained Gold","floor":13.0,"gold_loss":0.0,"damage_taken":0.0},{"damage_healed":0.0,"max_hp_gain":0.0,"max_hp_loss":0.0,"gold_gain":0.0,"event_name":"Accursed Blacksmith","player_choice":"Rummage","floor":19.0,"gold_loss":0.0,"damage_taken":0.0,"relics_obtained":["WarpedTongs"],"cards_obtained":["Pain"]},{"cards_removed":["Flash of Steel"],"damage_healed":0.0,"max_hp_gain":0.0,"max_hp_loss":0.0,"gold_gain":0.0,"event_name":"betterNote:BetterNote","player_choice":"Take \u0026 Give","floor":20.0,"gold_loss":0.0,"damage_taken":0.0,"cards_obtained":["Bullet Time"]},{"damage_healed":0.0,"max_hp_gain":0.0,"max_hp_loss":0.0,"gold_gain":0.0,"event_name":"Drug Dealer","player_choice":"Inject Mutagens","floor":27.0,"gold_loss":0.0,"damage_taken":0.0,"relics_obtained":["MutagenicStrength"]}],"is_beta":false,"boss_relics":[{"not_picked":["Runic Pyramid","Painkiller Herb"],"picked":"ChewingGum"}],"items_purged_floors":[25],"is_endless":false,"potions_floor_spawned":[10,11,16,18],"killed_by":"Automaton","ascension_level":16}}