{"host":"3lwutyfpza97k53s","time":1608260447,"event":{"mods":["A Magickal Journey","Act Like it!","BaseMod","BetterRewards","CapriCore","Clockwork Mod","Conspire","Dio Mod","Downfall","Hallownest","Hermit","Infinite Spire","Minty Spire (QoL Compilation)","Replay The Spire","Robot Space Explorer","Shade Mod","Shop Mod","StSLib","The Construct","The Immortal","The Judge","The Jungle","The Necromancer","TheVacant","TheWitcher"],"gold_per_floor":[111,111,123,123,137,168,183,216,216,216,228,246,246,261,261,361,361,372,372,391,404,418,418,452,462,462,491,505,505,539,550,550,646,646,666,666,666,677,688,715,715,741,822,836,851,851,876,876,876,876,876,876,531,563,563],"floor_reached":56,"playtime":2101,"items_purged":["Clockwork:Strike","Clockwork:Strike","Clockwork:Strike","Clockwork:Strike","Clockwork:Shield","SnafuTest:CurseDisclosure"],"score":2200,"play_id":"cda3728e-2115-438c-a43e-d78a6d845604","local_time":"20201217210047","is_ascension_mode":true,"campfire_choices":[{"data":"Clockwork:RevUp","floor":10,"key":"SMITH"},{"data":"Clockwork:Shield","floor":13,"key":"SMITH"},{"data":"Clockwork:Shield","floor":15,"key":"SMITH"},{"data":"Clockwork:Shield+1","floor":23,"key":"SMITH"},{"data":"Clockwork:AssemblyLine+1","floor":29,"key":"SMITH"},{"data":"Clockwork:AssemblyLine+2","floor":32,"key":"SMITH"},{"data":"Clockwork:RevUp+1","floor":41,"key":"SMITH"},{"data":"Clockwork:Shield+1","floor":46,"key":"SMITH"},{"floor":49,"key":"RECALL"},{"data":"Clockwork:TimeWalk","floor":52,"key":"SMITH"}],"circlet_count":0,"master_deck":["Clockwork:Shield+2","Clockwork:Shield+2","Clockwork:Shield+1","Clockwork:Tinker+1","Clockwork:WarmUp+1","Clockwork:Handicap+1","Clockwork:ElasticNanites+1","Clockwork:TiltAWhirl+1","Clockwork:RevUp+2","Clockwork:TimeOut+1","Clockwork:ChargingBlade+1","Clockwork:AssemblyLine+3","Slimebound:Icky","Clockwork:TimeWalk+1","Clockwork:TiltAWhirl+1","Clockwork:TimeWalk+1"],"relics":["Clockwork:MomentumEngine","conspire:InfiniteJournal","infinitespire:Lychee Nut","Mango","infinitespire:Satchel","Bird Faced Urn","infinitespire:Magic Flask","construct:RocketBooster","Chemical X","Pear","Clockwork:SomewhatSmoothStone","infinitespire:EmpoweringShard","Cursed Key","Clockwork:Varja","Pantograph","Replay:Accelerometer","Red Mask","Centennial Puzzle","Sozu","Clockwork:BreathingRoom","FossilizedHelix","Iron Hammer","infinitespire:Bottled Soul","Guide Book","Pet Ghost"],"acts_visited":["Exordium","TheCity","TheBeyond","TheEnding"],"potions_floor_usage":[],"damage_taken":[{"damage":53,"enemies":"2 Louse","floor":1,"turns":8},{"damage":0,"enemies":"Cultist","floor":3,"turns":4},{"damage":7,"enemies":"infinitespire:Voidling","floor":5,"turns":6},{"damage":0,"enemies":"3 Sentries","floor":6,"turns":2},{"damage":0,"enemies":"Lots of Slimes","floor":7,"turns":2},{"damage":0,"enemies":"Lagavulin","floor":8,"turns":5},{"damage":0,"enemies":"3 Louse","floor":11,"turns":2},{"damage":0,"enemies":"Exordium Thugs","floor":12,"turns":4},{"damage":0,"enemies":"Blue Slaver","floor":14,"turns":4},{"damage":23,"enemies":"The Guardian","floor":16,"turns":3},{"damage":0,"enemies":"Shell Parasite","floor":18,"turns":5},{"damage":5,"enemies":"Spheric Guardian","floor":20,"turns":6},{"damage":0,"enemies":"3 Cultists","floor":21,"turns":1},{"damage":0,"enemies":"Cultist and Chosen","floor":22,"turns":1},{"damage":0,"enemies":"conspire:Head Lice","floor":24,"turns":2},{"damage":0,"enemies":"Centurion and Healer","floor":25,"turns":5},{"damage":0,"enemies":"Masked Bandits","floor":27,"turns":2},{"damage":0,"enemies":"Snake Plant","floor":28,"turns":2},{"damage":0,"enemies":"Slavers","floor":30,"turns":3},{"damage":0,"enemies":"Cultist and Chosen","floor":31,"turns":3},{"damage":39,"enemies":"conspire:MysteriousRune","floor":33,"turns":3},{"damage":0,"enemies":"Orb Walker","floor":35,"turns":2},{"damage":0,"enemies":"3 Darklings","floor":38,"turns":2},{"damage":0,"enemies":"Transient","floor":39,"turns":3},{"damage":0,"enemies":"Nemesis","floor":40,"turns":3},{"damage":0,"enemies":"Reptomancer","floor":42,"turns":2},{"damage":0,"enemies":"Spire Growth","floor":44,"turns":2},{"damage":0,"enemies":"Jaw Worm Horde","floor":45,"turns":1},{"damage":0,"enemies":"R_Hoarder","floor":47,"turns":2},{"damage":30,"enemies":"infinitespire:MassOfShapes","floor":50,"turns":2},{"damage":0,"enemies":"Shield and Spear","floor":54,"turns":1},{"damage":0,"enemies":"The Heart","floor":55,"turns":4}],"seed_played":"-8464955628131442008","potions_obtained":[{"floor":7,"key":"Swift Potion"}],"is_trial":false,"path_per_floor":["M","?","M","$","M","E","M","E","T","R","M","M","R","M","R","B",null,"M","?","M","M","M","R","E","M","T","?","M","R","E","M","R","B",null,"M","$","?","M","M","E","R","E","T","M","M","R","E","?","R","B",null,"R","$","E","B",null],"character_chosen":"CLOCKWORK","items_purchased":["Clockwork:CraftMomentumEngine","Clockwork:ElasticNanites","Mango","infinitespire:Satchel","Clockwork:TiltAWhirl","Clockwork:RevUp","Clockwork:SmithsMallet","Clockwork:TimeOut","LifebloodPotion","EssenceOfSteel","Guide Book"],"campfire_rested":0,"item_purchase_floors":[0,0,0,0,0,0,0,0,0,0,53],"current_hp_per_floor":[27,27,35,35,52,67,72,82,82,82,87,87,87,87,87,64,81,87,87,82,84,84,84,87,87,87,87,87,87,87,87,87,48,77,82,82,82,87,87,87,87,87,87,87,87,87,87,87,87,57,80,80,80,80,87],"gold":563,"neow_bonus":"","is_daily":false,"chose_seed":false,"campfire_upgraded":9,"win_rate":0.0,"timestamp":1608260447,"path_taken":["M","?","M","?","M","E","M","E","T","R","?","?","R","M","R","BOSS","M","?","M","M","?","R","E","M","T","?","M","R","E","M","R","BOSS","M","$","?","M","M","E","R","E","T","?","?","R","E","?","R","BOSS","R","$","E","BOSS"],"items_purchased_type":["Card","Card","Relic","Relic","Card","Card","Card","Card","Potion","Potion","Relic"],"build_version":"2020-12-13","purchased_purges":6,"victory":true,"max_hp_per_floor":[77,77,77,77,77,87,87,87,87,87,87,87,87,87,87,87,87,87,87,87,87,87,87,87,87,87,87,87,87,87,87,87,87,87,87,87,87,87,87,87,87,87,87,87,87,87,87,87,87,87,87,87,87,87,87],"card_choices":[{"not_picked":["Clockwork:Downsize","Clockwork:LiteraryArmor","Clockwork:Enhance"],"picked":"SKIP","floor":1},{"not_picked":["Clockwork:Redundancy","Clockwork:SnapKeep"],"picked":"Clockwork:CraftSomewhatSmoothStone","floor":3},{"not_picked":["Clockwork:RampUp","Clockwork:HoardingStrike","Clockwork:ChargingShield"],"picked":"SKIP","floor":5},{"not_picked":["Clockwork:RampUp","Clockwork:SnapKeep","Clockwork:ForgeStrike"],"picked":"SKIP","floor":6},{"not_picked":["Clockwork:PerfectedShield","Clockwork:PerfectedStrike"],"picked":"Clockwork:ChargingBlade","floor":7},{"not_picked":["Clockwork:StasisBreak","Clockwork:KaliMa","Clockwork:ChargingShield"],"picked":"SKIP","floor":8},{"not_picked":["Clockwork:Clone","Clockwork:ReserveSystems"],"picked":"Clockwork:CraftVarja","floor":11},{"not_picked":["Clockwork:Clone","Clockwork:TestingEnvironment","Clockwork:RampUp"],"picked":"SKIP","floor":12},{"not_picked":["Clockwork:TestingEnvironment","Clockwork:Roundhouse","Clockwork:ChargingShield"],"picked":"SKIP","floor":14},{"not_picked":["Clockwork:AssemblyLine+1","Clockwork:SystemScan","Clockwork:CogToss"],"picked":"SKIP","floor":18},{"not_picked":["Clockwork:AssemblyLine+1","Clockwork:SystemScan","Clockwork:CogToss"],"picked":"SKIP","floor":18},{"not_picked":["Clockwork:SmithsMallet","Clockwork:Pluck","Clockwork:SystemScan+1"],"picked":"SKIP","floor":20},{"not_picked":["Clockwork:ChargingShield","Clockwork:EnthusiasticStrike","Clockwork:AdaptiveCannon"],"picked":"SKIP","floor":21},{"not_picked":["Clockwork:SystemScan","Clockwork:SnapKeep","Clockwork:AdaptiveShield"],"picked":"SKIP","floor":22},{"not_picked":["Clockwork:ZeroPointEnergy","Clockwork:SearchingStrike+1"],"picked":"Clockwork:AssemblyLine+1","floor":24},{"not_picked":["Clockwork:LogisticRegression","Clockwork:HeadStart","Clockwork:ReserveSystems"],"picked":"SKIP","floor":25},{"not_picked":["Clockwork:SpringShield+1","Clockwork:TiltAWhirl+1","Clockwork:Roundhouse+1"],"picked":"SKIP","floor":28},{"not_picked":["Clockwork:Enhance","Clockwork:Efficiency","Clockwork:MechanicalMass"],"picked":"SKIP","floor":30},{"not_picked":["Clockwork:ForgeStrike","Clockwork:CogBarrier","Clockwork:Improve+1"],"picked":"SKIP","floor":31},{"not_picked":["Clockwork:ReactiveNanites","Clockwork:Randomization"],"picked":"Clockwork:TimeWalk","floor":33},{"not_picked":["Clockwork:TimeOut+1","Clockwork:SystemScan+1","Clockwork:AdaptiveCannon"],"picked":"SKIP","floor":35},{"not_picked":["Clockwork:Clone+1","Clockwork:Minimalism","Clockwork:Pluck"],"picked":"SKIP","floor":38},{"not_picked":["Clockwork:ChargingBlade+1","Clockwork:CogBarrier","Clockwork:Roundhouse"],"picked":"SKIP","floor":39},{"not_picked":["Clockwork:ForgeStrike+1","Clockwork:ChargingShield","Clockwork:SystemHardening"],"picked":"SKIP","floor":40},{"not_picked":["Clockwork:ForgeStrike+1","Clockwork:ChargingShield","Clockwork:SystemHardening"],"picked":"SKIP","floor":40},{"not_picked":["Clockwork:SystemHardening+1","Clockwork:ChargingBlade","Clockwork:MechanicalBulk+1"],"picked":"SKIP","floor":42},{"not_picked":["Clockwork:ReactiveNanites","Clockwork:Pluck+1","Clockwork:SystemHardening+1"],"picked":"SKIP","floor":44},{"not_picked":["Clockwork:ReserveSystems+1","Clockwork:CraftVarja"],"picked":"Clockwork:CraftSomewhatSmoothStone+1","floor":45},{"not_picked":["Clockwork:CogShield","Clockwork:TimeWalk","Clockwork:ChargingShield"],"picked":"SKIP","floor":47},{"not_picked":["Clockwork:CogShield","Clockwork:ChargingShield"],"picked":"Clockwork:TimeWalk","floor":47},{"not_picked":["Clockwork:SnapKeep","Clockwork:SearingStrike","Clockwork:AssemblyLine+1"],"picked":"SKIP","floor":54}],"player_experience":482586,"relics_obtained":[{"floor":6,"key":"Pear"},{"floor":8,"key":"infinitespire:EmpoweringShard"},{"floor":24,"key":"Pantograph"},{"floor":26,"key":"Replay:Accelerometer"},{"floor":27,"key":"Red Mask"},{"floor":30,"key":"Centennial Puzzle"},{"floor":40,"key":"Clockwork:BreathingRoom"},{"floor":42,"key":"FossilizedHelix"},{"floor":43,"key":"Iron Hammer"},{"floor":47,"key":"infinitespire:Bottled Soul"},{"floor":54,"key":"Pet Ghost"}],"event_choices":[{"damage_healed":0,"gold_gain":0,"player_choice":"Forge","damage_taken":0,"max_hp_gain":0,"max_hp_loss":0,"event_name":"Accursed Blacksmith","floor":2,"gold_loss":0,"cards_upgraded":["Clockwork:ElasticNanites"]},{"damage_healed":0,"gold_gain":0,"player_choice":"Got Potions","damage_taken":0,"max_hp_gain":0,"max_hp_loss":0,"event_name":"Lab","floor":19,"gold_loss":0},{"damage_healed":0,"gold_gain":0,"player_choice":"Fought Bandits","damage_taken":0,"max_hp_gain":0,"max_hp_loss":0,"event_name":"Masked Bandits","floor":27,"gold_loss":0},{"damage_healed":0,"gold_gain":0,"player_choice":"Copied","damage_taken":0,"max_hp_gain":0,"max_hp_loss":0,"event_name":"Duplicator","floor":37,"gold_loss":0,"cards_obtained":["Clockwork:TiltAWhirl"]},{"damage_healed":0,"gold_gain":0,"player_choice":"Leave","damage_taken":0,"max_hp_gain":0,"max_hp_loss":0,"event_name":"conspire:Investor","floor":48,"gold_loss":0}],"is_beta":false,"boss_relics":[{"not_picked":["ReplayTheSpireMod:SealedPack","ChewingGum"],"picked":"Cursed Key"},{"not_picked":["SacredBark","Velvet Choker","conspire:RoyalGoblet"]}],"items_purged_floors":[0,0,0,0,0,53],"is_endless":false,"potions_floor_spawned":[7,11,12,14,18,25,27,28,30,31,42,44,45,54],"ascension_level":8}}