{"host":"e1zuqie93klo2ncl","time":1608298000,"event":{"mods":["AchievementEnabler","BaseMod","Minty Spire (QoL Compilation)","Relic Stats","StSLib"],"gold_per_floor":[118,118,118,135,151,151,185,204,204,219,219,237,253,74,74,74,74],"floor_reached":16,"playtime":767,"items_purged":["Strike_G"],"score":208,"play_id":"a25799e5-9175-4302-8c15-cb7a4367bafb","local_time":"20201218132640","is_ascension_mode":true,"campfire_choices":[{"floor":6.0,"key":"REST"},{"floor":15,"key":"REST"}],"circlet_count":0,"master_deck":["AscendersBane","Strike_G","Strike_G","Strike_G","Defend_G","Defend_G","Defend_G+1","Survivor","Neutralize+1","Dagger Spray","Dagger Throw","PiercingWail","Endless Agony","Blade Dance","Venomology+1","Bouncing Flask","Backflip"],"relics":["Ring of the Snake","HornCleat","The Specimen"],"acts_visited":["Exordium"],"potions_floor_usage":[13,16,16,16],"damage_taken":[{"damage":1.0,"enemies":"2 Louse","floor":1.0,"turns":4.0},{"damage":0.0,"enemies":"Small Slimes","floor":4.0,"turns":4.0},{"damage":0.0,"enemies":"Cultist","floor":5.0,"turns":4.0},{"damage":30.0,"enemies":"Gremlin Nob","floor":7.0,"turns":4.0},{"damage":0.0,"enemies":"2 Fungi Beasts","floor":8.0,"turns":2.0},{"damage":0,"enemies":"Gremlin Gang","floor":10,"turns":5},{"damage":0,"enemies":"Lots of Slimes","floor":12,"turns":3},{"damage":16,"enemies":"Exordium Thugs","floor":13,"turns":7},{"damage":25,"enemies":"Slime Boss","floor":16,"turns":7}],"seed_played":"1018555155325359208","potions_obtained":[{"floor":5.0,"key":"SteroidPotion"},{"floor":12,"key":"LiquidBronze"}],"is_trial":false,"path_per_floor":["M","?","?","M","M","R","E","M","T","M","?","M","M","$","R","B"],"character_chosen":"THE_SILENT","items_purchased":["Bouncing Flask","Backflip"],"campfire_rested":2,"item_purchase_floors":[14,14],"current_hp_per_floor":[58,51,33,33,33,51,21,21,21,21,21,21,5,5,23,0,0],"gold":74,"neow_bonus":"REMOVE_TWO","is_daily":false,"chose_seed":false,"campfire_upgraded":0,"win_rate":0.0,"timestamp":1608298000,"path_taken":["M","?","?","M","M","R","E","M","T","M","?","M","?","$","R","BOSS"],"items_purchased_type":["Card","Card"],"build_version":"2020-12-13","purchased_purges":1,"victory":false,"max_hp_per_floor":[60,60,60,60,60,60,60,60,60,60,60,60,60,60,60,60,60],"relic_stats":{"counters":[9,40],"obtain_stats":[{"HornCleat":7,"The Specimen":9,"Ring of the Snake":0},{"HornCleat":4,"The Specimen":5,"Ring of the Snake":0},{"HornCleat":16,"The Specimen":18,"Ring of the Snake":0}],"Ring of the Snake":[18]},"card_choices":[{"not_picked":["All Out Attack","Outmaneuver"],"picked":"Dagger Spray","floor":1.0},{"not_picked":["Blur","Bane"],"picked":"Dagger Throw","floor":4.0},{"not_picked":["Underhanded Strike","Dagger Spray"],"picked":"PiercingWail","floor":5.0},{"not_picked":["Eviscerate","Caltrops"],"picked":"Endless Agony","floor":7.0},{"not_picked":["Masterful Stab","Backflip"],"picked":"Blade Dance","floor":8.0},{"not_picked":["Blur","Slice"],"picked":"Venomology","floor":10},{"not_picked":["Slice","Dagger Throw","Sucker Punch"],"picked":"SKIP","floor":12},{"not_picked":["Backflip","Outmaneuver","Heel Hook"],"picked":"SKIP","floor":13}],"player_experience":791944,"relics_obtained":[{"floor":7.0,"key":"HornCleat"},{"floor":9.0,"key":"The Specimen"}],"event_choices":[{"cards_removed":["Defend_G"],"damage_healed":0.0,"max_hp_gain":0.0,"max_hp_loss":0.0,"gold_gain":0.0,"event_name":"Golden Wing","player_choice":"Card Removal","floor":2.0,"gold_loss":0.0,"damage_taken":7.0},{"damage_healed":0.0,"max_hp_gain":0.0,"max_hp_loss":0.0,"gold_gain":0.0,"event_name":"Shining Light","player_choice":"Entered Light","floor":3.0,"gold_loss":0.0,"damage_taken":18.0,"cards_upgraded":["Neutralize","Defend_G"]},{"damage_healed":0,"gold_gain":0,"player_choice":"Upgraded","damage_taken":0,"max_hp_gain":0,"max_hp_loss":0,"event_name":"Upgrade Shrine","floor":11,"gold_loss":0,"cards_upgraded":["Venomology"]}],"is_beta":false,"boss_relics":[],"items_purged_floors":[14],"is_endless":false,"potions_floor_spawned":[5,12,13],"killed_by":"Slime Boss","ascension_level":20}}