{"host":"mykjnfgvckiyjptv","time":1608287714,"event":{"mods":["2.2 Compatiblity","Act Like it!","Aspiration","BaseMod","Better Altar","Better Third Choice","BetterRewards","Card Forge","Custom Start","Dio Mod","Energized Spire","GifTheSpireLib","Gold Saver","Halation","Hermit","Hubris","Hyrulean Relics","Jedi Mod","Minty Spire (QoL Compilation)","Pale of the Ancients","Practice Mode","Replay The Spire","Shade Mod","Small Relic Pack","Spicy Shops","Spikes Relics","StSLib","Stuff the Spire","vexMod"],"gold_per_floor":[996,1006,1006,1017,1035,1060,1060,1060,1128,1147,1147,1147,1171,1171,1171,1270,1270,1291,1291,1341,1354,1379,624,624,639,639,639,639,679,679,742,742,831,831,844,865,940,990,332,332,332],"floor_reached":40,"playtime":2443,"items_purged":[],"score":1241,"play_id":"cb7c02d1-ac7a-4fb3-b3af-5a1fcd97c4cc","local_time":"20201218043514","is_ascension_mode":true,"campfire_choices":[{"floor":7,"key":"REST"},{"data":"StuffTheSpire:Coldhearted","floor":11,"key":"SMITH"},{"data":"jedi:cleanse","floor":24,"key":"SMITH"},{"floor":30,"key":"REST"},{"floor":32,"key":"RECALL"}],"circlet_count":0,"master_deck":["AscendersBane","Gash+1","Gash+1","Gash+1","Scrape+1","Go for the Eyes+1","hubris:DoWhile+1","Gash+1","Injury"],"relics":["Cracked Core","Hammer of Thor","Seething Fire","Anvil of the Gods","StuffTheSpire:PointBlank","hubris:MysteriousPyramids","hubris:Towel","aspiration:HummingbirdHeart","Golden Idol","halation:PinkSoulGem","Busted Crown","halation:Thesaurus","halation:AfternoonTea","halation:BottledLove","StuffTheSpire:Mouthbags","SsserpentHead","jedi:heavyjacket","aspiration:PoetsPen_weak","vexMod:InvisibilityCloak","Runic Capacitor","halation:Diary","vexMod:Dragonfruit"],"acts_visited":["Exordium","TheCity","TheBeyond"],"potions_floor_usage":[10,16,33,40],"damage_taken":[{"damage":1.0,"enemies":"Cultist","floor":1.0,"turns":3.0},{"damage":0.0,"enemies":"2 Louse","floor":2.0,"turns":3.0},{"damage":3,"enemies":"Small Slimes","floor":4,"turns":4},{"damage":0,"enemies":"Blue Slaver","floor":5,"turns":4},{"damage":20,"enemies":"Gremlin Nob","floor":6,"turns":4},{"damage":0,"enemies":"Gremlin Gang","floor":10,"turns":4},{"damage":0,"enemies":"2 Fungi Beasts","floor":13,"turns":3},{"damage":13,"enemies":"Fading Forest","floor":16,"turns":13},{"damage":3,"enemies":"2 Thieves","floor":18,"turns":2},{"damage":0,"enemies":"3 Byrds","floor":21,"turns":2},{"damage":0,"enemies":"3 Cultists","floor":22,"turns":3},{"damage":1,"enemies":"Snecko","floor":25,"turns":3},{"damage":0,"enemies":"Slavers","floor":29,"turns":2},{"damage":0,"enemies":"Chosen and Byrds","floor":31,"turns":2},{"damage":1,"enemies":"Champ","floor":33,"turns":6},{"damage":0,"enemies":"3 Darklings","floor":35,"turns":2},{"damage":35,"enemies":"3 Shapes","floor":36,"turns":1},{"damage":0,"enemies":"Transient","floor":37,"turns":2},{"damage":52,"enemies":"R_Hoarder","floor":40,"turns":8}],"seed_played":"8989348795063752034","potions_obtained":[{"floor":2.0,"key":"Adrenaline Potion"},{"floor":5,"key":"Block Potion"},{"floor":18,"key":"SpeedPotion"},{"floor":22,"key":"Weak Potion"},{"floor":35,"key":"Adrenaline Potion"}],"is_trial":false,"path_per_floor":["M","M","?","M","M","E","R","?","T","M","R","?","M","?","R","B",null,"M","?","?","M","M","$","R","M","T","?","?","E","R","M","R","B",null,"M","M","M","?","$","E"],"character_chosen":"DEFECT","items_purchased":["StuffTheSpire:PointBlank","Glacier","hubris:SlimyHat","halation:Thesaurus","Capacitor","jedi:cleanse","Survey Options","vexMod:InvisibilityCloak","Runic Capacitor","halation:Diary","vexMod:Dragonfruit"],"campfire_rested":2,"item_purchase_floors":[0,0,23,23,23,23,23,39,39,39,39],"current_hp_per_floor":[63,63,63,60,60,40,61,61,61,61,61,61,61,61,71,63,69,66,66,66,66,66,66,66,65,65,65,65,65,71,71,71,70,71,71,36,36,36,41,0,0],"gold":332,"neow_bonus":"","is_daily":false,"chose_seed":false,"campfire_upgraded":2,"win_rate":0.0,"timestamp":1608287714,"path_taken":["M","M","?","M","?","E","R","?","T","M","R","?","M","?","R","BOSS","M","?","?","?","M","$","R","M","T","?","?","E","R","?","R","BOSS","M","M","?","?","$","E"],"items_purchased_type":["Relic","Card","Relic","Relic","Card","Card","Card","Relic","Relic","Relic","Relic"],"build_version":"2020-12-13","purchased_purges":0,"victory":false,"max_hp_per_floor":[71,71,71,71,71,71,71,71,71,71,71,71,71,71,71,71,71,71,71,71,71,71,71,71,71,71,71,71,71,71,71,71,71,71,71,71,71,71,76,76,76],"card_choices":[{"not_picked":["Beam Cell","Stack"],"picked":"Gash","floor":1.0},{"not_picked":["StuffTheSpire:SnapShoot","FTL"],"picked":"Gash","floor":2.0},{"not_picked":["Turbo","Ball Lightning"],"picked":"Gash","floor":4},{"not_picked":["Cold Snap","Sweeping Beam","Redo"],"picked":"SKIP","floor":5},{"not_picked":["ReplaySolidLightProjector","Lockon","jedi:BurstLightning"],"picked":"SKIP","floor":6},{"not_picked":["Leap","Conserve Battery"],"picked":"StuffTheSpire:Coldhearted","floor":10},{"not_picked":["Stack","Reprogram"],"picked":"Sweeping Beam","floor":13},{"not_picked":["ReplayTheSpireMod:Fabricate Wheel","Buffer"],"picked":"ReplayTheSpireMod:Omega Cannon","floor":16},{"not_picked":[],"picked":"Sweeping Beam","floor":18},{"not_picked":["Stack"],"picked":"SKIP","floor":21},{"not_picked":[],"picked":"Beam Cell","floor":22},{"not_picked":["Turbo"],"picked":"SKIP","floor":25},{"not_picked":[],"picked":"All For One","floor":29},{"not_picked":["Panic Button+1"],"picked":"SKIP","floor":31},{"not_picked":[],"picked":"ReplayRNGCard","floor":33},{"not_picked":["Reprogram"],"picked":"SKIP","floor":35},{"not_picked":["StuffTheSpire:Synthwave"],"picked":"SKIP","floor":36},{"not_picked":["StuffTheSpire:Plugnplay"],"picked":"SKIP","floor":37}],"player_experience":432464,"relics_obtained":[{"floor":6,"key":"hubris:MysteriousPyramids"},{"floor":9,"key":"aspiration:HummingbirdHeart"},{"floor":26,"key":"halation:BottledLove"},{"floor":27,"key":"StuffTheSpire:Mouthbags"},{"floor":29,"key":"jedi:heavyjacket"}],"event_choices":[{"damage_healed":0.0,"max_hp_gain":0.0,"max_hp_loss":0.0,"gold_gain":0.0,"cards_transformed":["Strike_B"],"event_name":"Transmorgrifier","player_choice":"Transformed","floor":3.0,"gold_loss":0.0,"damage_taken":0.0,"cards_obtained":["Time Bomb"]},{"damage_healed":0,"gold_gain":0,"player_choice":"Take Wound","damage_taken":0,"relics_obtained":["Golden Idol"],"max_hp_gain":0,"max_hp_loss":0,"event_name":"Golden Idol","floor":12,"gold_loss":0,"cards_obtained":["Injury"]},{"damage_healed":0,"gold_gain":50,"player_choice":"Pray","damage_taken":0,"max_hp_gain":0,"max_hp_loss":0,"event_name":"Golden Shrine","floor":20,"gold_loss":0},{"damage_healed":0,"gold_gain":0,"player_choice":"Trade","damage_taken":0,"relics_obtained":["SsserpentHead"],"max_hp_gain":0,"max_hp_loss":0,"event_name":"FaceTrader","floor":28,"gold_loss":0}],"is_beta":false,"boss_relics":[{"not_picked":["Snecko Eye","Honey Jar"],"picked":"Busted Crown"},{"not_picked":["hubris:Stopwatch","halation:SmartPhone"],"picked":"aspiration:PoetsPen_weak"}],"items_purged_floors":[],"is_endless":false,"potions_floor_spawned":[2,5,18,22,31,35,37],"killed_by":"R_Hoarder","ascension_level":20}}