{"host":"erulnpr9qdnrfj6h","time":1608258013,"event":{"mods":["AchievementEnabler","BaseMod","Colored Map","Minty Spire (QoL Compilation)","Rare Cards Sparkle","SuperFastMode"],"gold_per_floor":[113,113,127,146,146,146,176,176,176,199,228,228,267,300,300,434,434,466,381,381,381,390,390,390],"floor_reached":23,"playtime":3311,"items_purged":[],"score":347,"play_id":"4eda03e1-a7cb-47fb-a196-3dd230444cab","local_time":"20201218112013","is_ascension_mode":true,"campfire_choices":[{"data":"Buffer","floor":6.0,"key":"SMITH"},{"data":"Blizzard","floor":8.0,"key":"SMITH"},{"floor":15,"key":"REST"}],"circlet_count":0,"master_deck":["Zap","Dualcast","Chaos","Undo","Chaos","Recycle","Hologram","Force Field","Reinforced Body","Buffer+1","Barrage","Redo","Blizzard+1","Heatsinks","Hello World","Hello World","Creative AI","Double Energy","Blizzard"],"relics":["Pandora\u0027s Box","Golden Idol","CeramicFish","Symbiotic Virus","Pear","Runic Pyramid","Dream Catcher","Lantern","MutagenicStrength"],"acts_visited":["Exordium","TheCity"],"potions_floor_usage":[],"damage_taken":[{"damage":0.0,"enemies":"Small Slimes","floor":1.0,"turns":6.0},{"damage":0.0,"enemies":"2 Louse","floor":3.0,"turns":4.0},{"damage":0.0,"enemies":"Jaw Worm","floor":4.0,"turns":6.0},{"damage":0.0,"enemies":"Looter","floor":10.0,"turns":3.0},{"damage":5,"enemies":"Large Slime","floor":11,"turns":6},{"damage":16,"enemies":"Gremlin Nob","floor":13,"turns":5},{"damage":35,"enemies":"Gremlin Gang","floor":14,"turns":6},{"damage":3,"enemies":"The Guardian","floor":16,"turns":13},{"damage":6,"enemies":"Spheric Guardian","floor":18,"turns":6},{"damage":33,"enemies":"Book of Stabbing","floor":23,"turns":6}],"seed_played":"-1619751956033318244","potions_obtained":[{"floor":3.0,"key":"Weak Potion"},{"floor":11,"key":"SteroidPotion"},{"floor":16,"key":"LiquidBronze"}],"is_trial":false,"path_per_floor":["M","?","M","M","?","R","?","R","T","M","M","?","E","M","R","B",null,"M","?","?","?","?","E"],"character_chosen":"DEFECT","items_purchased":[],"campfire_rested":1,"item_purchase_floors":[],"current_hp_per_floor":[68,68,68,68,68,68,68,68,68,68,63,63,57,22,45,42,70,64,64,64,64,64,31,31],"gold":390,"neow_bonus":"BOSS_RELIC","is_daily":false,"chose_seed":false,"campfire_upgraded":2,"win_rate":0.0,"timestamp":1608258013,"path_taken":["M","?","M","M","?","R","?","R","T","M","?","?","E","M","R","BOSS","M","?","?","?","?","E"],"items_purchased_type":[],"build_version":"2020-12-13","purchased_purges":0,"victory":false,"max_hp_per_floor":[75,75,75,75,69,69,69,69,69,69,69,69,79,79,79,79,79,79,79,79,79,79,79,79],"card_choices":[{"not_picked":["Go for the Eyes","Scrape"],"picked":"Barrage","floor":1.0},{"not_picked":["Rebound","Ball Lightning"],"picked":"Redo","floor":3.0},{"not_picked":["Cold Snap","Leap"],"picked":"Blizzard","floor":4.0},{"not_picked":["Force Field","Turbo"],"picked":"Heatsinks","floor":10.0},{"not_picked":["Conserve Battery","Compile Driver"],"picked":"Hello World","floor":11},{"not_picked":["Turbo","Rebound","Hyperbeam"],"picked":"SKIP","floor":13},{"not_picked":["Lockon","Turbo"],"picked":"Hello World","floor":14},{"not_picked":["Core Surge","Fission"],"picked":"Creative AI","floor":16},{"not_picked":["Force Field+1","Undo"],"picked":"Double Energy","floor":18}],"player_experience":178458,"relics_obtained":[{"floor":9.0,"key":"Symbiotic Virus"},{"floor":13,"key":"Pear"}],"event_choices":[{"damage_healed":0.0,"max_hp_gain":0.0,"max_hp_loss":0.0,"gold_gain":0.0,"event_name":"The Cleric","player_choice":"Leave","floor":2.0,"gold_loss":0.0,"damage_taken":0.0},{"damage_healed":0.0,"max_hp_gain":0.0,"max_hp_loss":6.0,"gold_gain":0.0,"event_name":"Golden Idol","player_choice":"Lose Max HP","floor":5.0,"gold_loss":0.0,"damage_taken":0.0,"relics_obtained":["Golden Idol"]},{"damage_healed":0.0,"max_hp_gain":0.0,"max_hp_loss":0.0,"gold_gain":30.0,"event_name":"Dead Adventurer","player_choice":"Searched \u00273\u0027 times","floor":7.0,"gold_loss":0.0,"damage_taken":0.0,"relics_obtained":["CeramicFish"]},{"damage_healed":0,"gold_gain":0,"player_choice":"Ignored","damage_taken":0,"max_hp_gain":0,"max_hp_loss":0,"event_name":"Golden Wing","floor":12,"gold_loss":0},{"damage_healed":0,"gold_gain":0,"player_choice":"Obtained Relic","damage_taken":0,"relics_obtained":["Dream Catcher"],"max_hp_gain":0,"max_hp_loss":0,"event_name":"Addict","floor":19,"gold_loss":85},{"damage_healed":0,"gold_gain":0,"player_choice":"Opened","damage_taken":0,"relics_obtained":["Lantern"],"max_hp_gain":0,"max_hp_loss":0,"event_name":"The Mausoleum","floor":20,"gold_loss":0},{"damage_healed":0,"gold_gain":0,"player_choice":"Inject Mutagens","damage_taken":0,"relics_obtained":["MutagenicStrength"],"max_hp_gain":0,"max_hp_loss":0,"event_name":"Drug Dealer","floor":21,"gold_loss":0},{"damage_healed":0,"gold_gain":0,"player_choice":"Read","damage_taken":0,"max_hp_gain":0,"max_hp_loss":0,"event_name":"The Library","floor":22,"gold_loss":0,"cards_obtained":["Blizzard"]}],"is_beta":false,"boss_relics":[{"not_picked":["Snecko Eye","Philosopher\u0027s Stone"],"picked":"Runic Pyramid"}],"items_purged_floors":[],"is_endless":false,"potions_floor_spawned":[3,11,16],"killed_by":"Book of Stabbing","ascension_level":9}}