{"host":"3xls0xm49ftugio7","time":1608293718,"event":{"mods":["2.2 Compatiblity","AchievementEnabler","Act Like it!","BaseMod","Colored Powertips","Downfall","GifTheSpireLib","Minty Spire (QoL Compilation)","Quick Restart","Relic Stats","StSLib"],"gold_per_floor":[99,110,110,20,38,66,66,77,94,19,4,4,16,26,40,142,142,142,177,277,277,362,362,362],"floor_reached":23,"playtime":1038,"items_purged":["hexamod:Haunted"],"score":265,"play_id":"7455c6a5-1eeb-4297-89ca-9c6af631c730","local_time":"20201218141518","is_ascension_mode":true,"campfire_choices":[{"data":"Slimebound:Split","floor":1,"key":"SMITH"},{"floor":10,"key":"REST"},{"data":"Slimebound:Overexert","floor":18,"key":"SMITH"},{"floor":21,"key":"REST"}],"circlet_count":0,"master_deck":["Slimebound:Tackle","Slimebound:Defend_Slimebound","Slimebound:Defend_Slimebound","Slimebound:Defend_Slimebound","Slimebound:Defend_Slimebound","Slimebound:Split+1","Slimebound:CorrosiveSpit","Slimebound:SplitAcid","Slimebound:Recycling","Slimebound:HungryTackle","Slimebound:RainOfGoop","Slimebound:LevelUp","Slimebound:Grow","Slimebound:DouseInSlime","Slimebound:ForwardTackle","Slimebound:ProtectTheBoss","Slimebound:Overexert+1","Slimebound:LeechLife","Slimebound:ServeAndProtect","Slimebound:PrepareCrush","J.A.X.","Slimebound:SamplingLick+1"],"relics":["Slimebound:AbsorbEndCombat","Kunai","Ornamental Fan","downfall:HeartBlessingBlue","Slimebound:TarBlob","Vajra","MutagenicStrength"],"acts_visited":["Exordium","TheCity"],"potions_floor_usage":[6,9,19],"damage_taken":[{"damage":15,"enemies":"Jaw Worm","floor":2,"turns":3},{"damage":17,"enemies":"downfall:FleeingMerchant","floor":4,"turns":4},{"damage":12,"enemies":"Small Slimes","floor":5,"turns":2},{"damage":50,"enemies":"Gremlin Nob","floor":6,"turns":3},{"damage":5,"enemies":"Cultist","floor":8,"turns":3},{"damage":36,"enemies":"Exordium Thugs","floor":9,"turns":4},{"damage":36,"enemies":"downfall:FleeingMerchant","floor":11,"turns":4},{"damage":15,"enemies":"Blue Slaver","floor":13,"turns":3},{"damage":28,"enemies":"Red Slaver","floor":14,"turns":3},{"damage":23,"enemies":"Exordium Thugs","floor":15,"turns":4},{"damage":96,"enemies":"downfall:Watcher","floor":16,"turns":9},{"damage":71,"enemies":"Gremlin Leader","floor":19,"turns":5},{"damage":55,"enemies":"downfall:Augmenter","floor":20,"turns":5},{"damage":66,"enemies":"Book of Stabbing","floor":23,"turns":4}],"seed_played":"4070770377653301397","potions_obtained":[{"floor":2,"key":"Fire Potion"},{"floor":5,"key":"AttackPotion"},{"floor":6,"key":"LiquidBronze"},{"floor":9,"key":"Explosive Potion"},{"floor":15,"key":"SpeedPotion"},{"floor":16,"key":"Guardian:BlockOnCardUsePotion"}],"is_trial":false,"path_per_floor":["R","M","?","$","M","E","T","M","M","R","$","?","M","M","M","B",null,"R","E","?","R","?","E"],"character_chosen":"SLIMEBOUND","items_purchased":[],"campfire_rested":2,"item_purchase_floors":[],"current_hp_per_floor":[72,69,51,52,54,36,36,39,17,51,49,49,48,42,35,17,82,82,55,32,56,44,0,0],"gold":362,"neow_bonus":"TWENTY_PERCENT_HP_BONUS","is_daily":false,"chose_seed":false,"campfire_upgraded":2,"win_rate":0.0,"timestamp":1608293718,"path_taken":["R","M","?","$","M","E","T","M","M","R","$","?","M","M","M","BOSS","R","E","?","R","?","E"],"items_purchased_type":[],"build_version":"2020-12-13","purchased_purges":1,"victory":false,"max_hp_per_floor":[72,72,72,72,72,72,72,72,72,82,82,82,82,82,82,82,82,82,82,82,82,82,82,82],"relic_stats":{"counters":[14,56],"Ornamental Fan":[0],"Kunai":[1],"obtain_stats":[{"Ornamental Fan":6,"downfall:HeartBlessingBlue":10,"MutagenicStrength":20,"Vajra":19,"Slimebound:AbsorbEndCombat":0,"Kunai":3,"Slimebound:TarBlob":17},{"Ornamental Fan":4,"downfall:HeartBlessingBlue":6,"MutagenicStrength":13,"Vajra":12,"Slimebound:AbsorbEndCombat":0,"Kunai":1,"Slimebound:TarBlob":11},{"Ornamental Fan":12,"downfall:HeartBlessingBlue":19,"MutagenicStrength":52,"Vajra":47,"Slimebound:AbsorbEndCombat":0,"Kunai":3,"Slimebound:TarBlob":42}]},"card_choices":[{"not_picked":["Slimebound:GrowthPunch","Slimebound:Schlurp"],"picked":"Slimebound:SplitAcid","floor":2},{"not_picked":["Slimebound:DivideAndConquer","Slimebound:GrowthPunch"],"picked":"Slimebound:Recycling","floor":4},{"not_picked":["Slimebound:SplitBruiser","Slimebound:SamplingLick"],"picked":"Slimebound:HungryTackle","floor":5},{"not_picked":["Slimebound:DisruptingSlam","Slimebound:PressTheAttack"],"picked":"Slimebound:RainOfGoop","floor":6},{"not_picked":["Slimebound:ComboTackle","Slimebound:ViciousTackle","Slimebound:Schlurp"],"picked":"SKIP","floor":8},{"not_picked":["Slimebound:LeechEnergy","Slimebound:ComboTackle"],"picked":"Slimebound:LevelUp","floor":9},{"not_picked":["Slimebound:SlimeSpikes","Slimebound:GoopSpray"],"picked":"Slimebound:Grow","floor":11},{"not_picked":["Slimebound:TongueLash","Slimebound:LeechingTouch"],"picked":"Slimebound:DouseInSlime","floor":13},{"not_picked":["Slimebound:LeechingTouch","Slimebound:RollThrough"],"picked":"Slimebound:ForwardTackle","floor":14},{"not_picked":["Slimebound:Gluttony","Slimebound:SplitLeeching"],"picked":"Slimebound:ProtectTheBoss","floor":15},{"not_picked":["Slimebound:OozeBath","Slimebound:DuplicatedForm"],"picked":"Slimebound:Overexert","floor":16},{"not_picked":["Slimebound:SplitBruiser+1","Slimebound:SlimeTap+1"],"picked":"Slimebound:LeechLife","floor":19},{"not_picked":[],"picked":"J.A.X.","floor":20},{"not_picked":["Slimebound:GoopSpray+1","Slimebound:ComboTackle"],"picked":"Slimebound:SamplingLick+1","floor":20}],"player_experience":820976,"relics_obtained":[{"floor":6,"key":"Ornamental Fan"},{"floor":19,"key":"Vajra"},{"floor":20,"key":"MutagenicStrength"}],"event_choices":[{"damage_healed":0,"gold_gain":0,"player_choice":"Success","damage_taken":18,"relics_obtained":["Kunai"],"max_hp_gain":0,"max_hp_loss":0,"event_name":"Scrap Ooze","floor":3,"gold_loss":0},{"cards_removed":["Slimebound:Strike_Slimebound"],"damage_healed":0,"gold_gain":0,"player_choice":"Card Removal","damage_taken":0,"max_hp_gain":0,"max_hp_loss":0,"event_name":"The Cleric","floor":12,"gold_loss":0}],"is_beta":false,"boss_relics":[{"not_picked":["Black Star","Runic Pyramid"],"picked":"Slimebound:TarBlob"}],"items_purged_floors":[4],"is_endless":false,"potions_floor_spawned":[2,5,6,9,15,16],"killed_by":"Book of Stabbing","ascension_level":3}}