{"host":"usrgk25etjl0nf5i","time":1608255805,"event":{"mods":["2.2 Compatiblity","BaseMod","Downfall","Hermit","Hubris","Minty Spire (QoL Compilation)","StSLib","SuperFastMode","The Disciple","The Hierophant"],"gold_per_floor":[115,135,135,66,80,107,26,55,128,148,148,164,164,193,193,289,289,300,300,300,327,327,354,364,364,364,389,402,402,402],"floor_reached":29,"playtime":1348,"items_purged":[],"score":422,"play_id":"e823b8db-3888-4d32-8ead-27ab7dc4caeb","local_time":"20201217174325","is_ascension_mode":true,"campfire_choices":[{"floor":11,"key":"REST"},{"floor":13,"key":"REST"},{"data":"Envenom","floor":15,"key":"SMITH"},{"floor":25,"key":"REST"}],"circlet_count":0,"master_deck":["AscendersBane","Strike_G","Strike_G","Strike_G","Strike_G","Strike_G+1","Defend_G+1","Defend_G","Defend_G","Defend_G","Defend_G","Survivor","Neutralize","Blade Dance","Dagger Throw","Backflip","Acrobatics","Envenom+1","Dodge and Roll","Bouncing Flask","Venomology","Bullet Time","Calculated Gamble","Blade Dance","Blur","Blade Dance","Dodge and Roll","Well Laid Plans+1","Cloak And Dagger"],"relics":["Ring of the Snake","Centennial Puzzle","Snake Skull","Gremlin Horn","Tiny Chest","White Beast Statue","Vajra","HoveringKite","Dream Catcher","MutagenicStrength","Boot","hubris:Potato","Potion Belt"],"acts_visited":["Exordium","TheCity"],"potions_floor_usage":[6,10,10,14,14,16,16,16,23,23,23,24,24,27,27,27,28,29,29],"damage_taken":[{"damage":1,"enemies":"Small Slimes","floor":1,"turns":4},{"damage":0,"enemies":"2 Louse","floor":2,"turns":2},{"damage":1,"enemies":"Cultist","floor":5,"turns":3},{"damage":23,"enemies":"Lagavulin","floor":6,"turns":9},{"damage":12,"enemies":"Gremlin Nob","floor":8,"turns":3},{"damage":0,"enemies":"Gremlin Gang","floor":10,"turns":5},{"damage":3,"enemies":"2 Fungi Beasts","floor":12,"turns":4},{"damage":13,"enemies":"3 Sentries","floor":14,"turns":8},{"damage":9,"enemies":"Hexaghost","floor":16,"turns":7},{"damage":0,"enemies":"Chosen","floor":18,"turns":4},{"damage":16,"enemies":"Slavers","floor":23,"turns":7},{"damage":2,"enemies":"2 Thieves","floor":24,"turns":3},{"damage":36,"enemies":"Gremlin Leader","floor":27,"turns":5},{"damage":12,"enemies":"Snake Plant","floor":28,"turns":4},{"damage":20,"enemies":"Centurion and Healer","floor":29,"turns":5}],"seed_played":"561891402662512942","potions_obtained":[{"floor":5,"key":"BlessingOfTheForge"},{"floor":8,"key":"EntropicBrew"},{"floor":10,"key":"LiquidBronze"},{"floor":12,"key":"Swift Potion"},{"floor":14,"key":"AttackPotion"},{"floor":16,"key":"ColorlessPotion"},{"floor":18,"key":"Guardian:BlockOnCardUsePotion"},{"floor":23,"key":"PowerPotion"},{"floor":24,"key":"Slimebound:ThreeZeroPotion"},{"floor":27,"key":"Guardian:BlockOnCardUsePotion"},{"floor":28,"key":"SkillPotion"}],"is_trial":false,"path_per_floor":["M","M","?","?","M","E","$","E","T","M","R","M","R","E","R","B",null,"M","?","?","T","?","E","M","R","T","E","M","M"],"character_chosen":"THE_SILENT","items_purchased":["Envenom"],"campfire_rested":3,"item_purchase_floors":[7],"current_hp_per_floor":[62,62,48,48,47,24,24,12,12,12,33,30,51,38,38,29,60,60,60,60,60,60,44,42,63,63,27,15,0,0],"gold":402,"neow_bonus":"RANDOM_COMMON_RELIC","is_daily":false,"chose_seed":false,"campfire_upgraded":1,"win_rate":0.0,"timestamp":1608255805,"path_taken":["M","M","?","?","?","E","$","E","T","?","R","M","R","E","R","BOSS","M","?","?","?","?","E","M","R","T","E","M","M"],"items_purchased_type":["Card"],"build_version":"2020-12-13","purchased_purges":0,"victory":false,"max_hp_per_floor":[70,70,70,70,70,70,70,70,70,70,70,70,70,70,70,70,70,70,70,70,70,70,70,70,70,70,70,70,70,70],"card_choices":[{"not_picked":["Backflip","Catalyst"],"picked":"Blade Dance","floor":1},{"not_picked":["Catalyst","Flying Knee"],"picked":"Dagger Throw","floor":2},{"not_picked":["Blade Dance","Doppelganger"],"picked":"Backflip","floor":5},{"not_picked":["Sucker Punch","Flechettes"],"picked":"Acrobatics","floor":6},{"not_picked":["Expertise","Outmaneuver","Flechettes"],"picked":"SKIP","floor":8},{"not_picked":["Flying Knee","Riddle With Holes"],"picked":"Dodge and Roll","floor":10},{"not_picked":["Deflect","Outmaneuver"],"picked":"Bouncing Flask","floor":12},{"not_picked":["Prepared","Predator"],"picked":"Venomology","floor":14},{"not_picked":["Doppelganger","Grand Finale"],"picked":"Bullet Time","floor":16},{"not_picked":["Tactician","Predator"],"picked":"Calculated Gamble","floor":18},{"not_picked":["Bane","Deflect"],"picked":"Blur","floor":23},{"not_picked":["Underhanded Strike","Bane"],"picked":"Blade Dance","floor":24},{"not_picked":["Deadly Poison+1","Acrobatics"],"picked":"Dodge and Roll","floor":25},{"not_picked":["Riddle With Holes","Burst"],"picked":"Well Laid Plans+1","floor":27},{"not_picked":["Choke+1","hubris:SlightOfHand"],"picked":"Cloak And Dagger","floor":28}],"player_experience":653923,"relics_obtained":[{"floor":6,"key":"Gremlin Horn"},{"floor":8,"key":"Tiny Chest"},{"floor":9,"key":"White Beast Statue"},{"floor":14,"key":"Vajra"},{"floor":21,"key":"Dream Catcher"},{"floor":23,"key":"Boot"},{"floor":26,"key":"hubris:Potato"},{"floor":27,"key":"Potion Belt"}],"event_choices":[{"damage_healed":0,"gold_gain":0,"player_choice":"Entered Light","damage_taken":14,"max_hp_gain":0,"max_hp_loss":0,"event_name":"Shining Light","floor":3,"gold_loss":0,"cards_upgraded":["Strike_G","Defend_G"]},{"damage_healed":0,"gold_gain":0,"player_choice":"Paid Gold","damage_taken":0,"relics_obtained":["Snake Skull"],"max_hp_gain":0,"max_hp_loss":0,"event_name":"WeMeetAgain","floor":4,"gold_loss":69},{"damage_healed":0,"gold_gain":0,"player_choice":"Read","damage_taken":0,"max_hp_gain":0,"max_hp_loss":0,"event_name":"The Library","floor":19,"gold_loss":0,"cards_obtained":["Blade Dance"]},{"damage_healed":0,"gold_gain":0,"player_choice":"Inject Mutagens","damage_taken":0,"relics_obtained":["MutagenicStrength"],"max_hp_gain":0,"max_hp_loss":0,"event_name":"Drug Dealer","floor":22,"gold_loss":0}],"is_beta":false,"boss_relics":[{"not_picked":["hubris:HollowSoul","hubris:RunicObelisk"],"picked":"HoveringKite"}],"items_purged_floors":[],"is_endless":false,"potions_floor_spawned":[5,8,10,12,14,16,18,23,24,27,28],"killed_by":"Centurion and Healer","ascension_level":10}}