{"host":"2lrkmsuh7nz013qb","time":1608271640,"event":{"mods":["BaseMod","Colored Map","DeckTracker","Minty Spire (QoL Compilation)","SuperFastMode","everything is the same but u backflip on backflip"],"gold_per_floor":[116,136,136,149,167,167,177,204,241,273,285,297,297],"floor_reached":12,"playtime":400,"items_purged":[],"score":164,"play_id":"7b512671-ea06-4f2b-a57b-f582173f495d","local_time":"20201218150720","is_ascension_mode":true,"campfire_choices":[{"data":"Eviscerate","floor":6,"key":"SMITH"},{"data":"Phantasmal Killer","floor":11,"key":"SMITH"}],"circlet_count":0,"master_deck":["AscendersBane","Strike_G","Strike_G","Strike_G","Strike_G","Defend_G","Defend_G","Defend_G","Defend_G","Defend_G","Survivor","Neutralize","Quick Slash","Dagger Spray+1","Underhanded Strike","Eviscerate+1","Backflip","Phantasmal Killer+1","Calculated Gamble"],"relics":["Ring of the Snake","MawBank","Oddly Smooth Stone"],"acts_visited":["Exordium"],"potions_floor_usage":[5,8,12],"damage_taken":[{"damage":2,"enemies":"Small Slimes","floor":1,"turns":5},{"damage":0,"enemies":"Cultist","floor":2,"turns":3},{"damage":0,"enemies":"Jaw Worm","floor":4,"turns":4},{"damage":0,"enemies":"Exordium Thugs","floor":5,"turns":3},{"damage":2,"enemies":"2 Fungi Beasts","floor":7,"turns":4},{"damage":30,"enemies":"Gremlin Nob","floor":8,"turns":4},{"damage":1,"enemies":"Blue Slaver","floor":10,"turns":3},{"damage":24,"enemies":"3 Sentries","floor":12,"turns":5}],"seed_played":"2471062097966642298","potions_obtained":[{"floor":4,"key":"FearPotion"},{"floor":5,"key":"Swift Potion"},{"floor":10,"key":"Block Potion"}],"is_trial":false,"path_per_floor":["M","M","?","M","M","R","M","E","T","M","R","E"],"character_chosen":"THE_SILENT","items_purchased":[],"campfire_rested":0,"item_purchase_floors":[],"current_hp_per_floor":[57,57,57,57,57,57,55,25,25,24,24,0,0],"gold":297,"neow_bonus":"TRANSFORM_CARD","is_daily":false,"chose_seed":false,"campfire_upgraded":2,"win_rate":0.0,"timestamp":1608271640,"path_taken":["M","M","?","M","M","R","?","E","T","M","R","E"],"items_purchased_type":[],"build_version":"2020-12-13","purchased_purges":0,"victory":false,"max_hp_per_floor":[66,66,66,66,66,66,66,66,66,66,66,66,66],"card_choices":[{"not_picked":["Poisoned Stab","Bouncing Flask"],"picked":"Dagger Spray","floor":1},{"not_picked":["Deadly Poison","Tactician"],"picked":"Underhanded Strike","floor":2},{"not_picked":["Dagger Spray","Accuracy"],"picked":"Eviscerate","floor":4},{"not_picked":["Cloak And Dagger","All Out Attack"],"picked":"Backflip","floor":5},{"not_picked":["Eviscerate","Underhanded Strike","Infinite Blades"],"picked":"SKIP","floor":7},{"not_picked":["Backstab","Heel Hook"],"picked":"Phantasmal Killer","floor":8},{"not_picked":["Outmaneuver","Cloak And Dagger"],"picked":"Calculated Gamble","floor":10}],"player_experience":672350,"relics_obtained":[{"floor":8,"key":"MawBank"},{"floor":9,"key":"Oddly Smooth Stone"}],"event_choices":[{"damage_healed":0,"gold_gain":0,"player_choice":"Forge","damage_taken":0,"max_hp_gain":0,"max_hp_loss":0,"event_name":"Accursed Blacksmith","floor":3,"gold_loss":0,"cards_upgraded":["Dagger Spray"]}],"is_beta":false,"boss_relics":[],"items_purged_floors":[],"is_endless":false,"potions_floor_spawned":[4,5,10],"killed_by":"3 Sentries","ascension_level":20}}