{"host":"ieyuautd1s8ltypj","time":1608296839,"event":{"mods":["Act Like it!","BaseMod","Colored Powertips","Friendly Minions","Gensokyo","Hermit","Hubris","Infinite Spire","Jorbs\u0027s Wanderer Trilogy","Kiyohime????","Koishi","Marisa????????","Minty Spire (QoL Compilation)","Reimu??????","Remilia??????","Replay The Spire","StSLib","The Construct","The Cursed","The Disciple","The Hierophant","The Necromancer","The Servant 0.9.4"],"gold_per_floor":[112,39,51,51,71,71,86,37,64,64,76,76,89,105,105,200,200,216,216,216,216],"floor_reached":20,"playtime":1455,"items_purged":[],"score":166,"play_id":"df86cbf1-1a24-43be-b780-2ea72db9f64d","local_time":"20201219000719","is_ascension_mode":false,"campfire_choices":[{"data":"FitfulNightmare","floor":6,"key":"SMITH"},{"data":"DiffusionOfMisfortune","floor":10,"key":"SMITH"},{"data":"ScarletImprint","floor":12,"key":"SMITH"},{"data":"ScarletMeister","floor":15,"key":"SMITH"}],"circlet_count":0,"master_deck":["Strike_RM","Strike_RM","Strike_RM","Strike_RM","Defend_RM","Defend_RM","Defend_RM","Defend_RM","RedMoon","ScarletShoot","MiserableFate","FitfulNightmare+1","Maim","ScarletMeister+1","DiffusionOfMisfortune+1","ScarletImprint+1","EndlessAdversity","TricksterDevil+1","ScarletNetherworld+1","ScarletNetherworld+1","BombardNight","Ultimatum"],"relics":["ScarletHat","hubris:Towel","RuthlessExorcism:ReiMu","Replay:Grab Bag","Philosopher\u0027s Stone","Sozu","Astrolabe","hubris:Backtick","ReplayFunnel"],"acts_visited":["Exordium","Gensokyo:Gensokyo"],"potions_floor_usage":[5],"damage_taken":[{"damage":0,"enemies":"Gensokyo:2_Kodama","floor":1,"turns":4},{"damage":0,"enemies":"Gensokyo:Python","floor":3,"turns":6},{"damage":0,"enemies":"Gensokyo:3_Fairies","floor":5,"turns":5},{"damage":0,"enemies":"Gensokyo:Gryphon_and_Rabbit","floor":7,"turns":7},{"damage":8,"enemies":"Gensokyo:CorruptedTreant","floor":11,"turns":3},{"damage":7,"enemies":"Gensokyo:3_Kodama","floor":13,"turns":7},{"damage":0,"enemies":"Gensokyo:Python_and_Kodama","floor":14,"turns":2},{"damage":36,"enemies":"Gensokyo:Reimu","floor":16,"turns":11},{"damage":30,"enemies":"Gensokyo:AngelMirror","floor":18,"turns":4}],"seed_played":"-6370081925424408919","potions_obtained":[{"floor":3,"key":"Block Potion"},{"floor":7,"key":"construct:ShiftPotion"}],"is_trial":false,"path_per_floor":["M","$","M","?","M","R","M","$","T","R","M","R","M","M","R","B",null,"M","?","$"],"character_chosen":"REMILIA","items_purchased":["FitfulNightmare","DiffusionOfMisfortune"],"campfire_rested":0,"item_purchase_floors":[2,8],"current_hp_per_floor":[82,82,82,82,82,82,82,82,82,82,76,76,71,71,71,58,82,53,53,53,53],"gold":216,"neow_bonus":"TEN_PERCENT_HP_BONUS","is_daily":false,"chose_seed":false,"campfire_upgraded":4,"win_rate":0.0,"timestamp":1608296839,"path_taken":["M","?","M","?","M","R","M","?","T","R","M","R","M","M","R","BOSS","M","?","$"],"items_purchased_type":["Card","Card"],"build_version":"2020-12-13","purchased_purges":0,"victory":false,"max_hp_per_floor":[82,82,82,82,82,82,82,82,82,82,82,82,82,82,82,82,82,82,82,82,82],"card_choices":[{"not_picked":["MastersStateliness","FavorOfDestiny"],"picked":"MiserableFate","floor":1},{"not_picked":["FavorOfDestiny","EndlessAdversity"],"picked":"Maim","floor":3},{"not_picked":["RedNightlessCastle","VampireClaw"],"picked":"ScarletMeister","floor":5},{"not_picked":["Ultimatum","NightDance"],"picked":"UnstableMagic","floor":7},{"not_picked":["FavorOfDestiny","UnderTheZenith"],"picked":"ScarletImprint","floor":11},{"not_picked":["UnstableMagic","NightDance"],"picked":"BombardNight","floor":13},{"not_picked":["UnstableMagic","BloodAndWine"],"picked":"EndlessAdversity","floor":14},{"not_picked":["ChaoticDestiny","HellCatastrophe"],"picked":"ForecastOfChange","floor":16},{"not_picked":["ScarletDream","GlobalNightmare"],"picked":"BombardNight","floor":18}],"player_experience":97294,"relics_obtained":[{"floor":9,"key":"RuthlessExorcism:ReiMu"}],"event_choices":[],"is_beta":false,"boss_relics":[{"not_picked":["Replay:Drink Me","infinitespire:Cupcake"],"picked":"Replay:Grab Bag"},{"not_picked":["Runic Dome","APieceOfRedMist"],"picked":"Philosopher\u0027s Stone"},{"not_picked":["hubris:VirtuousBlindfold","hubris:TerracottaHorce"],"picked":"Sozu"},{"not_picked":["Black Star","construct:WeddingRing"],"picked":"Astrolabe"},{"not_picked":["SlaversCollar","Snecko Eye"],"picked":"hubris:Backtick"}],"items_purged_floors":[],"is_endless":false,"potions_floor_spawned":[3,7],"ascension_level":0}}