{"host":"z7h0k8blg7jrnodm","time":1608333714,"event":{"mods":["BaseMod","Challenge The Spire","Colored Map","Colored Powertips","Custom Start","Key Reminder","Minty Spire (QoL Compilation)","Quick Restart","Random Character Button","Relic Stats","StSLib","SuperFastMode","Unceasing Turn Reminder"],"gold_per_floor":[112,127,138,138,63,63,5,36,118,141,141,166,166,185,185,185,185],"floor_reached":16,"playtime":266,"items_purged":[],"score":204,"play_id":"c74587f1-99f5-4a4f-a4cb-08c444e9bb6c","local_time":"20201219012154","is_ascension_mode":true,"campfire_choices":[{"data":"Streamline","floor":6,"key":"SMITH"},{"data":"Zap","floor":11,"key":"SMITH"},{"floor":13,"key":"REST"},{"data":"Beam Cell","floor":15,"key":"SMITH"}],"circlet_count":0,"master_deck":["AscendersBane","Strike_B","Strike_B","Strike_B","Defend_B","Defend_B","Defend_B","Defend_B","Zap+1","Dualcast","Conserve Battery","Gash","Streamline+1","Beam Cell+1","Electrodynamics","Gash","Gash","Capacitor"],"relics":["Cracked Core","Happy Flower","Golden Idol","Akabeko","Question Card"],"acts_visited":["Exordium"],"potions_floor_usage":[8,16,16],"damage_taken":[{"damage":1,"enemies":"Small Slimes","floor":1,"turns":4},{"damage":8,"enemies":"2 Louse","floor":2,"turns":3},{"damage":0,"enemies":"Jaw Worm","floor":3,"turns":4},{"damage":31,"enemies":"Gremlin Nob","floor":8,"turns":4},{"damage":2,"enemies":"Red Slaver","floor":10,"turns":2},{"damage":4,"enemies":"Looter","floor":12,"turns":2},{"damage":2,"enemies":"2 Fungi Beasts","floor":14,"turns":2},{"damage":36,"enemies":"The Guardian","floor":16,"turns":9}],"seed_played":"-6441992386904301950","potions_obtained":[{"floor":3,"key":"AttackPotion"},{"floor":10,"key":"Swift Potion"},{"floor":12,"key":"GamblersBrew"}],"is_trial":false,"path_per_floor":["M","M","M","?","?","R","$","E","T","M","R","M","R","M","R","B"],"character_chosen":"DEFECT","items_purchased":["Beam Cell"],"campfire_rested":1,"item_purchase_floors":[7],"current_hp_per_floor":[63,55,55,55,55,55,55,24,24,22,22,18,37,35,35,0,0],"gold":185,"neow_bonus":"RANDOM_COMMON_RELIC","is_daily":false,"chose_seed":false,"campfire_upgraded":3,"win_rate":0.0,"timestamp":1608333714,"path_taken":["M","M","M","?","?","R","$","E","T","M","R","M","R","M","R","BOSS"],"items_purchased_type":["Card"],"build_version":"2020-12-13","purchased_purges":0,"victory":false,"max_hp_per_floor":[71,71,71,64,64,64,64,64,64,64,64,64,64,64,64,64,64],"relic_stats":{"Happy Flower":[10],"counters":[8,30],"Golden Idol":20,"Question Card":3,"obtain_stats":[{"Happy Flower":0,"Golden Idol":4,"Cracked Core":0,"Question Card":9,"Akabeko":8},{"Happy Flower":0,"Golden Idol":3,"Cracked Core":0,"Question Card":4,"Akabeko":4},{"Happy Flower":0,"Golden Idol":11,"Cracked Core":0,"Question Card":15,"Akabeko":15}]},"card_choices":[{"not_picked":["Stack","Rebound"],"picked":"Conserve Battery","floor":1},{"not_picked":["Turbo","Beam Cell"],"picked":"Gash","floor":2},{"not_picked":["Storm","Melter"],"picked":"Streamline","floor":3},{"not_picked":["Doom and Gloom","Beam Cell"],"picked":"Electrodynamics","floor":8},{"not_picked":["Redo","Conserve Battery","Turbo"],"picked":"Gash","floor":10},{"not_picked":["Streamline","Hello World","White Noise"],"picked":"Gash","floor":12},{"not_picked":["Cold Snap","Streamline","Hologram"],"picked":"Capacitor","floor":14}],"player_experience":279624,"relics_obtained":[{"floor":8,"key":"Akabeko"},{"floor":9,"key":"Question Card"}],"event_choices":[{"damage_healed":0,"gold_gain":0,"player_choice":"Lose Max HP","damage_taken":0,"relics_obtained":["Golden Idol"],"max_hp_gain":0,"max_hp_loss":7,"event_name":"Golden Idol","floor":4,"gold_loss":0},{"cards_removed":["Strike_B"],"damage_healed":0,"gold_gain":0,"player_choice":"Card Removal","damage_taken":0,"max_hp_gain":0,"max_hp_loss":0,"event_name":"The Cleric","floor":5,"gold_loss":75}],"is_beta":false,"boss_relics":[],"items_purged_floors":[],"is_endless":false,"potions_floor_spawned":[3,10,12],"killed_by":"The Guardian","ascension_level":20}}