{"host":"0cnf9zf1gia27zti","time":1608319633,"event":{"mods":["BaseMod","BetterRewards","Card Forge","Colored Map","Colored Powertips","Conspire","Downfall","Minty Spire (QoL Compilation)","Practice Mode","Quick Restart","Replay The Spire","Robot Space Explorer","Shade Mod","Spicy Shops","StSLib"],"gold_per_floor":[117,135,135,61,125,125,149,149,149,149,149,151,176,176,176,267,267,267,267],"floor_reached":18,"playtime":2685,"items_purged":["Replay:Hysterical Blindness"],"score":248,"play_id":"a61d1ff5-347c-4d8e-9539-334e95d5cbc8","local_time":"20201218192713","is_ascension_mode":true,"campfire_choices":[{"floor":6,"key":"REST"},{"floor":8,"key":"REST"},{"data":"Zap","floor":11,"key":"SMITH"},{"floor":15,"key":"REST"}],"circlet_count":0,"master_deck":["AscendersBane","Strike_B","Strike_B","Strike_B+1","Strike_B","Defend_B","Defend_B","Defend_B","Defend_B","Zap+1","Dualcast","Gash+1","ReplayGash+1","All For One","Pot Of Greed","Pot Of Greed","Echo Form"],"relics":["Cracked Core","Hammer of Thor","Seething Fire","Anvil of the Gods","Replay:Bottled Eggs","Turnip","Golden Idol","Grinning Jar","Lantern","Bronze Scales","ReplayTheSpireMod:CursedCoin","Whetstone","Darkstone Periapt","SacredBark"],"acts_visited":["Exordium","TheCity"],"potions_floor_usage":[16],"damage_taken":[{"damage":0,"enemies":"Small Slimes","floor":1,"turns":2},{"damage":7,"enemies":"Jaw Worm","floor":2,"turns":3},{"damage":0,"enemies":"2 Louse","floor":13,"turns":1},{"damage":56,"enemies":"Hexaghost","floor":16,"turns":8},{"damage":23,"enemies":"Shell Parasite","floor":18,"turns":4}],"seed_played":"-2276019640753973544","potions_obtained":[{"floor":2,"key":"EssenceOfDarkness"},{"floor":16,"key":"sneckomod:MuddlingPotion"}],"is_trial":false,"path_per_floor":["M","M","?","$","?","R","T","R","T","?","R","$","M","?","R","B",null,"M"],"character_chosen":"DEFECT","items_purchased":["Gash","Replay:Bottled Eggs","ReplayGash","All For One","Turnip","Grinning Jar","ReplayTheSpireMod:CursedCoin","Whetstone"],"campfire_rested":3,"item_purchase_floors":[0,0,0,0,0,4,12,12],"current_hp_per_floor":[32,25,25,25,25,44,44,63,63,63,63,63,63,56,66,10,52,29,29],"gold":267,"neow_bonus":"","is_daily":false,"chose_seed":false,"campfire_upgraded":1,"win_rate":0.0,"timestamp":1608319633,"path_taken":["M","M","?","$","?","R","?","R","T","?","R","$","?","?","R","BOSS","M"],"items_purchased_type":["Card","Relic","Card","Card","Relic","Relic","Relic","Relic"],"build_version":"2020-12-13","purchased_purges":1,"victory":false,"max_hp_per_floor":[71,71,66,66,66,66,66,66,66,66,66,66,66,66,66,66,66,66,66],"card_choices":[{"not_picked":["Ball Lightning","Stack","Static Discharge"],"picked":"SKIP","floor":1},{"not_picked":["Steam","Coolheaded","Streamline"],"picked":"SKIP","floor":2},{"not_picked":["Hologram","Lockon","Steam"],"picked":"SKIP","floor":13},{"not_picked":["Multi-Cast","Meteor Strike"],"picked":"Echo Form","floor":16}],"player_experience":2139685,"relics_obtained":[{"floor":7,"key":"Lantern"},{"floor":9,"key":"Bronze Scales"}],"event_choices":[{"damage_healed":0,"gold_gain":0,"player_choice":"Lose Max HP","damage_taken":0,"relics_obtained":["Golden Idol"],"max_hp_gain":0,"max_hp_loss":5,"event_name":"Golden Idol","floor":3,"gold_loss":0},{"damage_healed":0,"gold_gain":64,"player_choice":"Gained Gold","damage_taken":0,"max_hp_gain":0,"max_hp_loss":0,"event_name":"Golden Wing","floor":5,"gold_loss":0},{"damage_healed":0,"gold_gain":0,"player_choice":"Leave","damage_taken":0,"max_hp_gain":0,"max_hp_loss":0,"event_name":"conspire:Investor","floor":10,"gold_loss":0},{"damage_healed":0,"gold_gain":0,"player_choice":"Success","damage_taken":7,"relics_obtained":["Darkstone Periapt"],"max_hp_gain":0,"max_hp_loss":0,"event_name":"Scrap Ooze","floor":14,"gold_loss":0}],"is_beta":false,"boss_relics":[{"not_picked":["Painkiller Herb","ChewingGum"],"picked":"SacredBark"}],"items_purged_floors":[12],"is_endless":false,"potions_floor_spawned":[2,16],"killed_by":"Shell Parasite","ascension_level":14}}