{"host":"msepye59htvs4aw4","time":1608323346,"event":{"mods":["BaseMod","Colored Map","DeckTracker","Highlight Path","Minty Spire (QoL Compilation)","Shop Mod","StSLib","SuperFastMode"],"gold_per_floor":[112,89,100,100,117,117,143,160,160,160,179,189,189,201,201,279,279,261,34,34,34,52,52,52,52],"floor_reached":24,"playtime":749,"items_purged":[],"score":347,"play_id":"19468e46-a7f6-4323-8ab3-ef62cdad5740","local_time":"20201218212906","is_ascension_mode":true,"campfire_choices":[{"data":"Poisoned Stab","floor":6,"key":"SMITH"},{"floor":10,"key":"REST"},{"floor":13,"key":"REST"},{"data":"Leg Sweep","floor":15,"key":"SMITH"},{"floor":23,"key":"REST"}],"circlet_count":0,"master_deck":["AscendersBane","Strike_G+1","Strike_G+1","Strike_G+1","Strike_G+1","Strike_G+1","Defend_G+1","Defend_G+1","Defend_G+1","Defend_G+1","Survivor","Neutralize","Backflip","Poisoned Stab+1","Dodge and Roll","PiercingWail","Dash","Leg Sweep+1","Venomology","Dagger Spray","Catalyst","Venomology","Underhanded Strike"],"relics":["Ring of the Snake","Mercury Hourglass","Dream Catcher","Pantograph","SlaversCollar","DollysMirror"],"acts_visited":["Exordium","TheCity"],"potions_floor_usage":[7,16,16,18,18,22,22,24,24],"damage_taken":[{"damage":0,"enemies":"Cultist","floor":1,"turns":4},{"damage":3,"enemies":"Jaw Worm","floor":3,"turns":7},{"damage":4,"enemies":"Small Slimes","floor":5,"turns":3},{"damage":19,"enemies":"Lagavulin","floor":7,"turns":7},{"damage":0,"enemies":"Red Slaver","floor":8,"turns":5},{"damage":6,"enemies":"Gremlin Gang","floor":11,"turns":4},{"damage":4,"enemies":"Lots of Slimes","floor":12,"turns":4},{"damage":1,"enemies":"3 Louse","floor":14,"turns":3},{"damage":62,"enemies":"Hexaghost","floor":16,"turns":17},{"damage":20,"enemies":"2 Thieves","floor":18,"turns":4},{"damage":16,"enemies":"3 Byrds","floor":22,"turns":4},{"damage":42,"enemies":"Centurion and Healer","floor":24,"turns":14}],"seed_played":"3664430084206388640","potions_obtained":[{"floor":1,"key":"Energy Potion"},{"floor":7,"key":"Swift Potion"},{"floor":12,"key":"Explosive Potion"},{"floor":16,"key":"AttackPotion"}],"is_trial":false,"path_per_floor":["M","$","M","T","M","R","E","M","T","R","M","M","R","M","R","B",null,"M","$","?","?","M","R","M"],"character_chosen":"THE_SILENT","items_purchased":["Poisoned Stab","Catalyst","DollysMirror"],"campfire_rested":3,"item_purchase_floors":[2,19,19],"current_hp_per_floor":[65,65,62,62,58,58,39,39,39,60,54,50,71,70,70,10,57,37,37,37,37,21,42,0,0],"gold":52,"neow_bonus":"TEN_PERCENT_HP_BONUS","is_daily":false,"chose_seed":false,"campfire_upgraded":2,"win_rate":0.0,"timestamp":1608323346,"path_taken":["M","?","M","?","?","R","E","M","T","R","M","M","R","M","R","BOSS","M","$","?","?","?","R","?"],"items_purchased_type":["Card","Card","Relic"],"build_version":"2020-12-13","purchased_purges":0,"victory":false,"max_hp_per_floor":[72,72,72,72,72,72,72,72,72,72,72,72,72,72,72,72,72,72,72,72,72,72,72,72,72],"card_choices":[{"not_picked":["Cloak And Dagger","Blade Dance"],"picked":"Backflip","floor":1},{"not_picked":["Infinite Blades","Prepared","Masterful Stab"],"picked":"SKIP","floor":3},{"not_picked":["Endless Agony","Acrobatics","Sucker Punch"],"picked":"SKIP","floor":5},{"not_picked":["Quick Slash","Concentrate","Expertise"],"picked":"SKIP","floor":7},{"not_picked":["Blade Dance","Sucker Punch"],"picked":"Dodge and Roll","floor":8},{"not_picked":["Dash","Blade Dance"],"picked":"PiercingWail","floor":10},{"not_picked":["Setup","Deflect"],"picked":"Dash","floor":11},{"not_picked":["Skewer","Backflip","Deflect"],"picked":"SKIP","floor":12},{"not_picked":["Slice","Malaise"],"picked":"Leg Sweep","floor":14},{"not_picked":["Storm of Steel","Envenom"],"picked":"Venomology","floor":16},{"not_picked":["PiercingWail","Flying Knee+1"],"picked":"Dagger Spray","floor":18},{"not_picked":["Backflip","Underhanded Strike","Flechettes"],"picked":"SKIP","floor":22}],"player_experience":1599734,"relics_obtained":[{"floor":4,"key":"Mercury Hourglass"},{"floor":7,"key":"Dream Catcher"},{"floor":9,"key":"Pantograph"}],"event_choices":[{"damage_healed":0,"gold_gain":0,"player_choice":"Simplicity","damage_taken":0,"max_hp_gain":0,"max_hp_loss":0,"event_name":"Back to Basics","floor":20,"gold_loss":0,"cards_upgraded":["Strike_G","Strike_G","Strike_G","Strike_G","Strike_G","Defend_G","Defend_G","Defend_G","Defend_G","Defend_G"]},{"damage_healed":0,"gold_gain":0,"cards_transformed":["Defend_G"],"player_choice":"Transformed","damage_taken":0,"max_hp_gain":0,"max_hp_loss":0,"event_name":"Transmorgrifier","floor":21,"gold_loss":0,"cards_obtained":["Underhanded Strike"]}],"is_beta":false,"boss_relics":[{"not_picked":["Coffee Dripper","Snecko Eye"],"picked":"SlaversCollar"}],"items_purged_floors":[],"is_endless":false,"potions_floor_spawned":[1,7,12,14,16],"killed_by":"Centurion and Healer","ascension_level":15}}