{"host":"jolg1n27y0xvdyb4","time":1608270224,"event":{"mods":["2.2 Compatiblity","AchievementEnabler","Act Like it!","BaseMod","Better Altar","Better Match","Better Note","Better Sensory Stone","Better Skull","Better Third Choice","Better Vampires","Block Reminder","Colored Map","Downfall","Gremlin Mod","Hermit","Jorbs\u0027s Wanderer Trilogy","Minty Spire (QoL Compilation)","SIMod","StSLib","The Blackbeard","The Blue Laboratory","The Bug Knight","The Hierophant","The Jungle","The Necromancer","The Wild Card"],"gold_per_floor":[113,130,142,142,157,157,172,172,196,213,230,245,245,265,265,362,362,378,388,400,400,400,400],"floor_reached":22,"playtime":1324,"items_purged":[],"score":269,"play_id":"ea1bde4e-37ed-49e9-88ad-c3a00d7e2f29","local_time":"20201217234344","is_ascension_mode":true,"campfire_choices":[{"data":"Terror","floor":6,"key":"SMITH"},{"data":"Blade Dance","floor":8,"key":"SMITH"},{"floor":15,"key":"REST"}],"circlet_count":0,"master_deck":["Strike_G","Strike_G","Strike_G","Defend_G","Defend_G","Defend_G","Defend_G","Survivor","Neutralize","Blade Dance+1","Prepared","Caltrops","Terror+1","Blade Dance","Choke","Cloak And Dagger+1"],"relics":["Empty Cage","HollowMod:PaleOreRelic","SacredBark"],"acts_visited":["Exordium","TheCity"],"potions_floor_usage":[7,14,16,18,19,19,20],"damage_taken":[{"damage":3,"enemies":"Cultist","floor":1,"turns":5},{"damage":9,"enemies":"2 Louse","floor":2,"turns":3},{"damage":0,"enemies":"Small Slimes","floor":3,"turns":3},{"damage":7,"enemies":"Exordium Wildlife","floor":5,"turns":5},{"damage":0,"enemies":"Exordium Thugs","floor":7,"turns":4},{"damage":24,"enemies":"Large Slime","floor":10,"turns":5},{"damage":0,"enemies":"2 Fungi Beasts","floor":11,"turns":2},{"damage":0,"enemies":"Exordium Wildlife","floor":12,"turns":3},{"damage":0,"enemies":"Gremlin Gang","floor":14,"turns":3},{"damage":0,"enemies":"Slime Boss","floor":16,"turns":4},{"damage":0,"enemies":"3 Byrds","floor":18,"turns":3},{"damage":21,"enemies":"Shell Parasite","floor":19,"turns":4},{"damage":31,"enemies":"3 Cultists","floor":20,"turns":4},{"damage":31,"enemies":"Chosen and Byrds","floor":22,"turns":4}],"seed_played":"7933378951677189436","potions_obtained":[{"floor":2,"key":"sneckomod:MuddlingPotion"},{"floor":5,"key":"Block Potion"},{"floor":10,"key":"SteroidPotion"},{"floor":12,"key":"Weak Potion"},{"floor":13,"key":"CultistPotion"},{"floor":13,"key":"Block Potion"},{"floor":16,"key":"Fire Potion"},{"floor":18,"key":"PowerPotion"},{"floor":19,"key":"SteroidPotion"}],"is_trial":false,"path_per_floor":["M","M","M","?","M","R","M","R","T","M","M","M","?","M","R","B",null,"M","M","M","?","M"],"character_chosen":"THE_SILENT","items_purchased":[],"campfire_rested":1,"item_purchase_floors":[],"current_hp_per_floor":[67,58,58,58,51,51,51,51,51,27,27,27,27,27,48,48,70,70,49,18,18,0,0],"gold":400,"neow_bonus":"BOSS_RELIC","is_daily":false,"chose_seed":false,"campfire_upgraded":2,"win_rate":0.0,"timestamp":1608270224,"path_taken":["M","M","?","?","M","R","M","R","T","M","M","?","?","M","R","BOSS","M","M","M","?","M"],"items_purchased_type":[],"build_version":"2020-12-13","purchased_purges":0,"victory":false,"max_hp_per_floor":[70,70,70,70,70,70,70,70,70,70,70,70,70,70,70,70,70,70,70,70,70,70,70],"card_choices":[{"not_picked":["Poisoned Stab","Cloak And Dagger"],"picked":"Blade Dance","floor":1},{"not_picked":["Predator","Underhanded Strike","Slice"],"picked":"SKIP","floor":2},{"not_picked":["Predator","Eviscerate"],"picked":"Prepared","floor":3},{"not_picked":["Deadly Poison","Underhanded Strike"],"picked":"Terror","floor":5},{"not_picked":["Bouncing Flask","Bane"],"picked":"Blade Dance","floor":7},{"not_picked":["Masterful Stab","Noxious Fumes","Storm of Steel"],"picked":"SKIP","floor":10},{"not_picked":["Expertise","Poisoned Stab"],"picked":"Choke","floor":11},{"not_picked":["Bane","Quick Slash","Prepared"],"picked":"SKIP","floor":12},{"not_picked":["Masterful Stab","Dagger Spray","Prepared"],"picked":"SKIP","floor":14},{"not_picked":["Prepared","Dagger Throw","Underhanded Strike"],"picked":"SKIP","floor":18},{"not_picked":["Dagger Throw","Choke"],"picked":"Cloak And Dagger+1","floor":19},{"not_picked":["Well Laid Plans","Poisoned Stab","Sucker Punch"],"picked":"SKIP","floor":20}],"player_experience":411532,"relics_obtained":[{"floor":9,"key":"HollowMod:PaleOreRelic"}],"event_choices":[{"damage_healed":0,"gold_gain":0,"cards_transformed":["Defend_G"],"player_choice":"Transformed","damage_taken":0,"max_hp_gain":0,"max_hp_loss":0,"event_name":"Transmorgrifier","floor":4,"gold_loss":0,"cards_obtained":["Caltrops"]},{"damage_healed":0,"gold_gain":0,"player_choice":"Got Potions","damage_taken":0,"max_hp_gain":0,"max_hp_loss":0,"event_name":"Lab","floor":13,"gold_loss":0},{"damage_healed":0,"gold_gain":0,"player_choice":"Ignored","damage_taken":0,"max_hp_gain":0,"max_hp_loss":0,"event_name":"betterNote:BetterNote","floor":21,"gold_loss":0,"cards_obtained":["Limit Break"]}],"is_beta":false,"boss_relics":[{"not_picked":["Snecko Eye","HoveringKite"],"picked":"SacredBark"}],"items_purged_floors":[],"is_endless":false,"potions_floor_spawned":[2,5,10,12,16,18,19],"killed_by":"Chosen and Byrds","ascension_level":3}}