{"host":"2461dio7vetlq1z3","time":1608262509,"event":{"mods":["2.2 Compatiblity","AchievementEnabler","BaseMod","Better Third Choice","Hermit","Minty Spire (QoL Compilation)","Relic Stats","Spicy Shops","StSLib","The Animator","Waifu the Spire"],"gold_per_floor":[109,127,127,137,152,177,177,189,189,199,233,260,260,285,285,359,359,340,351,276,295,57,57,87,87,87,87,87,115,115,15,15,89,89,106,106,0,20,20,20,33,33,33,45,62,87,133,52,52,52,52,52,52,84,84],"floor_reached":56,"playtime":3078,"items_purged":["Phantasmal Killer+1","Dagger Spray+1"],"score":2060,"play_id":"1ac6f5f4-570c-47c6-a8ff-37de33a25b5e","local_time":"20201218043509","is_ascension_mode":true,"campfire_choices":[{"floor":7,"key":"REST"},{"data":"Deadly Poison","floor":13,"key":"SMITH"},{"floor":15,"key":"REST"},{"floor":23,"key":"REST"},{"floor":25,"key":"REST"},{"data":"After Image","floor":28,"key":"SMITH"},{"data":"Well Laid Plans","floor":30,"key":"SMITH"},{"data":"Footwork","floor":32,"key":"SMITH"},{"floor":40,"key":"RECALL"},{"data":"Footwork","floor":42,"key":"SMITH"},{"data":"Bouncing Flask","floor":49,"key":"SMITH"},{"floor":52,"key":"REST"}],"circlet_count":0,"master_deck":["AscendersBane","Survivor","Neutralize+1","Blur","Predator","Bouncing Flask+1","Blur","Deadly Poison+1","Dodge and Roll+1","Malaise+1","Doppelganger+1","PiercingWail+1","Well Laid Plans+1","Tools of the Trade","Blur+1","Footwork+1","Footwork+1","Dodge and Roll+1","Bouncing Flask+1","After Image+1","Tactician+1","Doppelganger+1","Infinite Blades+1","Bane+1","Adrenaline+1","Catalyst+1","Backflip+1","Dodge and Roll+1","Dodge and Roll+1","Acrobatics+1","Malaise+1"],"relics":["Runic Dome","Bottled Lightning","Toxic Egg 2","Pen Nib","Molten Egg 2","Pandora\u0027s Box","Oddly Smooth Stone","Torii","Potion Belt","Astrolabe","Red Mask","Mercury Hourglass","Bird Faced Urn","The Specimen","Nunchaku"],"acts_visited":["Exordium","TheCity","TheBeyond","TheEnding"],"potions_floor_usage":[5,14,16,24,33,47,50,55,55,55],"damage_taken":[{"damage":0,"enemies":"Small Slimes","floor":1,"turns":3},{"damage":0,"enemies":"Cultist","floor":2,"turns":5},{"damage":1,"enemies":"2 Louse","floor":4,"turns":3},{"damage":0,"enemies":"Looter","floor":5,"turns":4},{"damage":34,"enemies":"3 Sentries","floor":6,"turns":13},{"damage":6,"enemies":"3 Louse","floor":8,"turns":3},{"damage":0,"enemies":"Blue Slaver","floor":10,"turns":3},{"damage":2,"enemies":"Lagavulin","floor":11,"turns":9},{"damage":20,"enemies":"3 Sentries","floor":14,"turns":7},{"damage":2,"enemies":"Hexaghost","floor":16,"turns":8},{"damage":31,"enemies":"2 Thieves","floor":18,"turns":4},{"damage":0,"enemies":"Shell Parasite","floor":19,"turns":5},{"damage":0,"enemies":"3 Cultists","floor":21,"turns":2},{"damage":32,"enemies":"Slavers","floor":24,"turns":6},{"damage":0,"enemies":"Book of Stabbing","floor":29,"turns":7},{"damage":9,"enemies":"Automaton","floor":33,"turns":12},{"damage":0,"enemies":"Orb Walker","floor":35,"turns":5},{"damage":1,"enemies":"3 Shapes","floor":38,"turns":7},{"damage":17,"enemies":"Writhing Mass","floor":41,"turns":7},{"damage":9,"enemies":"3 Darklings","floor":44,"turns":6},{"damage":0,"enemies":"Spire Growth","floor":45,"turns":5},{"damage":1,"enemies":"Mind Bloom Boss Battle","floor":46,"turns":7},{"damage":15,"enemies":"2 Orb Walkers","floor":47,"turns":6},{"damage":0,"enemies":"Time Eater","floor":50,"turns":16},{"damage":24,"enemies":"Shield and Spear","floor":54,"turns":8},{"damage":6,"enemies":"The Heart","floor":55,"turns":14}],"seed_played":"-6303504082520944196","potions_obtained":[{"floor":1,"key":"GamblersBrew"},{"floor":8,"key":"PowerPotion"},{"floor":11,"key":"AttackPotion"},{"floor":16,"key":"LiquidBronze"},{"floor":19,"key":"BlessingOfTheForge"},{"floor":24,"key":"EssenceOfSteel"},{"floor":29,"key":"BlessingOfTheForge"},{"floor":33,"key":"Ancient Potion"},{"floor":45,"key":"SkillPotion"},{"floor":54,"key":"PowerPotion"}],"is_trial":false,"path_per_floor":["M","M","?","M","M","E","R","M","T","M","E","T","R","E","R","B",null,"M","M","?","M","$","R","E","R","T","?","R","E","R","$","R","B",null,"M","?","?","M","$","R","M","R","T","M","M","?","?","$","R","B",null,"R","$","E","B",null],"character_chosen":"THE_SILENT","items_purchased":["Footwork","Dodge and Roll+1","Bouncing Flask+1","EssenceOfSteel"],"campfire_rested":5,"item_purchase_floors":[22,22,22,48],"current_hp_per_floor":[59,59,59,58,58,24,43,37,37,37,35,35,35,15,34,32,58,27,27,27,27,27,46,14,33,33,33,33,33,33,33,33,24,56,56,56,56,55,55,55,38,38,38,29,29,28,21,21,21,33,56,63,63,47,53],"gold":84,"neow_bonus":"BOSS_RELIC","is_daily":false,"chose_seed":false,"campfire_upgraded":6,"win_rate":0.0,"timestamp":1608262509,"path_taken":["M","M","?","?","?","E","R","M","T","M","E","?","R","E","R","BOSS","M","?","?","M","$","R","E","R","T","?","R","E","R","$","R","BOSS","M","?","?","?","?","R","M","R","T","M","M","?","?","?","R","BOSS","R","$","E","BOSS"],"items_purchased_type":["Card","Card","Card","Potion"],"build_version":"2020-12-13","purchased_purges":2,"victory":true,"max_hp_per_floor":[66,66,66,66,66,66,66,66,66,66,66,66,66,66,66,66,66,66,66,66,66,66,66,66,66,66,66,66,66,66,66,66,66,66,66,63,63,63,63,63,63,63,63,63,63,63,63,63,63,63,63,63,63,63,63],"relic_stats":{"Nunchaku":[0],"Torii":24,"counters":[26,175],"Astrolabe":["Infinite Blades","Bane","Adrenaline"],"Bird Faced Urn":[40],"Pandora\u0027s Box":["Dagger Spray","Doppelganger","Phantasmal Killer","Caltrops","Prepared","Envenom","All Out Attack","PiercingWail","Well Laid Plans","Tools of the Trade"],"Pen Nib":[11],"obtain_stats":[{"Potion Belt":29,"Torii":26,"The Specimen":47,"Astrolabe":34,"Oddly Smooth Stone":24,"Pen Nib":12,"Mercury Hourglass":43,"Runic Dome":0,"Nunchaku":54,"Bird Faced Urn":46,"Molten Egg 2":14,"Pandora\u0027s Box":17,"Red Mask":37,"Bottled Lightning":6,"Toxic Egg 2":11,"Ring of the Snake":0},{"Potion Belt":15,"Torii":14,"The Specimen":23,"Astrolabe":16,"Oddly Smooth Stone":14,"Pen Nib":8,"Mercury Hourglass":19,"Runic Dome":0,"Nunchaku":25,"Bird Faced Urn":22,"Molten Egg 2":9,"Pandora\u0027s Box":10,"Red Mask":17,"Bottled Lightning":5,"Toxic Egg 2":8,"Ring of the Snake":0},{"Potion Belt":82,"Torii":75,"The Specimen":137,"Astrolabe":94,"Oddly Smooth Stone":75,"Pen Nib":43,"Mercury Hourglass":113,"Runic Dome":0,"Nunchaku":161,"Bird Faced Urn":131,"Molten Egg 2":50,"Pandora\u0027s Box":58,"Red Mask":99,"Bottled Lightning":28,"Toxic Egg 2":43,"Ring of the Snake":0}],"Mercury Hourglass":[208]},"card_choices":[{"not_picked":["Concentrate","Underhanded Strike"],"picked":"Cloak And Dagger","floor":1},{"not_picked":["Tactician","Distraction"],"picked":"Blur","floor":2},{"not_picked":["Blade Dance","Poisoned Stab"],"picked":"Predator","floor":4},{"not_picked":["Dodge and Roll","Choke"],"picked":"Bouncing Flask","floor":5},{"not_picked":["Endless Agony","Quick Slash","Infinite Blades"],"picked":"SKIP","floor":6},{"not_picked":["Cloak And Dagger","Dash"],"picked":"Blur","floor":8},{"not_picked":["Cloak And Dagger","Underhanded Strike"],"picked":"Deadly Poison","floor":10},{"not_picked":["Endless Agony","Backstab","Dagger Throw"],"picked":"SKIP","floor":11},{"not_picked":["Endless Agony","Backstab","Dagger Throw"],"picked":"SKIP","floor":11},{"not_picked":["Deflect+1","Terror+1"],"picked":"Dodge and Roll+1","floor":14},{"not_picked":["Phantasmal Killer+1","Storm of Steel+1"],"picked":"Malaise+1","floor":16},{"not_picked":["Prepared+1","Outmaneuver+1"],"picked":"Blur+1","floor":18},{"not_picked":["Flying Knee+1","Deflect+1"],"picked":"Footwork","floor":19},{"not_picked":["Choke+1","Eviscerate+1","Terror+1"],"picked":"SKIP","floor":21},{"not_picked":["Finisher+1","Prepared+1","Dagger Throw+1"],"picked":"SKIP","floor":24},{"not_picked":["Dagger Spray+1","Riddle With Holes+1"],"picked":"Tactician+1","floor":29},{"not_picked":["Envenom","Unload+1"],"picked":"Doppelganger+1","floor":33},{"not_picked":["Outmaneuver+1","Slice+1","Dagger Spray+1"],"picked":"SKIP","floor":35},{"not_picked":["Acrobatics+1","PiercingWail+1"],"picked":"Catalyst+1","floor":38},{"not_picked":["Flying Knee+1","Dagger Spray+1"],"picked":"Backflip+1","floor":41},{"not_picked":["Backstab+1","Prepared+1","Dagger Spray+1"],"picked":"SKIP","floor":44},{"not_picked":["Sucker Punch+1","Deadly Poison+1"],"picked":"Dodge and Roll+1","floor":45},{"not_picked":["Sucker Punch+1","Deadly Poison+1"],"picked":"Dodge and Roll+1","floor":46},{"not_picked":["Escape Plan+1","Outmaneuver+1"],"picked":"Acrobatics+1","floor":47},{"not_picked":["Flying Knee+1","Blade Dance+1"],"picked":"Malaise+1","floor":54}],"player_experience":785223,"relics_obtained":[{"floor":6,"key":"Bottled Lightning"},{"floor":11,"key":"Toxic Egg 2"},{"floor":12,"key":"Pen Nib"},{"floor":14,"key":"Molten Egg 2"},{"floor":24,"key":"Oddly Smooth Stone"},{"floor":26,"key":"Torii"},{"floor":29,"key":"Potion Belt"},{"floor":43,"key":"Mercury Hourglass"},{"floor":46,"key":"Bird Faced Urn"},{"floor":47,"key":"The Specimen"},{"floor":54,"key":"Nunchaku"}],"event_choices":[{"damage_healed":0,"gold_gain":0,"player_choice":"Upgraded","damage_taken":0,"max_hp_gain":0,"max_hp_loss":0,"event_name":"Upgrade Shrine","floor":3,"gold_loss":0,"cards_upgraded":["Neutralize"]},{"cards_removed":["Prepared"],"damage_healed":0,"gold_gain":0,"player_choice":"Gave Gold","damage_taken":0,"max_hp_gain":0,"max_hp_loss":0,"event_name":"Beggar","floor":20,"gold_loss":75},{"damage_healed":0,"gold_gain":0,"cards_transformed":["Envenom","Cloak And Dagger"],"player_choice":"Became Test Subject","damage_taken":0,"max_hp_gain":0,"max_hp_loss":0,"event_name":"Drug Dealer","floor":27,"gold_loss":0,"cards_obtained":["Dagger Throw","After Image"]},{"damage_healed":0,"gold_gain":0,"player_choice":"Max HP","damage_taken":0,"max_hp_gain":0,"max_hp_loss":3,"event_name":"Winding Halls","floor":36,"gold_loss":0},{"damage_healed":0,"gold_gain":0,"player_choice":"Paid","damage_taken":0,"relics_obtained":["Red Mask"],"max_hp_gain":0,"max_hp_loss":0,"event_name":"Tomb of Lord Red Mask","floor":37,"gold_loss":106},{"damage_healed":0,"gold_gain":0,"player_choice":"Fight","damage_taken":0,"max_hp_gain":0,"max_hp_loss":0,"event_name":"MindBloom","floor":46,"gold_loss":0},{"damage_healed":0,"gold_gain":0,"player_choice":"Fight","damage_taken":0,"max_hp_gain":0,"max_hp_loss":0,"event_name":"Mysterious Sphere","floor":47,"gold_loss":0}],"is_beta":false,"boss_relics":[{"not_picked":["Runic Pyramid","Black Star"],"picked":"Pandora\u0027s Box"},{"not_picked":["Coffee Dripper","Empty Cage"],"picked":"Astrolabe"}],"items_purged_floors":[22,31],"is_endless":false,"potions_floor_spawned":[1,8,11,16,19,24,29,33,45,54],"ascension_level":16}}