{"host":"0cv5mirso6od0j56","time":1608317886,"event":{"mods":["AchievementEnabler","BaseMod","DeckTracker","Lobotomy","Minty Spire (QoL Compilation)","SuperFastMode"],"gold_per_floor":[109,109,123,142,152,152,10,10,79,79,91,105,105,122,122,122,122],"floor_reached":16,"playtime":558,"items_purged":["Defend_R"],"score":94,"play_id":"aadfb12a-dc71-4246-bd5c-ab9ef074d4e4","local_time":"20201219035806","is_ascension_mode":false,"campfire_choices":[{"data":"Warcry","floor":6,"key":"SMITH"},{"data":"Entrench","floor":8,"key":"SMITH"},{"data":"Flame Barrier","floor":10,"key":"SMITH"},{"data":"Shrug It Off","floor":13,"key":"SMITH"},{"data":"Carnage","floor":15,"key":"SMITH"}],"circlet_count":0,"master_deck":["Strike_R","Strike_R","Strike_R","Strike_R","Defend_R","Defend_R","Defend_R","Bash","Finesse","Carnage+1","Entrench+1","Warcry+1","Flame Barrier+1","Shrug It Off+1","True Grit"],"relics":["Burning Blood","Question Card"],"acts_visited":["Exordium"],"potions_floor_usage":[16,16],"damage_taken":[{"damage":11,"enemies":"Jaw Worm","floor":1,"turns":4},{"damage":1,"enemies":"Cultist","floor":3,"turns":3},{"damage":0,"enemies":"2 Louse","floor":4,"turns":2},{"damage":8,"enemies":"Large Slime","floor":5,"turns":5},{"damage":16,"enemies":"Lots of Slimes","floor":11,"turns":5},{"damage":11,"enemies":"3 Louse","floor":12,"turns":6},{"damage":0,"enemies":"Exordium Wildlife","floor":14,"turns":3},{"damage":74,"enemies":"Slime Boss","floor":16,"turns":13}],"seed_played":"8337486220754566176","potions_obtained":[{"floor":3,"key":"EssenceOfSteel"},{"floor":4,"key":"LiquidMemories"},{"floor":11,"key":"Fruit Juice"}],"is_trial":false,"path_per_floor":["M","?","M","M","M","R","$","R","T","R","M","M","R","M","R","B"],"character_chosen":"IRONCLAD","items_purchased":["Flame Barrier"],"campfire_rested":0,"item_purchase_floors":[7],"current_hp_per_floor":[75,75,80,80,78,78,78,78,78,78,68,63,63,69,69,0,0],"gold":122,"neow_bonus":"RANDOM_COLORLESS","is_daily":false,"chose_seed":false,"campfire_upgraded":5,"win_rate":0.0,"timestamp":1608317886,"path_taken":["M","?","M","M","?","R","$","R","T","R","M","M","R","M","R","BOSS"],"items_purchased_type":["Card"],"build_version":"2020-12-13","purchased_purges":1,"victory":false,"max_hp_per_floor":[80,80,80,80,80,80,80,80,80,80,80,80,80,80,80,85,85],"card_choices":[{"not_picked":["Deep Breath","Madness"],"picked":"Finesse","floor":0},{"not_picked":["Sword Boomerang","Infernal Blade"],"picked":"Carnage","floor":1},{"not_picked":["Clothesline","Whirlwind"],"picked":"Entrench","floor":3},{"not_picked":["Dual Wield","Cleave"],"picked":"Warcry","floor":4},{"not_picked":["Disarm","Whirlwind","Sword Boomerang"],"picked":"SKIP","floor":5},{"not_picked":["Wild Strike","Flex","Thunderclap"],"picked":"Shrug It Off","floor":11},{"not_picked":["Combust","Twin Strike","Heavy Blade"],"picked":"True Grit","floor":12},{"not_picked":["Thunderclap","Sever Soul","Wild Strike","Immolate"],"picked":"SKIP","floor":14}],"player_experience":40898,"relics_obtained":[{"floor":9,"key":"Question Card"}],"event_choices":[{"cards_removed":["Strike_R"],"damage_healed":0,"gold_gain":0,"player_choice":"Offered Basic","damage_taken":0,"max_hp_gain":0,"max_hp_loss":0,"event_name":"Bonfire Elementals","floor":2,"gold_loss":0}],"is_beta":false,"boss_relics":[],"items_purged_floors":[7],"is_endless":false,"potions_floor_spawned":[3,4,11],"killed_by":"Slime Boss","ascension_level":0}}