{"host":"qw1m3zcvi888b4j7","time":1608325737,"event":{"mods":["AchievementEnabler","Act Like it!","BaseMod","Block Reminder","Colored Map","Colored Powertips","Curses Come First","DeckTracker","Gensokyo","Hermit","Highlight Path","Hubris","Marisa????????","Minty Spire (QoL Compilation)","Quick Restart","Rare Cards Sparkle","Relic Sorter","Relic Stats","Replay The Spire","StSLib","SuperFastMode","The Blue Laboratory","The Cursed","The Servant 0.9.4","everything is the same but u backflip on backflip"],"gold_per_floor":[109,129,38,38,38,38,38,66,92,92,34,46,46,64,64,167,167,177,42,247,259,274,274,302,314,326,350,390,402,402],"floor_reached":29,"playtime":1037,"items_purged":["Languid"],"score":274,"play_id":"c6afd9a4-b40e-40af-8374-d37b6171f849","local_time":"20201218220857","is_ascension_mode":true,"campfire_choices":[{"floor":6.0,"key":"RECALL"},{"floor":10.0,"key":"REST"},{"floor":13.0,"key":"REST"},{"floor":15.0,"key":"REST"},{"floor":23,"key":"REST"},{"floor":25,"key":"REST"}],"circlet_count":0,"master_deck":["Zap+1","Dualcast","Sweeping Beam","ReplayGash","FTL+1","Leap+1","Defragment","ReplayTheSpireMod:Calculation Training","Defragment+1","Conserve Battery","Ball Lightning","Core Surge+1","Buffer","Fission","hubris:SpecializedCircuitry","Glacier","Fission","Rebound","Reboot","Sunder","Ball Lightning","Scrape+1","Genetic Algorithm","Cold Snap+1","Reprogram","BootSequence+1","Gash","Melter"],"relics":["Cracked Core","Ring of Fury","ReplayTheSpireMod:Ring of Exchange","Question Card","Gremlin Food","Pandora\u0027s Box","MawBank","Du-Vu Doll","Pocketwatch"],"acts_visited":["Exordium","TheCity"],"potions_floor_usage":[24,24,27,28],"damage_taken":[{"damage":10.0,"enemies":"Small Slimes","floor":1.0,"turns":2.0},{"damage":1.0,"enemies":"Jaw Worm","floor":2.0,"turns":4.0},{"damage":31.0,"enemies":"Lagavulin","floor":8.0,"turns":7.0},{"damage":0.0,"enemies":"Cultist","floor":12.0,"turns":3.0},{"damage":4.0,"enemies":"Looter","floor":14.0,"turns":3.0},{"damage":42.0,"enemies":"Hexaghost","floor":16.0,"turns":7.0},{"damage":10,"enemies":"3 Byrds","floor":18,"turns":4},{"damage":0,"enemies":"Spheric Guardian","floor":21,"turns":3},{"damage":0,"enemies":"Cultist and Chosen","floor":22,"turns":6},{"damage":40,"enemies":"Slavers","floor":24,"turns":4},{"damage":4,"enemies":"Shelled Parasite and Fungi","floor":27,"turns":4},{"damage":45,"enemies":"Book of Stabbing","floor":28,"turns":6},{"damage":7,"enemies":"Snake Plant","floor":29,"turns":2}],"seed_played":"5325230357554577946","potions_obtained":[{"floor":1.0,"key":"FearPotion"},{"floor":14.0,"key":"Languid Potion"},{"floor":16.0,"key":"blueLaboratory:PolymorphPotion"},{"floor":21,"key":"Dexterity Potion"},{"floor":24,"key":"Strength Potion"}],"is_trial":false,"path_per_floor":["M","M","$","?","?","R","?","E","T","R","$","M","R","M","R","B",null,"M","$","?","M","M","R","E","R","T","M","E","M"],"character_chosen":"DEFECT","items_purchased":["Leap","Defragment","Defragment+1","Scrape+1"],"campfire_rested":5,"item_purchase_floors":[3,3,11,19],"current_hp_per_floor":[65,64,64,64,64,64,57,26,26,48,48,48,70,66,75,33,75,65,65,47,47,47,69,29,51,51,47,2,0,0],"gold":402,"neow_bonus":"THREE_CARDS","is_daily":false,"chose_seed":false,"campfire_upgraded":0,"win_rate":0.0,"timestamp":1608325737,"path_taken":["M","M","$","?","?","R","?","E","T","R","$","?","R","?","R","BOSS","M","$","?","M","M","R","E","R","T","M","E","M"],"items_purchased_type":["Card","Card","Card","Card"],"build_version":"2020-12-13","purchased_purges":1,"victory":false,"max_hp_per_floor":[75,75,75,75,75,75,75,75,75,75,75,75,75,75,75,75,75,75,75,75,75,75,75,75,75,75,75,75,75,75],"relic_stats":{"counters":[13,55],"Pandora\u0027s Box":["Buffer","Fission","hubris:SpecializedCircuitry","Glacier","Fission","Rebound","Reboot","Sunder"],"Question Card":11,"MawBank":60,"obtain_stats":[{"Gremlin Food":8,"Du-Vu Doll":26,"ReplayTheSpireMod:Ring of Exchange":4,"Ring of Fury":4,"Pandora\u0027s Box":17,"Cracked Core":0,"Question Card":5,"MawBank":24,"Pocketwatch":28},{"Gremlin Food":3,"Du-Vu Doll":10,"ReplayTheSpireMod:Ring of Exchange":2,"Ring of Fury":2,"Pandora\u0027s Box":6,"Cracked Core":0,"Question Card":2,"MawBank":10,"Pocketwatch":12},{"Gremlin Food":13,"Du-Vu Doll":43,"ReplayTheSpireMod:Ring of Exchange":6,"Ring of Fury":6,"Pandora\u0027s Box":26,"Cracked Core":0,"Question Card":6,"MawBank":43,"Pocketwatch":53}],"Pocketwatch":[0]},"card_choices":[{"not_picked":["Rebound","Streamline"],"picked":"Sweeping Beam","floor":0.0},{"not_picked":["Coolheaded","Barrage"],"picked":"ReplayGash","floor":1.0},{"not_picked":["Sweeping Beam","Leap"],"picked":"FTL","floor":2.0},{"not_picked":["Storm","ReplayGash","Gash"],"picked":"ReplayTheSpireMod:Calculation Training","floor":8.0},{"not_picked":["FIFO Queue","Compile Driver","Undo"],"picked":"Conserve Battery","floor":12.0},{"not_picked":["hubris:Ukulele","Sweeping Beam","Cold Snap"],"picked":"Ball Lightning","floor":14.0},{"not_picked":["Rainbow","Mirror Shield","hubris:SpecializedCircuitry"],"picked":"Core Surge","floor":16.0},{"not_picked":["Glacier","Barrage+1","Blizzard"],"picked":"Ball Lightning","floor":18},{"not_picked":["ReplayTheSpireMod:Repulse","Loop","Barrage+1"],"picked":"Genetic Algorithm","floor":20},{"not_picked":["Conserve Battery","Mirror Shield","Rebound"],"picked":"Cold Snap+1","floor":21},{"not_picked":["Coolheaded","Conserve Battery","Self Repair"],"picked":"Reprogram","floor":22},{"not_picked":["Genetic Algorithm","FIFO Queue+1","hubris:SpecializedCircuitry"],"picked":"BootSequence+1","floor":24},{"not_picked":["Beam Cell","Conserve Battery+1","Streamline"],"picked":"Gash","floor":27},{"not_picked":["Chaos","Conserve Battery","Static Discharge+1"],"picked":"Melter","floor":28}],"player_experience":118571,"relics_obtained":[{"floor":4.0,"key":"Ring of Fury"},{"floor":4.0,"key":"ReplayTheSpireMod:Ring of Exchange"},{"floor":8.0,"key":"Gremlin Food"},{"floor":24,"key":"MawBank"},{"floor":26,"key":"Du-Vu Doll"},{"floor":28,"key":"Pocketwatch"}],"event_choices":[{"damage_healed":0.0,"max_hp_gain":0.0,"max_hp_loss":0.0,"gold_gain":0.0,"event_name":"Big Fish","player_choice":"Box","floor":5.0,"gold_loss":0.0,"damage_taken":0.0,"relics_obtained":["Question Card"],"cards_obtained":["Regret"]},{"cards_removed":["Regret"],"damage_healed":0.0,"max_hp_gain":0.0,"max_hp_loss":0.0,"gold_gain":0.0,"event_name":"Golden Wing","player_choice":"Card Removal","floor":7.0,"gold_loss":0.0,"damage_taken":7.0}],"is_beta":false,"boss_relics":[{"not_picked":["HandDrill","hubris:HollowSoul"],"picked":"Pandora\u0027s Box"}],"items_purged_floors":[19],"is_endless":false,"potions_floor_spawned":[1,14,16,21,24],"killed_by":"Snake Plant","ascension_level":1}}