{"host":"01t6jpmmvexppwnf","time":1608285074,"event":{"mods":["AchievementEnabler","Act Like it!","BaseMod","Better-Laid Plans","BetterRewards","Colored Map","Colored Powertips","Conspire","Hallownest","Minty Spire (QoL Compilation)","Permanent Neow","Quick Restart","Rare Cards Sparkle","Remove Card Discount Mod","Replay The Spire","Shop Mod","StSLib","Transform Curses","óô»ðÖ¸ÄÏ"],"gold_per_floor":[111,111,129,123,123,123,49,80,80,125,147,187,210,252,252,373,373,407,407,462,460,482,519,539,580,628,628,682,709,746,775,479,603,603,637,686,745,795,795,853,892,961,961,1013,1301,1364,1284,1342,24,182,182,182,50,114,150],"floor_reached":56,"playtime":5656,"items_purged":["Strike_P","Defend_P","Defend_P","Strike_P","Defend_P","Strike_P","PathToVictory","DeceiveReality","Strike_P+1","Defend_P","Replay:LoomingThreat","ThirdEye","CutThroughFate","ThirdEye","Replay:ManipulateFuture","FlurryOfBlows","FlurryOfBlows+1"],"score":2351,"play_id":"b632aeb5-a682-4553-bd67-996b97bbf222","local_time":"20201218175114","is_ascension_mode":true,"campfire_choices":[{"data":"Apotheosis","floor":6.0,"key":"SMITH"},{"floor":15.0,"key":"RECALL"},{"data":"EmptyMind","floor":52,"key":"SMITH"}],"circlet_count":0,"master_deck":["Eruption+1","Vigilance","Apotheosis+1","WheelKick","Adaptation+1","Adaptation+1","Swivel","Pot Of Greed","Pot Of Greed","FollowUp","Prostrate+1","JustLucky+1","Hallownest:attackMasterDashSlash","TalkToTheHand","EmptyMind+1","EmptyMind","Alpha","Adaptation+1","Pot Of Greed","Adaptation+1","DeusExMachina"],"relics":["PureWater","Divine Protection","Hallownest:DreamNailRelic","Juzu Bracelet","Replay:Bandana","Replay:Bottled Steam","Replay:Bottled Flurry","Ancient Tea Set","Philosopher\u0027s Stone","ReplayFunnel","HornCleat","Turnip","Replay:Bottled Eggs","Grinning Jar","Nilry\u0027s Codex","Singing Bowl","Calipers","conspire:RunicOctahedron","Hallownest:KingsIdolRelic","ReplayTheSpireMod:Shallot","Damaru","Hallownest:GodTamersBeastRelic","The Courier","OrangePellets","Sundial","Anchor","Happy Flower","Oddly Smooth Stone","Replay:Accelerometer","MerchantsRug","Mummified Hand","Vajra"],"acts_visited":["Hallownest:Greenpath","TheCity","Hallownest:KingdomsEdge","TheEnding"],"potions_floor_usage":[55],"damage_taken":[{"damage":0.0,"enemies":"Hallownest:2_Baldur","floor":1.0,"turns":3.0},{"damage":0.0,"enemies":"Hallownest:monsterHuskWarrior","floor":3.0,"turns":3.0},{"damage":0.0,"enemies":"Hallownest:eliteMossKnight","floor":8.0,"turns":3.0},{"damage":0.0,"enemies":"Hallownest:eliteVengeflyKing","floor":10.0,"turns":2.0},{"damage":0.0,"enemies":"2_ Uuma","floor":11.0,"turns":3.0},{"damage":0.0,"enemies":"Hallownest:eliteMossKnight","floor":12.0,"turns":3.0},{"damage":0.0,"enemies":"Hallownest:MossCreep_and_Mosskin","floor":13.0,"turns":3.0},{"damage":0.0,"enemies":"Hallownest:eliteCrystalGuardian","floor":14.0,"turns":3.0},{"damage":0.0,"enemies":"Hallownest:BossHornet","floor":16.0,"turns":6.0},{"damage":16.0,"enemies":"3 Byrds","floor":18.0,"turns":4.0},{"damage":12.0,"enemies":"conspire:MimicChest","floor":20.0,"turns":7.0},{"damage":0.0,"enemies":"Shell Parasite","floor":22.0,"turns":3.0},{"damage":0.0,"enemies":"Book of Stabbing","floor":23.0,"turns":4.0},{"damage":0.0,"enemies":"Snake Plant","floor":24.0,"turns":2.0},{"damage":2.0,"enemies":"conspire:SneckoGhost","floor":25.0,"turns":4.0},{"damage":0.0,"enemies":"Slavers","floor":28.0,"turns":3.0},{"damage":0.0,"enemies":"conspire:HollyBat","floor":29.0,"turns":3.0},{"damage":0.0,"enemies":"Centurion and Healer","floor":30.0,"turns":3.0},{"damage":0.0,"enemies":"Snake Plant","floor":31.0,"turns":2.0},{"damage":0.0,"enemies":"Collector","floor":33.0,"turns":5.0},{"damage":0.0,"enemies":"Hallownest:Shield_Heavy","floor":35.0,"turns":3.0},{"damage":0.0,"enemies":"Hallownest:3_Siblings","floor":36.0,"turns":3.0},{"damage":0.0,"enemies":"Hallownest:2_Soldiers_and_1_Guardian","floor":37.0,"turns":3.0},{"damage":0.0,"enemies":"Hallownest:Xero_Hu_Marmu","floor":38.0,"turns":2.0},{"damage":6.0,"enemies":"Hallownest:eliteCollector","floor":40.0,"turns":4.0},{"damage":0.0,"enemies":"Hallownest:2_Great","floor":41.0,"turns":3.0},{"damage":0.0,"enemies":"Hallownest:eliteHiveKnight","floor":42.0,"turns":3.0},{"damage":0.0,"enemies":"Hallownest:2_Wandering_and_1_Horned","floor":44.0,"turns":2.0},{"damage":0.0,"enemies":"","floor":45.0,"turns":3.0},{"damage":0.0,"enemies":"","floor":45.0,"turns":3.0},{"damage":0.0,"enemies":"","floor":45.0,"turns":2.0},{"damage":0.0,"enemies":"","floor":45.0,"turns":2.0},{"damage":0.0,"enemies":"Hallownest:StalkingDevout","floor":46.0,"turns":2.0},{"damage":0.0,"enemies":"Hallownest:2_Wing_and_1_Kings","floor":48.0,"turns":2.0},{"damage":0,"enemies":"Hallownest:BossGreyPrinceZote","floor":50,"turns":3},{"damage":0,"enemies":"Shield and Spear","floor":54,"turns":2},{"damage":0,"enemies":"The Heart","floor":55,"turns":4}],"seed_played":"6953031344442646510","potions_obtained":[{"floor":3.0,"key":"Weak Potion"},{"floor":10.0,"key":"DistilledChaos"},{"floor":11.0,"key":"Dexterity Potion"},{"floor":13.0,"key":"Adrenaline Potion"},{"floor":18.0,"key":"PowerPotion"},{"floor":30.0,"key":"ColorlessPotion"},{"floor":35.0,"key":"EssenceOfSteel"},{"floor":41.0,"key":"Adrenaline Potion"},{"floor":50,"key":"Energy Potion"}],"is_trial":false,"path_per_floor":["M","?","M","$","?","R","$","E","T","E","M","E","M","E","R","B",null,"M","?","?","$","M","E","M","E","T","?","E","M","M","M","R","B",null,"M","M","M","M","?","E","M","E","T","M","?","E","?","M","R","B",null,"R","$","E","B",null],"character_chosen":"WATCHER","items_purchased":["Matryoshka","ThirdEye","Apotheosis","PathToVictory","Divine Protection","Adaptation","Calipers","OrangePellets","Sundial","EmptyMind","ThirdEye","Replay:ManipulateFuture","Anchor","Happy Flower","Oddly Smooth Stone","Replay:Accelerometer","conspire:Flyswatter","MerchantsRug","Mummified Hand","Adaptation","Adaptation"],"campfire_rested":0,"item_purchase_floors":[0,0,0,0,0,7,32,49,49,49,49,49,49,49,49,49,49,49,49,53,53],"current_hp_per_floor":[65,65,65,65,65,65,65,65,65,65,65,65,65,65,65,65,70,54,54,42,42,42,42,42,40,40,24,26,26,28,30,30,30,66,66,68,68,70,66,60,62,62,62,64,64,66,66,66,66,66,83,83,83,83,83],"gold":150,"neow_bonus":"","is_daily":false,"chose_seed":false,"campfire_upgraded":2,"win_rate":0.0,"timestamp":1608285074,"path_taken":["M","?","M","$","?","R","$","E","T","E","M","E","M","E","R","BOSS","M","?","?","?","M","E","M","E","T","?","E","M","M","M","R","BOSS","M","M","M","M","?","E","M","E","T","M","?","E","?","M","R","BOSS","R","$","E","BOSS"],"items_purchased_type":["Relic","Card","Card","Card","Relic","Card","Relic","Relic","Relic","Card","Card","Card","Relic","Relic","Relic","Relic","Relic","Relic","Relic","Card","Card"],"build_version":"2020-12-13","purchased_purges":17,"victory":true,"max_hp_per_floor":[72,72,72,72,72,72,72,72,72,72,72,72,72,72,72,72,72,72,72,72,72,72,72,72,72,72,72,74,74,76,78,78,78,78,78,80,80,82,82,82,84,84,84,86,86,88,88,88,88,88,88,88,88,88,88],"card_choices":[{"not_picked":["BowlingBash","FlyingSleeves"],"picked":"DeceiveReality","floor":1.0},{"not_picked":["Nirvana","Study"],"picked":"WheelKick","floor":3.0},{"not_picked":["DevaForm","EmptyFist","LikeWater"],"picked":"SKIP","floor":8.0},{"not_picked":["BowlingBash","ClearTheMind"],"picked":"Adaptation","floor":10.0},{"not_picked":["ThirdEye","FlyingSleeves","Meditate"],"picked":"SKIP","floor":11.0},{"not_picked":["Nirvana","Indignation","Tantrum"],"picked":"SKIP","floor":12.0},{"not_picked":["JustLucky","BowlingBash","FlyingSleeves"],"picked":"SKIP","floor":13.0},{"not_picked":["Collect","CarveReality"],"picked":"Swivel","floor":14.0},{"not_picked":["Conclude","Replay:ManipulateFuture","TalkToTheHand"],"picked":"SKIP","floor":18.0},{"not_picked":["SashWhip","Protect+1"],"picked":"CutThroughFate","floor":22.0},{"not_picked":["SashWhip","Replay:AtTheReady","CutThroughFate"],"picked":"SKIP","floor":23.0},{"not_picked":["Replay:BluntJabs","SashWhip+1","Replay:ManipulateFuture+1"],"picked":"SKIP","floor":24.0},{"not_picked":["Replay:ManipulateFuture","Pray","BowlingBash"],"picked":"SKIP","floor":25.0},{"not_picked":["MentalFortress","SashWhip","DevaForm"],"picked":"Singing Bowl","floor":28.0},{"not_picked":["SashWhip","Pray"],"picked":"FlurryOfBlows+1","floor":29.0},{"not_picked":["CrushJoints","SashWhip","Replay:DivineShield"],"picked":"Singing Bowl","floor":30.0},{"not_picked":["Conclude","Crescendo+1","Replay:Hum+1"],"picked":"Singing Bowl","floor":31.0},{"not_picked":["Replay:AllIn","Ragnarok"],"picked":"Replay:LoomingThreat","floor":33.0},{"not_picked":["Crescendo+1","MentalFortress+1"],"picked":"FollowUp","floor":35.0},{"not_picked":["PathToVictory","Protect+1","SashWhip+1"],"picked":"Singing Bowl","floor":36.0},{"not_picked":["BowlingBash","CarveReality"],"picked":"Prostrate+1","floor":37.0},{"not_picked":["Halt","Crescendo","Consecrate"],"picked":"Singing Bowl","floor":38.0},{"not_picked":["Judgement","Perseverance"],"picked":"FlurryOfBlows","floor":40.0},{"not_picked":["Protect+1","WreathOfFlame","LikeWater"],"picked":"Singing Bowl","floor":41.0},{"not_picked":["Replay:Hum","ThirdEye"],"picked":"JustLucky+1","floor":42.0},{"not_picked":["CutThroughFate+1","Swivel+1","FlurryOfBlows"],"picked":"Singing Bowl","floor":44.0},{"not_picked":["FollowUp","Evaluate","PathToVictory+1"],"picked":"Singing Bowl","floor":46.0},{"not_picked":["WindmillStrike+1","Consecrate+1"],"picked":"TalkToTheHand","floor":48.0},{"not_picked":["Brilliance","Establishment"],"picked":"Alpha","floor":50},{"not_picked":["Nirvana+1","ThirdEye+1"],"picked":"DeusExMachina","floor":54}],"player_experience":157521,"relics_obtained":[{"floor":8.0,"key":"Juzu Bracelet"},{"floor":9.0,"key":"Replay:Bandana"},{"floor":9.0,"key":"Replay:Bottled Steam"},{"floor":10.0,"key":"Replay:Bottled Snecko"},{"floor":12.0,"key":"Replay:Bottled Flurry"},{"floor":14.0,"key":"Ancient Tea Set"},{"floor":20.0,"key":"ReplayFunnel"},{"floor":23.0,"key":"HornCleat"},{"floor":25.0,"key":"Turnip"},{"floor":26.0,"key":"Replay:Bottled Eggs"},{"floor":26.0,"key":"Grinning Jar"},{"floor":27.0,"key":"Nilry\u0027s Codex"},{"floor":28.0,"key":"Singing Bowl"},{"floor":40.0,"key":"ReplayTheSpireMod:Shallot"},{"floor":42.0,"key":"Damaru"},{"floor":46.0,"key":"The Courier"},{"floor":54,"key":"Vajra"}],"event_choices":[{"damage_healed":0.0,"max_hp_gain":0.0,"max_hp_loss":0.0,"gold_gain":0.0,"event_name":"Beggar","player_choice":"Ignored","floor":19.0,"gold_loss":0.0,"damage_taken":0.0},{"damage_healed":0.0,"max_hp_gain":0.0,"max_hp_loss":0.0,"gold_gain":0.0,"event_name":"Cursed Tome","player_choice":"Obtained Book","floor":27.0,"gold_loss":0.0,"damage_taken":16.0}],"is_beta":false,"boss_relics":[{"not_picked":["Tiny House","Black Star"],"picked":"Philosopher\u0027s Stone"},{"not_picked":["ReplayTheSpireMod:DimensionalGlitch","Runic Dome"],"picked":"conspire:RunicOctahedron"}],"items_purged_floors":[0,0,0,0,0,4,4,4,21,49,49,49,49,49,49,53,53],"is_endless":false,"potions_floor_spawned":[3,10,11,13,14,18,23,24,30,33,35,41,42,45,48,50],"ascension_level":7}}