{"host":"mszes4kzl3qk0fcx","time":1608249689,"event":{"mods":["BaseMod","Minty Spire (QoL Compilation)","StSLib","The Administrix","The Animator"],"gold_per_floor":[285,134,160,160,160,160,205,247,247,282,310,235,260,276,276,381,381,404,404,404,428,49,76,102,21,48,84,84,106,130,164,164,278,278,295,314,13,13,28,28,61,73,85,137,0,39,76,141,153,170,182,194,598,653,653,653],"floor_reached":55,"playtime":8248,"items_purged":[],"score":1018,"play_id":"71ed9dd2-e134-4ad7-becd-a7528412b43c","local_time":"20201217190129","is_ascension_mode":true,"campfire_choices":[{"data":"animator:Shimakaze","floor":6.0,"key":"SMITH"},{"floor":15.0,"key":"REST"},{"floor":28.0,"key":"REST"},{"data":"animator:Boros","floor":32.0,"key":"SMITH"},{"floor":40.0,"key":"RECALL"},{"data":"animator:Arpeggio","floor":42.0,"key":"SMITH"},{"data":"animator:Eve","floor":49.0,"key":"SMITH"},{"data":"animator:Shalltear","floor":52.0,"key":"SMITH"}],"circlet_count":0,"master_deck":["animator:Strike_Kancolle","animator:Defend_Kancolle+1","animator:Strike","animator:Strike","animator:Strike","animator:Defend","animator:Defend","animator:Defend","animator:Shimakaze","animator:Priestess","animator:Spearman","animator:Sebas","animator:Sebas","animator:Cocytus","animator:NarberalGamma","animator:Ainz","animator:Eve","animator:Spearman","animator:Elsword","animator:Ainz","animator:Spearman+1","animator:Shimakaze","animator:PandorasActor","animator:Arpeggio","animator:YachiyoNanami","animator:Arpeggio","animator:NarberalGamma","animator:Boros+1","animator:LizardPriest","animator:Arpeggio","animator:GoblinSlayer","animator:Spearman","animator:PandorasActor","animator:HarukoHaruhara","animator:KyokoSakura","animator:PandorasActor","animator:Shalltear","animator:Priestess"],"relics":["animator:TheWolleyCore","animator:AncientMedallion"],"acts_visited":["Exordium","TheCity","TheBeyond","TheEnding","EYB:TheUnnamedReign"],"potions_floor_usage":[55],"damage_taken":[{"damage":0.0,"enemies":"Small Slimes","floor":1.0,"turns":5.0},{"damage":0.0,"enemies":"Jaw Worm","floor":3.0,"turns":4.0},{"damage":3.0,"enemies":"The Mushroom Lair","floor":7.0,"turns":6.0},{"damage":22.0,"enemies":"Gremlin Nob","floor":8.0,"turns":6.0},{"damage":0.0,"enemies":"3 Sentries","floor":10.0,"turns":8.0},{"damage":0.0,"enemies":"Cultist","floor":11.0,"turns":3.0},{"damage":0.0,"enemies":"Looter","floor":13.0,"turns":3.0},{"damage":0.0,"enemies":"Large Slime","floor":14.0,"turns":3.0},{"damage":0.0,"enemies":"Slime Boss","floor":16.0,"turns":4.0},{"damage":2.0,"enemies":"Shell Parasite","floor":18.0,"turns":5.0},{"damage":16.0,"enemies":"3 Byrds","floor":21.0,"turns":4.0},{"damage":19.0,"enemies":"Slavers","floor":23.0,"turns":3.0},{"damage":0.0,"enemies":"Shelled Parasite and Fungi","floor":24.0,"turns":4.0},{"damage":36.0,"enemies":"Gremlin Leader","floor":27.0,"turns":5.0},{"damage":0.0,"enemies":"Snecko","floor":29.0,"turns":3.0},{"damage":0.0,"enemies":"3 Cultists","floor":30.0,"turns":4.0},{"damage":14.0,"enemies":"Book of Stabbing","floor":31.0,"turns":5.0},{"damage":11.0,"enemies":"Collector","floor":33.0,"turns":7.0},{"damage":0.0,"enemies":"Orb Walker","floor":35.0,"turns":2.0},{"damage":17.0,"enemies":"3 Darklings","floor":36.0,"turns":3.0},{"damage":0.0,"enemies":"Maw","floor":39.0,"turns":5.0},{"damage":35.0,"enemies":"Nemesis","floor":41.0,"turns":5.0},{"damage":2.0,"enemies":"Reptomancer","floor":44.0,"turns":4.0},{"damage":9.0,"enemies":"Nemesis","floor":46.0,"turns":5.0},{"damage":0.0,"enemies":"Jaw Worm Horde","floor":47.0,"turns":3.0},{"damage":11.0,"enemies":"2 Orb Walkers","floor":48.0,"turns":3.0},{"damage":4.0,"enemies":"Time Eater","floor":50.0,"turns":9.0},{"damage":81,"enemies":"animator:UNNAMED_HAT","floor":54,"turns":11},{"damage":21,"enemies":"animator:UNNAMED_CULTIST_1","floor":55,"turns":6}],"seed_played":"1955866661950284012","potions_obtained":[{"floor":3.0,"key":"Ancient Potion"},{"floor":8.0,"key":"Energy Potion"},{"floor":11.0,"key":"CultistPotion"},{"floor":14.0,"key":"Dexterity Potion"},{"floor":23.0,"key":"Weak Potion"},{"floor":24.0,"key":"SpeedPotion"},{"floor":29.0,"key":"SpeedPotion"},{"floor":35.0,"key":"DistilledChaos"},{"floor":39.0,"key":"Fire Potion"},{"floor":48.0,"key":"EssenceOfSteel"},{"floor":54,"key":"animator:FalseLifePotion"}],"is_trial":false,"path_per_floor":["M","$","M","?","?","R","?","E","T","E","M","$","M","M","R","B",null,"M","?","?","M","$","E","M","$","T","E","R","M","M","E","R","B",null,"M","M","$","?","M","R","E","R","T","E","?","E","M","?","R","B",null,"R","??","M","M"],"character_chosen":"THE_ANIMATOR","items_purchased":["animator:WornHelmet","animator:Ainz","animator:Shimakaze","Bottled Tornado","animator:PandorasActor","animator:Arpeggio","InkBottle","animator:PandorasActor"],"campfire_rested":2,"item_purchase_floors":[2,12,22,22,22,25,37,37],"current_hp_per_floor":[66,66,67,42,42,42,39,17,17,30,42,42,42,42,62,62,68,66,66,66,50,50,50,50,50,50,26,48,48,48,39,39,43,76,76,59,59,59,67,67,40,40,40,41,41,53,61,60,60,70,78,78,98,17,0,0],"gold":653,"neow_bonus":"BOSS_RELIC","is_daily":false,"chose_seed":false,"campfire_upgraded":5,"win_rate":0.0,"timestamp":1608249689,"path_taken":["M","$","M","?","?","R","?","E","T","E","M","?","M","M","R","BOSS","M","?","?","M","$","E","M","?","T","E","R","M","M","E","R","BOSS","M","M","$","?","M","R","E","R","T","E","?","E","M","?","R","BOSS","R","??","M","M"],"items_purchased_type":["Relic","Card","Card","Relic","Card","Card","Relic","Card"],"build_version":"2020-12-13","purchased_purges":0,"victory":false,"max_hp_per_floor":[66,66,67,67,67,67,67,67,67,68,68,68,68,68,68,68,68,68,68,68,68,68,75,75,75,75,75,75,75,75,75,75,76,76,76,76,76,76,77,77,77,77,77,78,78,78,78,78,78,78,78,78,98,98,98,98],"card_choices":[{"not_picked":["animator:Ara","animator:Viivi"],"picked":"animator:Priestess","floor":1.0},{"not_picked":["animator:NarberalGamma","animator:TukaLunaMarceau"],"picked":"animator:Spearman","floor":3.0},{"not_picked":["animator:Sonic","animator:Kuribayashi"],"picked":"animator:Sebas","floor":7.0},{"not_picked":["animator:Ara","animator:Viivi"],"picked":"animator:Sebas","floor":8.0},{"not_picked":["animator:Evileye","animator:NarberalGamma"],"picked":"animator:Cocytus","floor":10.0},{"not_picked":["animator:TukaLunaMarceau","animator:Evileye"],"picked":"animator:NarberalGamma","floor":11.0},{"not_picked":["animator:TukaLunaMarceau","animator:Kuribayashi"],"picked":"animator:Eve","floor":13.0},{"not_picked":["animator:SuzuneAmano","animator:YuiTsuruno"],"picked":"animator:Spearman","floor":14.0},{"not_picked":["animator:Aisha","animator:AcuraTooru"],"picked":"animator:Elsword","floor":15.0},{"not_picked":["animator:AcuraShin","animator:HomuraAkemi"],"picked":"animator:Ainz","floor":16.0},{"not_picked":["animator:DwarfShaman","animator:CowGirl"],"picked":"animator:Spearman","floor":18.0},{"not_picked":["animator:Genos+1","animator:MetalKnight","animator:HomuraAkemi"],"picked":"SKIP","floor":21.0},{"not_picked":["animator:Tatsumaki","animator:Kuribayashi"],"picked":"animator:Arpeggio+1","floor":23.0},{"not_picked":["animator:MamiTomoe","animator:SilverFang"],"picked":"animator:YachiyoNanami","floor":24.0},{"not_picked":["animator:Demiurge","animator:Evileye"],"picked":"animator:NarberalGamma","floor":27.0},{"not_picked":["animator:OrikoMikuni","animator:Guy"],"picked":"animator:Boros","floor":28.0},{"not_picked":["animator:TukaLunaMarceau","animator:Kuribayashi"],"picked":"animator:LizardPriest","floor":29.0},{"not_picked":["animator:ChaikaBohdan","animator:MumenRider","animator:TukaLunaMarceau"],"picked":"SKIP","floor":30.0},{"not_picked":["animator:Saitama","animator:Evileye+1"],"picked":"animator:Arpeggio","floor":31.0},{"not_picked":["animator:AcuraShin","animator:Saitama"],"picked":"animator:GoblinSlayer","floor":33.0},{"not_picked":["animator:Priestess","animator:HighElfArcher"],"picked":"animator:Spearman","floor":35.0},{"not_picked":["animator:Add","animator:CowGirl","animator:Tyuule"],"picked":"SKIP","floor":36.0},{"not_picked":["animator:Magilou","animator:IchigoKurosaki"],"picked":"animator:HarukoHaruhara","floor":38.0},{"not_picked":["animator:YaoHaDucy","animator:Demiurge"],"picked":"animator:KyokoSakura+1","floor":39.0},{"not_picked":["animator:Chung+1","animator:AcuraTooru+1"],"picked":"animator:PandorasActor","floor":41.0},{"not_picked":["animator:Entoma","animator:Sebas"],"picked":"animator:Shalltear","floor":44.0},{"not_picked":["animator:Evileye","animator:Guy+1"],"picked":"animator:Priestess","floor":46.0},{"not_picked":["animator:Gillette","animator:Evileye","animator:Ara+1"],"picked":"SKIP","floor":47.0},{"not_picked":["animator:AcuraShin","animator:SilverFang+1","animator:Sonic"],"picked":"SKIP","floor":54}],"player_experience":515747,"relics_obtained":[{"floor":7.0,"key":"Odd Mushroom"},{"floor":8.0,"key":"Meat on the Bone"},{"floor":9.0,"key":"Mummified Hand"},{"floor":10.0,"key":"Dream Catcher"},{"floor":23.0,"key":"Strawberry"},{"floor":23.0,"key":"Ginger"},{"floor":26.0,"key":"Art of War"},{"floor":27.0,"key":"animator:BattleDrones"},{"floor":27.0,"key":"Toy Ornithopter"},{"floor":31.0,"key":"Blood Vial"},{"floor":31.0,"key":"HornCleat"},{"floor":41.0,"key":"Happy Flower"},{"floor":41.0,"key":"MawBank"},{"floor":44.0,"key":"Red Skull"},{"floor":44.0,"key":"Bird Faced Urn"},{"floor":46.0,"key":"Bronze Scales"},{"floor":46.0,"key":"Smiling Mask"},{"floor":48.0,"key":"Gambling Chip"},{"floor":53.0,"key":"animator:TheWolleyCore"},{"floor":53.0,"key":"animator:AncientMedallion"}],"event_choices":[{"damage_healed":0.0,"max_hp_gain":0.0,"max_hp_loss":0.0,"gold_gain":0.0,"event_name":"Scrap Ooze","player_choice":"Success","floor":4.0,"gold_loss":0.0,"damage_taken":25.0,"relics_obtained":["Ornamental Fan"]},{"damage_healed":0.0,"max_hp_gain":0.0,"max_hp_loss":0.0,"gold_gain":0.0,"event_name":"Living Wall","player_choice":"Grow","floor":5.0,"gold_loss":0.0,"damage_taken":0.0,"cards_upgraded":["animator:Priestess"]},{"damage_healed":0.0,"max_hp_gain":0.0,"max_hp_loss":0.0,"gold_gain":0.0,"event_name":"Mushrooms","player_choice":"Fought Mushrooms","floor":7.0,"gold_loss":0.0,"damage_taken":0.0},{"damage_healed":0.0,"max_hp_gain":0.0,"max_hp_loss":0.0,"gold_gain":0.0,"event_name":"Back to Basics","player_choice":"Simplicity","floor":19.0,"gold_loss":0.0,"damage_taken":0.0,"cards_upgraded":["animator:Strike_Kancolle","animator:Defend_Kancolle","animator:Strike","animator:Strike","animator:Strike","animator:Defend","animator:Defend","animator:Defend"]},{"damage_healed":0.0,"max_hp_gain":0.0,"max_hp_loss":0.0,"gold_gain":0.0,"event_name":"Drug Dealer","player_choice":"Inject Mutagens","floor":20.0,"gold_loss":0.0,"damage_taken":0.0,"relics_obtained":["MutagenicStrength"]},{"damage_healed":0.0,"max_hp_gain":0.0,"max_hp_loss":0.0,"gold_gain":0.0,"event_name":"SensoryStone","player_choice":"Memory 1","floor":38.0,"gold_loss":0.0,"damage_taken":0.0},{"damage_healed":0.0,"max_hp_gain":0.0,"max_hp_loss":0.0,"gold_gain":0.0,"event_name":"Tomb of Lord Red Mask","player_choice":"Paid","floor":45.0,"gold_loss":149.0,"damage_taken":0.0,"relics_obtained":["Red Mask"]},{"damage_healed":0.0,"max_hp_gain":0.0,"max_hp_loss":0.0,"gold_gain":0.0,"event_name":"Mysterious Sphere","player_choice":"Fight","floor":48.0,"gold_loss":0.0,"damage_taken":0.0}],"is_beta":false,"boss_relics":[{"not_picked":["Philosopher\u0027s Stone","Tiny House"],"picked":"Black Star"},{"not_picked":["Mark of Pain","Sozu"],"picked":"SlaversCollar"}],"items_purged_floors":[],"is_endless":false,"potions_floor_spawned":[3,8,11,14,23,24,29,35,39,48,54],"killed_by":"animator:UNNAMED_CULTIST_1","ascension_level":1}}