{"host":"z60ck2mpr6goyib8","time":1608286167,"event":{"mods":["BaseMod","Best Route Mod","Bestiary","Better Third Choice","Block Reminder","Colored Map","Colored Powertips","Googly Eyes","Minty Spire (QoL Compilation)","Quick Restart","Relic Stats","Slay-I","StSLib","everything is the same but u backflip on backflip"],"gold_per_floor":[119,119,22,22,34,34,34,34],"floor_reached":7,"playtime":191,"items_purged":[],"score":59,"play_id":"a5d3fc46-4a90-4846-bd66-5627a21d8fbc","local_time":"20201218100927","is_ascension_mode":true,"campfire_choices":[{"data":"Flex","floor":6,"key":"SMITH"}],"circlet_count":0,"master_deck":["AscendersBane","Strike_R","Strike_R","Strike_R","Strike_R","Strike_R","Defend_R","Defend_R+1","Defend_R","Defend_R","Bash","Flex+1","Bloodletting","Warcry+1","Armaments"],"relics":["Burning Blood"],"acts_visited":[],"potions_floor_usage":[],"damage_taken":[{"damage":13,"enemies":"Jaw Worm","floor":1,"turns":5},{"damage":10,"enemies":"Cultist","floor":5,"turns":4},{"damage":48,"enemies":"3 Sentries","floor":7,"turns":8}],"seed_played":"-4431918805149849376","potions_obtained":[],"is_trial":false,"path_per_floor":["M","?","$","?","M","R","E"],"character_chosen":"IRONCLAD","items_purchased":["Bloodletting","Warcry"],"campfire_rested":0,"item_purchase_floors":[3,3],"current_hp_per_floor":[65,65,65,51,47,47,0,0],"gold":34,"neow_bonus":"RANDOM_COLORLESS_2","is_daily":false,"chose_seed":false,"campfire_upgraded":1,"win_rate":0.0,"timestamp":1608286167,"path_taken":["M","?","?","?","?","R","E"],"items_purchased_type":["Card","Card"],"build_version":"2020-12-13","purchased_purges":0,"victory":false,"max_hp_per_floor":[72,72,72,72,72,72,72,72],"relic_stats":{"counters":[3,17],"obtain_stats":[{"Burning Blood":0},{"Burning Blood":0},{"Burning Blood":0}],"Burning Blood":12},"card_choices":[{"not_picked":["Burning Pact","Sword Boomerang"],"picked":"Flex","floor":1},{"not_picked":["Combust","Perfected Strike"],"picked":"Armaments","floor":5}],"player_experience":498505,"relics_obtained":[],"event_choices":[{"damage_healed":0,"gold_gain":0,"player_choice":"0 cards matched","damage_taken":0,"max_hp_gain":0,"max_hp_loss":0,"event_name":"Match and Keep!","floor":2,"gold_loss":0,"cards_obtained":[]},{"damage_healed":65,"gold_gain":0,"player_choice":"Upgrade","damage_taken":14,"max_hp_gain":0,"max_hp_loss":72,"event_name":"betterThird:BetterShining","floor":4,"gold_loss":0,"cards_upgraded":["Defend_R","Warcry"]}],"is_beta":false,"boss_relics":[],"items_purged_floors":[],"is_endless":false,"potions_floor_spawned":[],"killed_by":"3 Sentries","ascension_level":10}}