{"host":"bpszg8uald72z2zd","time":1608301715,"event":{"mods":["AchievementEnabler","BaseMod","Colored Map","DeckTracker","Keyboard Shortcuts","Minty Spire (QoL Compilation)","Relic Stats","SuperFastMode"],"gold_per_floor":[112,132,146,161,111,111,124,124,124,124,424,438,469,469,469,469,469],"floor_reached":16,"playtime":375,"items_purged":[],"score":153,"play_id":"e5e12a5c-cbfd-4f44-adc2-d51d3fc4264d","local_time":"20201218232835","is_ascension_mode":true,"campfire_choices":[{"data":"Eruption","floor":6.0,"key":"SMITH"},{"floor":8.0,"key":"REST"},{"floor":15,"key":"REST"}],"circlet_count":0,"master_deck":["AscendersBane","Strike_P","Strike_P+1","Strike_P","Defend_P","Defend_P","Defend_P+1","Defend_P","Eruption+1","Vigilance","FlurryOfBlows","FlurryOfBlows","InnerPeace","CrushJoints+1"],"relics":["PureWater","NeowsBlessing","Ancient Tea Set","Old Coin","Anchor"],"acts_visited":["Exordium"],"potions_floor_usage":[13,16,16,16],"damage_taken":[{"damage":0.0,"enemies":"Small Slimes","floor":1.0,"turns":1.0},{"damage":0.0,"enemies":"Jaw Worm","floor":2.0,"turns":1.0},{"damage":0.0,"enemies":"2 Louse","floor":3.0,"turns":1.0},{"damage":31.0,"enemies":"Lots of Slimes","floor":4.0,"turns":5.0},{"damage":2.0,"enemies":"Large Slime","floor":7.0,"turns":5.0},{"damage":10,"enemies":"Exordium Thugs","floor":12,"turns":4},{"damage":14,"enemies":"3 Sentries","floor":13,"turns":8},{"damage":31,"enemies":"The Guardian","floor":16,"turns":8}],"seed_played":"-8370814146347963957","potions_obtained":[{"floor":2.0,"key":"CultistPotion"},{"floor":7.0,"key":"BottledMiracle"},{"floor":12,"key":"Dexterity Potion"},{"floor":13,"key":"DuplicationPotion"}],"is_trial":false,"path_per_floor":["M","M","M","M","?","R","M","R","T","?","T","M","E","?","R","B"],"character_chosen":"WATCHER","items_purchased":[],"campfire_rested":2,"item_purchase_floors":[],"current_hp_per_floor":[65,65,65,34,34,34,32,53,53,39,39,29,15,15,36,5,5],"gold":469,"neow_bonus":"THREE_ENEMY_KILL","is_daily":false,"chose_seed":false,"campfire_upgraded":1,"win_rate":0.0,"timestamp":1608301715,"path_taken":["M","M","M","M","?","R","M","R","T","?","?","M","E","?","R","BOSS"],"items_purchased_type":[],"build_version":"2020-12-13","purchased_purges":0,"victory":false,"max_hp_per_floor":[72,72,72,72,72,72,72,72,72,72,72,72,72,72,72,72,72],"relic_stats":{"counters":[8,33],"obtain_stats":[{"Anchor":13,"NeowsBlessing":0,"PureWater":0,"Ancient Tea Set":9,"Old Coin":11},{"Anchor":7,"NeowsBlessing":0,"PureWater":0,"Ancient Tea Set":5,"Old Coin":5},{"Anchor":25,"NeowsBlessing":0,"PureWater":0,"Ancient Tea Set":13,"Old Coin":13}]},"card_choices":[{"not_picked":["FlyingSleeves","Crescendo"],"picked":"FlurryOfBlows","floor":1.0},{"not_picked":["Evaluate","ForeignInfluence"],"picked":"FlurryOfBlows","floor":2.0},{"not_picked":["EmptyMind","ThirdEye"],"picked":"InnerPeace","floor":3.0},{"not_picked":["WindmillStrike","FlyingSleeves","Wallop"],"picked":"SKIP","floor":4.0},{"not_picked":["BowlingBash","EmptyBody","EmptyMind"],"picked":"SKIP","floor":7.0},{"not_picked":["Wallop","InnerPeace","ConjureBlade"],"picked":"SKIP","floor":12},{"not_picked":["SashWhip","SignatureMove"],"picked":"CrushJoints","floor":13}],"player_experience":432076,"relics_obtained":[{"floor":9.0,"key":"Ancient Tea Set"},{"floor":11.0,"key":"Old Coin"},{"floor":13,"key":"Anchor"}],"event_choices":[{"cards_removed":["Strike_P"],"damage_healed":0.0,"max_hp_gain":0.0,"max_hp_loss":0.0,"gold_gain":0.0,"event_name":"The Cleric","player_choice":"Card Removal","floor":5.0,"gold_loss":50.0,"damage_taken":0.0},{"damage_healed":0.0,"max_hp_gain":0.0,"max_hp_loss":0.0,"gold_gain":0.0,"event_name":"Shining Light","player_choice":"Entered Light","floor":10.0,"gold_loss":0.0,"damage_taken":14.0,"cards_upgraded":["Strike_P","Defend_P"]},{"damage_healed":0,"gold_gain":0,"player_choice":"Forge","damage_taken":0,"max_hp_gain":0,"max_hp_loss":0,"event_name":"Accursed Blacksmith","floor":14,"gold_loss":0,"cards_upgraded":["CrushJoints"]}],"is_beta":false,"boss_relics":[],"items_purged_floors":[],"is_endless":false,"potions_floor_spawned":[2,7,12,13],"killed_by":"The Guardian","ascension_level":10}}