{"host":"juowtv2vvb0b99ex","time":1608255300,"event":{"mods":["BaseMod","Colored Map","Downfall","Minty Spire (QoL Compilation)","Quick Restart","StSLib"],"gold_per_floor":[99,126,126,158,158,158,158,189,189,221,221,221,232,250,270,270,270],"floor_reached":16,"playtime":586,"items_purged":[],"score":264,"play_id":"abd65341-5681-4bb5-ab94-0707168e8bcb","local_time":"20201217183500","is_ascension_mode":true,"campfire_choices":[{"data":"Slimebound:Split","floor":1.0,"key":"SMITH"},{"data":"Slimebound:DisruptingSlam","floor":5,"key":"SMITH"},{"data":"Slimebound:SlimeBrawl","floor":9,"key":"SMITH"}],"circlet_count":0,"master_deck":["AscendersBane","Slimebound:Strike_Slimebound","Slimebound:Strike_Slimebound","Slimebound:Tackle","Slimebound:Defend_Slimebound","Slimebound:Defend_Slimebound","Slimebound:Defend_Slimebound","Slimebound:Defend_Slimebound","Slimebound:Split+1","Slimebound:CorrosiveSpit","Slimebound:Nibble","Slimebound:DisruptingSlam+1","Slimebound:SlimeBrawl+1","Slimebound:PressTheAttack","Slimebound:SlimeBarrage","Slimebound:MinionMaster"],"relics":["Slimebound:AbsorbEndCombat","downfall:HeartsMalice","Bronze Scales","Slimebound:ScrapOozeRelic","Ornamental Fan","Shuriken","Happy Flower","Slimebound:GreedOozeRelic"],"acts_visited":["Exordium"],"potions_floor_usage":[15],"damage_taken":[{"damage":0.0,"enemies":"3 Sentries","floor":2.0,"turns":1.0},{"damage":0.0,"enemies":"Cultist","floor":3.0,"turns":1.0},{"damage":0.0,"enemies":"Gremlin Nob","floor":4.0,"turns":1.0},{"damage":27,"enemies":"3 Sentries","floor":8,"turns":4},{"damage":26,"enemies":"Lagavulin","floor":10,"turns":6},{"damage":8,"enemies":"Small Slimes","floor":13,"turns":2},{"damage":11,"enemies":"2 Louse","floor":14,"turns":2},{"damage":0,"enemies":"Lots of Slimes","floor":15,"turns":1},{"damage":46,"enemies":"downfall:Defect","floor":16,"turns":5}],"seed_played":"3416344616315549669","potions_obtained":[{"floor":8,"key":"Fire Potion"},{"floor":10,"key":"Explosive Potion"},{"floor":13,"key":"DuplicationPotion"}],"is_trial":false,"path_per_floor":["R","E","M","E","R","?","T","E","R","E","?","?","M","M","M","B"],"character_chosen":"SLIMEBOUND","items_purchased":[],"campfire_rested":0,"item_purchase_floors":[],"current_hp_per_floor":[54,54,54,54,54,54,54,37,37,29,29,29,31,30,32,0,0],"gold":270,"neow_bonus":"THREE_ENEMY_KILL","is_daily":false,"chose_seed":false,"campfire_upgraded":3,"win_rate":0.0,"timestamp":1608255300,"path_taken":["R","E","M","E","R","?","T","E","R","E","?","?","M","M","M","BOSS"],"items_purchased_type":[],"build_version":"2020-12-13","purchased_purges":0,"victory":false,"max_hp_per_floor":[60,60,60,60,60,60,60,60,60,60,60,60,60,60,60,60,60],"card_choices":[{"not_picked":["Slimebound:FinishingTackle","Slimebound:SplitMire","Slimebound:SplitBruiser"],"picked":"SKIP","floor":2.0},{"not_picked":["Slimebound:FinishingTackle","Slimebound:SplitAcid"],"picked":"Slimebound:Nibble","floor":3.0},{"not_picked":["Slimebound:PressTheAttack","Slimebound:RollThrough"],"picked":"Slimebound:DisruptingSlam","floor":4},{"not_picked":["Slimebound:GrowthPunch","Slimebound:OozeBath"],"picked":"Slimebound:SlimeBrawl","floor":8},{"not_picked":["Slimebound:FinishingTackle","Slimebound:GoopSpray","Slimebound:ViciousTackle"],"picked":"SKIP","floor":10},{"not_picked":["Slimebound:SplitMire","Slimebound:RollThrough"],"picked":"Slimebound:PressTheAttack","floor":13},{"not_picked":["Slimebound:SamplingLick","Slimebound:SplitBruiser"],"picked":"Slimebound:SlimeBarrage","floor":14},{"not_picked":["Slimebound:ViciousTackle","Slimebound:GrowthPunch"],"picked":"Slimebound:MinionMaster","floor":15}],"player_experience":1238764,"relics_obtained":[{"floor":2.0,"key":"Nunchaku"},{"floor":4,"key":"Bronze Scales"},{"floor":7,"key":"Ornamental Fan"},{"floor":8,"key":"Shuriken"},{"floor":10,"key":"Happy Flower"}],"event_choices":[{"cards_removed":["Slimebound:Strike_Slimebound"],"damage_healed":0,"gold_gain":0,"player_choice":"Card Removal","damage_taken":0,"max_hp_gain":0,"max_hp_loss":0,"event_name":"Wheel of Change","floor":12,"gold_loss":0}],"is_beta":false,"boss_relics":[],"items_purged_floors":[],"is_endless":false,"potions_floor_spawned":[8,10,13,14],"killed_by":"downfall:Defect","ascension_level":10}}