{"host":"ecaj4hn004xnnrw9","time":1608318828,"event":{"mods":["AchievementEnabler","BaseMod","Hermit","Minty Spire (QoL Compilation)","Quick Restart","Replay The Spire","StSLib","The Cursed"],"gold_per_floor":[99,99,99,28,45,45,69,69,93,120,45,73,49,65,65,166,166,179,179,202,218,118,118],"floor_reached":22,"playtime":635,"items_purged":["Feel No Pain","Shrug It Off+1"],"score":301,"play_id":"6b506d1a-10a6-405e-9a6a-c41fc22681c5","local_time":"20201218191348","daily_mods":["SealedDeck","Heirloom","Time Dilation","Flight","DeadlyEvents","Elite Swarm"],"is_ascension_mode":true,"campfire_choices":[{"data":"Entrench","floor":6,"key":"SMITH"},{"data":"Entrench","floor":8,"key":"SMITH"},{"data":"Body Slam","floor":15,"key":"SMITH"}],"circlet_count":0,"master_deck":["Cleave","Thunderclap","Clothesline","Cleave","Seeing Red","Entrench+1","Body Slam+1","True Grit+1","Entrench+1","Feed+1","Burning Pact","Run Through","Ghostly Armor","Offering","Offering+1","Armaments+1","Warcry+1","Sentinel+1"],"relics":["Unceasing Top","replay:Trail_Library","CaptainsWheel","Centennial Puzzle","Dream Catcher","Blood Vial","Question Card","Toxic Egg 2","Runic Dome","Replay:Rubber Ducky"],"acts_visited":["Exordium","TheCity"],"potions_floor_usage":[12],"damage_taken":[{"damage":2,"enemies":"Jaw Worm","floor":5,"turns":2},{"damage":13,"enemies":"Lagavulin","floor":10,"turns":3},{"damage":33,"enemies":"3 Sentries","floor":12,"turns":7},{"damage":0,"enemies":"2 Louse","floor":14,"turns":2},{"damage":12,"enemies":"Hexaghost","floor":16,"turns":1},{"damage":12,"enemies":"2 Thieves","floor":18,"turns":1},{"damage":6,"enemies":"Shell Parasite","floor":21,"turns":1}],"seed_played":"8332652366977226264","potions_obtained":[{"floor":5,"key":"BlessingOfTheForge"},{"floor":10,"key":"LiquidBronze"},{"floor":18,"key":"Weak Potion"},{"floor":21,"key":"Energy Potion"}],"is_trial":true,"path_per_floor":["?","?","?","$","M","R","T","R","T","E","$","E","$","M","R","B",null,"M","?","T","M","$"],"character_chosen":"IRONCLAD","items_purchased":["Burning Pact","Armaments+1"],"campfire_rested":0,"item_purchase_floors":[4,13],"current_hp_per_floor":[80,73,73,73,75,75,75,75,75,64,64,37,37,43,43,33,92,84,84,84,80,80,80],"gold":118,"neow_bonus":"","is_daily":false,"chose_seed":false,"campfire_upgraded":3,"win_rate":0.0,"timestamp":1608318828,"path_taken":["?","?","?","$","?","R","?","R","T","E","$","?","$","?","R","BOSS","M","?","?","M","$"],"items_purchased_type":["Card","Card"],"build_version":"2020-12-13","purchased_purges":2,"victory":false,"max_hp_per_floor":[80,80,80,80,84,84,84,84,84,84,84,88,88,92,92,92,92,96,96,96,96,96,96],"card_choices":[{"not_picked":["Hemokinesis","Sever Soul"],"picked":"Run Through","floor":5},{"not_picked":["Reaper","Limit Break"],"picked":"Offering","floor":10},{"not_picked":["Eclipse+1","Hemogenesis","Bludgeon"],"picked":"Offering+1","floor":12},{"not_picked":["Clash","Body Slam","ReplayTheSpireMod:LeadingStrike","Twin Strike"],"picked":"SKIP","floor":14},{"not_picked":["Uppercut","Thunderclap","Flex+1"],"picked":"Warcry+1","floor":18},{"not_picked":["Run Through","Massacre+1","Clash","Whirlwind"],"picked":"SKIP","floor":21}],"player_experience":174011,"relics_obtained":[{"floor":7,"key":"Dream Catcher"},{"floor":9,"key":"Blood Vial"},{"floor":10,"key":"Question Card"},{"floor":12,"key":"Toxic Egg 2"},{"floor":20,"key":"Replay:Rubber Ducky"}],"event_choices":[{"damage_healed":0,"gold_gain":0,"player_choice":"Success","damage_taken":7,"relics_obtained":["Centennial Puzzle"],"max_hp_gain":0,"max_hp_loss":0,"event_name":"Scrap Ooze","floor":2,"gold_loss":0},{"damage_healed":0,"gold_gain":0,"player_choice":"Grow","damage_taken":0,"max_hp_gain":0,"max_hp_loss":0,"event_name":"Living Wall","floor":3,"gold_loss":0,"cards_upgraded":["True Grit"]}],"is_beta":false,"boss_relics":[{"not_picked":["Fusion Hammer","Velvet Choker"],"picked":"Runic Dome"}],"items_purged_floors":[11,22],"is_endless":false,"potions_floor_spawned":[5,10,18,21],"ascension_level":1}}