{"host":"5ty8fyb0ngp9gspj","time":1608265684,"event":{"mods":["2.2 Compatiblity","AchievementEnabler","Act Like it!","BaseMod","Colored Map","Downfall","Minty Spire (QoL Compilation)","Rare Cards Sparkle","StSLib"],"gold_per_floor":[99,113,113,128,53,53,77,88,123,48,48,60,6,6,19,115,115,115,130,161,161,174,174,174,88,88,88,98,110,401,401,416,519,519,519,535,385,396,396,396,421,346,346,346,172,172,191,242,252,252,252,252,252],"floor_reached":52,"playtime":2330,"items_purged":[],"score":743,"play_id":"9f38984f-76ba-4dca-af85-5b49f6ff4aac","local_time":"20201218152804","is_ascension_mode":false,"campfire_choices":[{"floor":1,"key":"RECALL"},{"data":"champ:Circumvent","floor":5,"key":"SMITH"},{"floor":10,"key":"REST"},{"data":"champ:Taunt","floor":18,"key":"SMITH"},{"floor":21,"key":"REST"},{"data":"champ:Taunt","floor":23,"key":"SMITH"},{"data":"champ:StanceDance","floor":26,"key":"SMITH"},{"data":"champ:Execute","floor":35,"key":"SMITH"},{"data":"champ:FalseCounter","floor":40,"key":"SMITH"},{"data":"expansioncontent:Collect","floor":42,"key":"SMITH"},{"data":"champ:ShieldSigil","floor":44,"key":"SMITH"}],"circlet_count":0,"master_deck":["champ:Defend","champ:Defend","champ:Defend","champ:Defend","champ:Execute+1","champ:Taunt+1","champ:Circumvent+1","champ:ShieldSigil+1","champ:FalseCounter+1","champ:RapidStrikes+1","Dramatic Entrance+1","champ:Taunt+1","champ:BringItOn","champ:Riposte","champ:GutPunch+1","champ:Encircle+1","champ:CrownThrow+1","champ:FlashCut+1","champ:BladeFlurry+1","champ:FaceSlap+1","champ:TornadoPunch+1","champ:StanceDance+1","champ:DefensiveStyle+1","champ:HeartStrike+1","Slimebound:Tackle+1","Slimebound:Tackle+1","Slimebound:Tackle+1","champ:Encircle+1","champ:CheapShot+1","champ:RisingSlash+1","expansioncontent:Collect+1","champ:Riposte+1","champ:StanceDance+1","champ:TornadoPunch+1","champ:RageSigil","champ:Shatter+1"],"relics":["champ:ChampionCrown","downfall:HeartBlessingRed","Strawberry","Molten Egg 2","downfall:HeartBlessingGreen","Matryoshka","Busted Crown","Happy Flower","Bag of Preparation","Pantograph","Enchiridion","sneckomod:SneckoTalon","HornCleat","downfall:HeartBlessingBlue","Orrery","Unceasing Top"],"acts_visited":["Exordium","TheCity","TheBeyond","TheEnding"],"potions_floor_usage":[9,16,50],"damage_taken":[{"damage":5,"enemies":"Jaw Worm","floor":2,"turns":4},{"damage":0,"enemies":"2 Louse","floor":4,"turns":2},{"damage":0,"enemies":"Cultist","floor":6,"turns":1},{"damage":28,"enemies":"Lots of Slimes","floor":8,"turns":5},{"damage":59,"enemies":"Gremlin Nob","floor":9,"turns":6},{"damage":1,"enemies":"Exordium Thugs","floor":12,"turns":2},{"damage":5,"enemies":"downfall:FleeingMerchant","floor":13,"turns":4},{"damage":3,"enemies":"Gremlin Gang","floor":15,"turns":3},{"damage":77,"enemies":"downfall:Defect","floor":16,"turns":6},{"damage":12,"enemies":"Chosen","floor":19,"turns":4},{"damage":50,"enemies":"Book of Stabbing","floor":20,"turns":6},{"damage":34,"enemies":"Snake Plant","floor":22,"turns":3},{"damage":27,"enemies":"downfall:FleeingMerchant","floor":25,"turns":4},{"damage":5,"enemies":"Centurion and Healer","floor":28,"turns":3},{"damage":10,"enemies":"Sentry and Sphere","floor":29,"turns":2},{"damage":18,"enemies":"downfall:FleeingMerchant","floor":30,"turns":4},{"damage":18,"enemies":"Shelled Parasite and Fungi","floor":32,"turns":2},{"damage":57,"enemies":"downfall:Watcher","floor":33,"turns":5},{"damage":2,"enemies":"Orb Walker","floor":36,"turns":2},{"damage":7,"enemies":"3 Shapes","floor":38,"turns":2},{"damage":37,"enemies":"Spire Growth","floor":47,"turns":2},{"damage":7,"enemies":"2 Orb Walkers","floor":48,"turns":4},{"damage":25,"enemies":"Maw","floor":49,"turns":4},{"damage":47,"enemies":"downfall:Ironclad","floor":50,"turns":11},{"damage":205,"enemies":"downfall:CharBossMerchant","floor":52,"turns":8}],"seed_played":"-2258618893894523553","potions_obtained":[{"floor":4,"key":"Block Potion"},{"floor":9,"key":"champ:CounterPotion"},{"floor":15,"key":"PowerPotion"},{"floor":16,"key":"FairyPotion"},{"floor":22,"key":"Ancient Potion"},{"floor":49,"key":"DistilledChaos"}],"is_trial":false,"path_per_floor":["R","M","?","M","R","M","T","M","E","R","?","M","$","T","M","B",null,"R","M","E","R","M","R","T","$","R","?","M","M","$","?","M","B",null,"R","M","?","M","?","R","T","R","?","R","$","$","M","?","M","B",null,"E"],"character_chosen":"THE_CHAMP","items_purchased":["champ:GutPunch+1","champ:TornadoPunch+1","champ:StanceDance","champ:HeartStrike+1","Orrery","champ:RageSigil"],"campfire_rested":2,"item_purchase_floors":[13,25,25,30,45,45],"current_hp_per_floor":[99,99,99,99,99,99,106,88,37,68,68,67,67,67,67,21,106,106,102,69,100,84,84,84,75,75,59,67,67,59,59,54,42,106,106,106,116,110,110,110,110,120,120,120,120,120,120,118,113,115,126,0,0],"gold":252,"neow_bonus":"TEN_PERCENT_HP_BONUS","is_daily":false,"chose_seed":false,"campfire_upgraded":8,"win_rate":0.0,"timestamp":1608265684,"path_taken":["R","M","?","M","R","M","T","M","E","R","?","?","?","?","M","BOSS","R","M","E","R","?","R","T","$","R","?","M","M","$","?","M","BOSS","R","M","?","?","?","R","T","R","?","R","?","$","?","?","M","BOSS","E"],"items_purchased_type":["Card","Card","Card","Card","Relic","Card"],"build_version":"2020-12-13","purchased_purges":0,"victory":false,"max_hp_per_floor":[99,99,99,99,99,99,106,106,106,106,106,106,106,106,106,106,106,106,106,106,106,106,106,106,106,106,106,106,106,106,106,106,106,106,106,106,116,116,116,116,116,126,126,126,126,126,126,126,126,126,126,126,126],"card_choices":[{"not_picked":["champ:BringItOn","champ:RageSigil"],"picked":"champ:Circumvent","floor":2},{"not_picked":["champ:StanceDance","champ:FanOfKnives"],"picked":"champ:ShieldSigil","floor":4},{"not_picked":["champ:Circumvent","champ:TornadoPunch"],"picked":"champ:FalseCounter","floor":6},{"not_picked":["champ:BerserkersShout","champ:HeartStrike","champ:ShieldSigil"],"picked":"SKIP","floor":8},{"not_picked":["champ:HeartStrike+1","champ:AdrenalArmor"],"picked":"champ:RapidStrikes+1","floor":9},{"not_picked":["champ:DefensiveShout","champ:FocusedBerserking","champ:AdrenalArmor"],"picked":"SKIP","floor":12},{"not_picked":["champ:DefensiveShout","champ:ShieldSlam+1"],"picked":"champ:Riposte","floor":13},{"not_picked":["champ:FocusedBerserking","champ:EnGarde"],"picked":"champ:Encircle+1","floor":15},{"not_picked":["champ:Devastate+1","champ:Improvising"],"picked":"champ:CrownThrow+1","floor":16},{"not_picked":[],"picked":"champ:FlashCut+1","floor":19},{"not_picked":["champ:PreciseThrust+1"],"picked":"SKIP","floor":20},{"not_picked":[],"picked":"champ:BladeFlurry+1","floor":22},{"not_picked":[],"picked":"champ:FaceSlap+1","floor":25},{"not_picked":[],"picked":"champ:DefensiveStyle+1","floor":28},{"not_picked":["champ:Haymaker+1"],"picked":"SKIP","floor":29},{"not_picked":["champ:Riposte"],"picked":"SKIP","floor":30},{"not_picked":[],"picked":"champ:Encircle+1","floor":32},{"not_picked":[],"picked":"champ:CheapShot+1","floor":33},{"not_picked":["champ:Encircle+1"],"picked":"SKIP","floor":36},{"not_picked":[],"picked":"champ:RisingSlash+1","floor":38},{"not_picked":[],"picked":"expansioncontent:Collect","floor":39},{"not_picked":[],"picked":"champ:Riposte+1","floor":45},{"not_picked":[],"picked":"champ:StanceDance+1","floor":45},{"not_picked":[],"picked":"champ:TornadoPunch+1","floor":45},{"not_picked":["champ:Circumvent"],"picked":"SKIP","floor":47},{"not_picked":[],"picked":"champ:Shatter+1","floor":48},{"not_picked":["champ:FightOn"],"picked":"SKIP","floor":49}],"player_experience":292906,"relics_obtained":[{"floor":7,"key":"Strawberry"},{"floor":9,"key":"Molten Egg 2"},{"floor":14,"key":"Matryoshka"},{"floor":20,"key":"Happy Flower"},{"floor":24,"key":"Bag of Preparation"},{"floor":24,"key":"Pantograph"},{"floor":27,"key":"Enchiridion"},{"floor":41,"key":"HornCleat"},{"floor":48,"key":"Unceasing Top"}],"event_choices":[{"damage_healed":0,"gold_gain":0,"player_choice":"Fight","damage_taken":0,"max_hp_gain":0,"max_hp_loss":0,"event_name":"Mysterious Sphere","floor":48,"gold_loss":0}],"is_beta":false,"boss_relics":[{"not_picked":["Ectoplasm","Philosopher\u0027s Stone"],"picked":"Busted Crown"},{"not_picked":["Tiny House","SacredBark"],"picked":"sneckomod:SneckoTalon"}],"items_purged_floors":[],"is_endless":false,"potions_floor_spawned":[4,9,15,16,22,28,33,36,48,49],"killed_by":"downfall:CharBossMerchant","ascension_level":0}}