{"host":"0fm1w3v00gid44jl","time":1608317486,"event":{"mods":["AchievementEnabler","BaseMod","Colored Map","Colored Powertips","Displayed Cursed Tome","Downfall","Googly Eyes","Highlight Path","Minty Spire (QoL Compilation)","Permanent Neow","Relic Stats","StSLib","SuperFastMode","slay the spire mod where everything is the same but ironclad has a cowboy hat"],"gold_per_floor":[0,14,48,61,61,73,96,109,109,143,7,7,20,32,49,149,149,149,162,162,189,189,224,249,174,174,174,190,175,53,73,91,191,191,191,241,241,70,82,82,82,109,109,136,64,64,83,4,20,20],"floor_reached":51,"playtime":3136,"items_purged":[],"score":828,"play_id":"fe462a45-e792-4ffa-977d-36b4f08ceb70","local_time":"20201218125126","is_ascension_mode":false,"campfire_choices":[{"data":"champ:Devastate","floor":1.0,"key":"SMITH"},{"data":"champ:CalledShot","floor":5.0,"key":"SMITH"},{"data":"champ:Taunt","floor":9.0,"key":"SMITH"},{"data":"champ:StrikeOfGenius","floor":18.0,"key":"SMITH"},{"data":"champ:IgnorePain","floor":20.0,"key":"SMITH"},{"floor":25.0,"key":"REST"},{"data":"champ:IronFortress","floor":27.0,"key":"SMITH"},{"data":"champ:Duel","floor":35,"key":"SMITH"},{"data":"champ:EnGarde","floor":37,"key":"SMITH"},{"data":"champ:BladeFlurry","floor":40,"key":"SMITH"},{"data":"champ:ShieldWall","floor":43,"key":"SMITH"}],"circlet_count":0,"master_deck":["champ:Defend","champ:Defend","champ:Defend","champ:Execute","champ:Taunt+1","champ:GladiatorStyle","champ:GladiatorsShout","champ:CalledShot+1","champ:DefensiveShout","champ:DefensiveStyle","champ:ArenaPreparation","champ:IgnorePain+1","champ:RisingSlash","champ:Circumvent+1","champ:RisingSlash","champ:BladeFlurry+1","champ:BringItOn+1","champ:StrikeOfGenius+1","champ:StanceDance+1","champ:EndlessRage+1","champ:ShieldSigil+1","champ:IronFortress+1","champ:BringItOn+1","champ:Duel+1","champ:LastStand","champ:ArenaPreparation","champ:ShieldWall+1","champ:RisingSlash","champ:ShieldSigil+1","champ:EnGarde+1","champ:Balance+1","champ:BringItOn+1","champ:Circumvent+1","champ:TornadoPunch","champ:DefensiveShout+1"],"relics":["champ:ChampionCrown","Toy Ornithopter","Smiling Mask","Boot","Astrolabe","Art of War","Omamori","Oddly Smooth Stone","downfall:HeartBlessingGreen","expansioncontent:StudyCardRelic","Incense Burner","Lee\u0027s Waffle","The Courier","Strawberry","Torii","HandDrill","Toxic Egg 2","PreservedInsect"],"acts_visited":["Exordium","TheCity","TheBeyond"],"potions_floor_usage":[33,33,44,50,50],"damage_taken":[{"damage":3.0,"enemies":"Small Slimes","floor":2.0,"turns":3.0},{"damage":30.0,"enemies":"Lagavulin","floor":3.0,"turns":7.0},{"damage":11.0,"enemies":"Cultist","floor":4.0,"turns":3.0},{"damage":1.0,"enemies":"Jaw Worm","floor":6.0,"turns":4.0},{"damage":22.0,"enemies":"Gremlin Gang","floor":8.0,"turns":7.0},{"damage":17.0,"enemies":"Gremlin Nob","floor":10.0,"turns":4.0},{"damage":20.0,"enemies":"downfall:FleeingMerchant","floor":11.0,"turns":4.0},{"damage":4.0,"enemies":"2 Fungi Beasts","floor":13.0,"turns":3.0},{"damage":5.0,"enemies":"Gremlin Gang","floor":14.0,"turns":3.0},{"damage":22.0,"enemies":"Exordium Thugs","floor":15.0,"turns":3.0},{"damage":13.0,"enemies":"downfall:Watcher","floor":16.0,"turns":8.0},{"damage":27.0,"enemies":"3 Byrds","floor":19.0,"turns":6.0},{"damage":37.0,"enemies":"Gremlin Leader","floor":21.0,"turns":8.0},{"damage":64.0,"enemies":"Slavers","floor":23.0,"turns":6.0},{"damage":8.0,"enemies":"Shelled Parasite and Fungi","floor":28.0,"turns":5.0},{"damage":12.0,"enemies":"downfall:FleeingMerchant","floor":29.0,"turns":4.0},{"damage":5,"enemies":"downfall:FleeingMerchant","floor":30,"turns":4},{"damage":36,"enemies":"Snake Plant","floor":31,"turns":3},{"damage":5,"enemies":"Cultist and Chosen","floor":32,"turns":5},{"damage":58,"enemies":"downfall:Silent","floor":33,"turns":8},{"damage":51,"enemies":"Mind Bloom Boss Battle","floor":36,"turns":7},{"damage":16,"enemies":"downfall:FleeingMerchant","floor":38,"turns":4},{"damage":13,"enemies":"3 Shapes","floor":39,"turns":5},{"damage":28,"enemies":"Giant Head","floor":42,"turns":11},{"damage":7,"enemies":"Nemesis","floor":44,"turns":7},{"damage":10,"enemies":"downfall:FleeingMerchant","floor":45,"turns":2},{"damage":8,"enemies":"Orb Walker","floor":47,"turns":2},{"damage":36,"enemies":"Sphere and 2 Shapes","floor":49,"turns":4},{"damage":7,"enemies":"downfall:Ironclad","floor":50,"turns":4}],"seed_played":"7526561728580221478","potions_obtained":[{"floor":4.0,"key":"Energy Potion"},{"floor":6.0,"key":"Weak Potion"},{"floor":8.0,"key":"EssenceOfSteel"},{"floor":14.0,"key":"PowerPotion"},{"floor":15.0,"key":"Block Potion"},{"floor":19.0,"key":"SpeedPotion"},{"floor":28.0,"key":"champ:CounterPotion"},{"floor":31,"key":"Regen Potion"},{"floor":39,"key":"Block Potion"},{"floor":42,"key":"SteroidPotion"},{"floor":47,"key":"SteroidPotion"}],"is_trial":false,"path_per_floor":["R","M","E","M","R","M","T","M","R","E","$","?","M","M","M","B",null,"R","M","R","E","?","E","T","R","?","R","M","$","$","M","M","B",null,"R","?","R","$","M","R","T","E","R","E","$","?","M","$","M","B",null],"character_chosen":"THE_CHAMP","items_purchased":["champ:RisingSlash","champ:Circumvent","champ:ShieldWall","champ:RisingSlash","Lee\u0027s Waffle","HandDrill","Toxic Egg 2","PreservedInsect","champ:Circumvent+1","champ:TornadoPunch"],"campfire_rested":1,"item_purchase_floors":[11,11,30,30,38,45,45,45,48,48],"current_hp_per_floor":[90,87,70,64,64,63,63,52,52,45,40,40,36,41,24,27,90,90,90,90,65,90,39,39,66,66,66,63,73,74,43,43,34,90,90,49,49,97,89,89,89,87,87,95,95,87,89,89,53,62],"gold":20,"neow_bonus":"TRANSFORM_TWO_CARDS","is_daily":false,"chose_seed":false,"campfire_upgraded":10,"win_rate":0.0,"timestamp":1608317486,"path_taken":["R","M","E","M","R","M","T","M","R","E","$","?","M","M","M","BOSS","R","M","R","E","?","E","T","R","?","R","?","$","$","M","M","BOSS","R","?","R","$","M","R","T","E","R","E","$","?","?","?","M","BOSS"],"items_purchased_type":["Card","Card","Card","Card","Relic","Relic","Relic","Relic","Card","Card"],"build_version":"2020-12-13","purchased_purges":0,"victory":true,"max_hp_per_floor":[90,90,90,90,90,90,90,90,90,90,90,90,90,90,90,90,90,90,90,90,90,90,90,90,90,90,90,90,90,90,90,90,90,90,90,90,90,97,97,97,97,104,104,104,104,104,104,104,104,104],"relic_stats":{"Lee\u0027s Waffle":54,"Torii":15,"counters":[29,144],"Astrolabe":["champ:StanceDance","champ:EndlessRage","champ:ShieldSigil"],"PreservedInsect":0,"Art of War":[28],"HandDrill":[10],"Smiling Mask":0,"Boot":[69],"obtain_stats":[{"Lee\u0027s Waffle":38,"Torii":44,"Astrolabe":17,"Oddly Smooth Stone":24,"champ:ChampionCrown":0,"downfall:HeartBlessingGreen":25,"The Courier":41,"PreservedInsect":45,"Omamori":23,"expansioncontent:StudyCardRelic":34,"Incense Burner":36,"Smiling Mask":7,"Boot":10,"Strawberry":42,"Art of War":21,"HandDrill":45,"Toxic Egg 2":45,"Toy Ornithopter":3},{"Lee\u0027s Waffle":22,"Torii":25,"Astrolabe":11,"Oddly Smooth Stone":14,"champ:ChampionCrown":0,"downfall:HeartBlessingGreen":14,"The Courier":23,"PreservedInsect":26,"Omamori":14,"expansioncontent:StudyCardRelic":20,"Incense Burner":21,"Smiling Mask":4,"Boot":6,"Strawberry":24,"Art of War":13,"HandDrill":26,"Toxic Egg 2":26,"Toy Ornithopter":2},{"Lee\u0027s Waffle":109,"Torii":132,"Astrolabe":49,"Oddly Smooth Stone":69,"champ:ChampionCrown":0,"downfall:HeartBlessingGreen":69,"The Courier":114,"PreservedInsect":134,"Omamori":69,"expansioncontent:StudyCardRelic":98,"Incense Burner":105,"Smiling Mask":17,"Boot":28,"Strawberry":125,"Art of War":63,"HandDrill":134,"Toxic Egg 2":134,"Toy Ornithopter":10}],"Toy Ornithopter":45},"card_choices":[{"not_picked":["champ:FocusedDefense","champ:RageSigil"],"picked":"champ:GladiatorsShout","floor":2.0},{"not_picked":["champ:BerserkersShout","champ:FocusedBerserking"],"picked":"champ:CalledShot","floor":3.0},{"not_picked":["champ:ShieldSigil","champ:FlashCut"],"picked":"champ:DefensiveShout","floor":4.0},{"not_picked":["champ:Backstep","champ:FlashCut"],"picked":"champ:DefensiveStyle","floor":6.0},{"not_picked":["champ:Shatter","champ:EnragedBash","champ:Control"],"picked":"SKIP","floor":8.0},{"not_picked":["champ:FalseCounter","champ:Shatter"],"picked":"champ:ArenaPreparation","floor":10.0},{"not_picked":["champ:TornadoPunch","champ:CalledShot"],"picked":"champ:IgnorePain","floor":11.0},{"not_picked":["champ:Encircle","champ:Haymaker"],"picked":"champ:RisingSlash","floor":13.0},{"not_picked":["champ:StanceDance","champ:Encircle"],"picked":"champ:BladeFlurry","floor":14.0},{"not_picked":["champ:DefensiveShout","champ:PerfectedStrike"],"picked":"champ:BringItOn","floor":15.0},{"not_picked":["champ:SteelEdge","champ:CrownThrow"],"picked":"champ:StrikeOfGenius","floor":16.0},{"not_picked":["champ:TornadoPunch","champ:GladiatorStyle"],"picked":"champ:IronFortress","floor":19.0},{"not_picked":["champ:Haymaker+1","champ:StanceDance","champ:RageSigil+1"],"picked":"SKIP","floor":21.0},{"not_picked":["champ:ShieldThrow","champ:Encircle"],"picked":"champ:BringItOn+1","floor":23.0},{"not_picked":["champ:Circumvent","champ:RapidStrikes"],"picked":"champ:Duel","floor":28.0},{"not_picked":["champ:GladiatorsShout+1","champ:BerserkersShout+1"],"picked":"champ:LastStand","floor":29},{"not_picked":["champ:BerserkersShout","champ:CrookedStrike"],"picked":"champ:ArenaPreparation","floor":30},{"not_picked":["champ:BerserkersShout","champ:FanOfKnives","champ:FocusedGladiator"],"picked":"SKIP","floor":31},{"not_picked":["champ:StanceDance","champ:Backstep+1"],"picked":"champ:ShieldSigil","floor":32},{"not_picked":["champ:ViciousMockery","champ:RageSigil"],"picked":"champ:EnGarde","floor":36},{"not_picked":["champ:BerserkersShout","champ:PerfectedStrike","champ:FanOfKnives"],"picked":"SKIP","floor":38},{"not_picked":["champ:PerfectedStrike+1","champ:FlashCut"],"picked":"champ:Balance+1","floor":39},{"not_picked":["champ:FocusedGladiator","champ:BringItOn","champ:CrookedStrike"],"picked":"SKIP","floor":42},{"not_picked":["champ:Encircle+1","champ:HeavySlash","champ:Backstep"],"picked":"SKIP","floor":44},{"not_picked":["champ:DancingMaster","champ:GutPunch","champ:CrookedStrike+1"],"picked":"SKIP","floor":45},{"not_picked":["champ:ShieldWall+1","champ:TornadoPunch"],"picked":"champ:BringItOn+1","floor":47},{"not_picked":["champ:StanceDance+1","champ:PerfectedStrike+1"],"picked":"champ:DefensiveShout+1","floor":49}],"player_experience":1381310,"relics_obtained":[{"floor":3.0,"key":"Toy Ornithopter"},{"floor":7.0,"key":"Smiling Mask"},{"floor":10.0,"key":"Boot"},{"floor":21.0,"key":"Art of War"},{"floor":23.0,"key":"Omamori"},{"floor":24.0,"key":"Oddly Smooth Stone"},{"floor":36,"key":"Incense Burner"},{"floor":41,"key":"The Courier"},{"floor":42,"key":"Strawberry"},{"floor":44,"key":"Torii"}],"event_choices":[{"damage_healed":0.0,"max_hp_gain":0.0,"max_hp_loss":0.0,"gold_gain":0.0,"event_name":"Accursed Blacksmith","player_choice":"Forge","floor":12.0,"gold_loss":0.0,"damage_taken":0.0,"cards_upgraded":["champ:Circumvent"]},{"damage_healed":30.0,"max_hp_gain":0.0,"max_hp_loss":0.0,"gold_gain":0.0,"event_name":"The Library","player_choice":"Heal","floor":22.0,"gold_loss":0.0,"damage_taken":0.0},{"cards_removed":["champ:Devastate"],"damage_healed":0.0,"max_hp_gain":0.0,"max_hp_loss":0.0,"gold_gain":0.0,"event_name":"Purifier","player_choice":"Purged","floor":26.0,"gold_loss":0.0,"damage_taken":0.0}],"is_beta":false,"boss_relics":[{"not_picked":["champ:ChampionCrownUpgraded","Tiny House"],"picked":"Astrolabe"},{"not_picked":["Black Star","Busted Crown"],"picked":"expansioncontent:StudyCardRelic"}],"items_purged_floors":[],"is_endless":false,"potions_floor_spawned":[4,6,8,14,15,16,19,28,31,39,42,47,49],"ascension_level":0}}