{"host":"fj97s2ebyjeio3oc","time":1608324215,"event":{"mods":["AchievementEnabler","BaseMod","Colored Map","Colored Powertips","Hermit","Hubris","Infinite Spire","Koishi","Minty Spire (QoL Compilation)","StSLib","The Animator","The Bug Knight","The Cursed","The Disciple","The Jungle","The Necromancer"],"gold_per_floor":[144,144,189,234,279,279,369,369,394,394,394],"floor_reached":10,"playtime":736,"items_purged":[],"score":118,"play_id":"e93c7c54-c7c8-441e-8998-b3104cb33ecc","local_time":"20201218214335","daily_mods":["Draft","Colorless Cards","Midas"],"is_ascension_mode":false,"campfire_choices":[{"floor":6,"key":"REST"},{"floor":8,"key":"REST"}],"circlet_count":0,"master_deck":["Madness","JustLucky","CrushJoints","Halt","Flash of Steel","EmptyMind","EmptyBody","PathToVictory","JustLucky","ClearTheMind","FlurryOfBlows","JustLucky","JustLucky","Jack Of All Trades","JustLucky","Weave","Decay","Swivel","Halt","FlurryOfBlows","Forethought"],"relics":["PureWater","Happy Flower","infinitespire:Lucky Rock"],"acts_visited":["Exordium"],"potions_floor_usage":[7,7],"damage_taken":[{"damage":0,"enemies":"Small Slimes","floor":1,"turns":3},{"damage":2,"enemies":"Cultist","floor":3,"turns":3},{"damage":12,"enemies":"2 Louse","floor":4,"turns":3},{"damage":3,"enemies":"Blue Slaver","floor":5,"turns":3},{"damage":0,"enemies":"Gremlin Nob","floor":7,"turns":2},{"damage":5,"enemies":"HollowMod:MossKnight","floor":10,"turns":2}],"seed_played":"4511563792049188764","potions_obtained":[{"floor":1,"key":"SkillPotion"},{"floor":4,"key":"Fire Potion"}],"is_trial":false,"path_per_floor":["M","?","M","M","M","R","E","R","T","E"],"character_chosen":"WATCHER","items_purchased":[],"campfire_rested":2,"item_purchase_floors":[],"current_hp_per_floor":[72,72,70,58,55,72,72,72,72,67,67],"gold":394,"neow_bonus":"","is_daily":true,"chose_seed":false,"campfire_upgraded":0,"win_rate":0.0,"timestamp":1608324215,"path_taken":["M","?","M","M","?","R","E","R","T","E"],"items_purchased_type":[],"build_version":"2020-12-13","purchased_purges":0,"victory":false,"max_hp_per_floor":[72,72,72,72,72,72,72,72,72,72,72],"card_choices":[{"not_picked":["Protect","BowlingBash"],"picked":"Madness","floor":0},{"not_picked":["hubris:Insight","ClearTheMind"],"picked":"JustLucky","floor":0},{"not_picked":["Halt","Protect"],"picked":"CrushJoints","floor":0},{"not_picked":["Protect","ClearTheMind"],"picked":"Halt","floor":0},{"not_picked":["Perseverance","animator:QuestionMark"],"picked":"Flash of Steel","floor":0},{"not_picked":["Worship","ClearTheMind"],"picked":"EmptyMind","floor":0},{"not_picked":["animator:Urushihara","Purity"],"picked":"EmptyBody","floor":0},{"not_picked":["Protect","Wireheading"],"picked":"PathToVictory","floor":0},{"not_picked":["Prostrate","Jack Of All Trades"],"picked":"JustLucky","floor":0},{"not_picked":["Fasting2","BowlingBash"],"picked":"ClearTheMind","floor":0},{"not_picked":["Prostrate","PathToVictory"],"picked":"FlurryOfBlows","floor":0},{"not_picked":["Halt","animator:Canti"],"picked":"JustLucky","floor":0},{"not_picked":["Enlightenment","ClearTheMind"],"picked":"JustLucky","floor":0},{"not_picked":["animator:IchigoKurosaki","Wireheading"],"picked":"Jack Of All Trades","floor":0},{"not_picked":["animator:Canti","ClearTheMind"],"picked":"JustLucky","floor":0},{"not_picked":["Protect","ThirdEye"],"picked":"Weave","floor":1},{"not_picked":["SashWhip","Consecrate"],"picked":"Swivel","floor":3},{"not_picked":["ThirdEye","Protect"],"picked":"Halt","floor":4},{"not_picked":["SashWhip","EmptyBody"],"picked":"FlurryOfBlows","floor":5},{"not_picked":["animator:Kagari","animator:Urushihara"],"picked":"Forethought","floor":7}],"player_experience":441572,"relics_obtained":[{"floor":7,"key":"Happy Flower"},{"floor":9,"key":"infinitespire:Lucky Rock"}],"event_choices":[{"damage_healed":0,"gold_gain":0,"player_choice":"Cursed","damage_taken":0,"max_hp_gain":0,"max_hp_loss":0,"event_name":"Wheel of Change","floor":2,"gold_loss":0,"cards_obtained":["Decay"]}],"is_beta":false,"boss_relics":[],"items_purged_floors":[],"is_endless":false,"potions_floor_spawned":[1,4],"killed_by":"HollowMod:MossKnight","ascension_level":0}}