{"host":"m6aaltr68g9tvoay","time":1608252694,"event":{"mods":["AchievementEnabler","BaseMod","Colored Map","Minty Spire (QoL Compilation)","StSLib"],"gold_per_floor":[114,114,133,133,151,151,182,182,234,253,253,264,296,296,296,374,374,384,384,402,402,415,415,448,448,523,535,50,50,100,125,125,125,125],"floor_reached":33,"playtime":1511,"items_purged":["Decay"],"score":669,"play_id":"27fcc451-9ef9-4ab9-9218-c01fb1dcf0f2","local_time":"20201217165134","is_ascension_mode":true,"campfire_choices":[{"data":"Dagger Spray","floor":6.0,"key":"SMITH"},{"data":"Blade Dance","floor":8.0,"key":"SMITH"},{"floor":15.0,"key":"REST"},{"floor":23.0,"key":"REST"},{"data":"Backflip","floor":25,"key":"SMITH"},{"data":"Finisher","floor":29,"key":"SMITH"},{"data":"Caltrops","floor":32,"key":"SMITH"}],"circlet_count":0,"master_deck":["AscendersBane","Strike_G+1","Strike_G","Strike_G+1","Defend_G","Defend_G","Defend_G","Defend_G","Defend_G","Survivor","Neutralize","Backstab","Outmaneuver","Leg Sweep","Dagger Spray+1","Blade Dance+1","Dagger Throw","Riddle With Holes","Neutralize","Choke","Adrenaline","Caltrops+1","Finisher+1","Backflip+1","PiercingWail","Swift Strike","Backstab"],"relics":["Ring of the Snake","Meat on the Bone","Ornamental Fan","Whetstone","Blue Candle","WristBlade","Smiling Mask","Darkstone Periapt","Eternal Feather","Shuriken"],"acts_visited":["Exordium","TheCity"],"potions_floor_usage":[24,27,31,33],"damage_taken":[{"damage":6.0,"enemies":"Cultist","floor":1.0,"turns":4.0},{"damage":0.0,"enemies":"2 Louse","floor":3.0,"turns":2.0},{"damage":1.0,"enemies":"Jaw Worm","floor":5.0,"turns":6.0},{"damage":19.0,"enemies":"Lagavulin","floor":7.0,"turns":7.0},{"damage":9.0,"enemies":"Large Slime","floor":10.0,"turns":4.0},{"damage":2.0,"enemies":"Red Slaver","floor":12.0,"turns":2.0},{"damage":8.0,"enemies":"3 Sentries","floor":13.0,"turns":7.0},{"damage":62.0,"enemies":"The Guardian","floor":16.0,"turns":17.0},{"damage":0.0,"enemies":"Chosen","floor":18.0,"turns":2.0},{"damage":0.0,"enemies":"Spheric Guardian","floor":20.0,"turns":1.0},{"damage":3.0,"enemies":"Cultist and Chosen","floor":22.0,"turns":7.0},{"damage":0,"enemies":"Gremlin Leader","floor":24,"turns":3},{"damage":3,"enemies":"3 Cultists","floor":27,"turns":3},{"damage":0,"enemies":"Book of Stabbing","floor":31,"turns":3},{"damage":79,"enemies":"Champ","floor":33,"turns":8}],"seed_played":"8219334898422833692","potions_obtained":[{"floor":0.0,"key":"CultistPotion"},{"floor":0.0,"key":"Energy Potion"},{"floor":16.0,"key":"CunningPotion"},{"floor":24,"key":"Energy Potion"},{"floor":27,"key":"FearPotion"}],"is_trial":false,"path_per_floor":["M","T","M","?","M","R","E","R","T","M","?","M","E","?","R","B",null,"M","?","M","?","M","R","E","R","T","M","$","R","?","E","R","B"],"character_chosen":"THE_SILENT","items_purchased":["Eternal Feather","Swift Strike","FearPotion"],"campfire_rested":2,"item_purchase_floors":[28,28,28],"current_hp_per_floor":[53,53,53,53,52,52,45,45,45,36,41,39,43,43,64,14,57,57,57,57,57,54,71,71,71,71,68,68,71,71,71,71,0,0],"gold":125,"neow_bonus":"THREE_SMALL_POTIONS","is_daily":false,"chose_seed":false,"campfire_upgraded":5,"win_rate":0.0,"timestamp":1608252694,"path_taken":["M","?","?","?","?","R","E","R","T","M","?","M","E","?","R","BOSS","M","?","?","?","M","R","E","R","T","M","$","R","?","E","R","BOSS"],"items_purchased_type":["Relic","Card","Potion"],"build_version":"2020-12-13","purchased_purges":1,"victory":false,"max_hp_per_floor":[66,66,66,66,66,66,66,66,66,66,71,71,71,71,71,71,71,71,71,71,71,71,71,71,71,71,71,71,71,71,71,71,71,71],"card_choices":[{"not_picked":["Bane","Poisoned Stab"],"picked":"Backstab","floor":1.0},{"not_picked":["Backflip","Underhanded Strike"],"picked":"Outmaneuver","floor":3.0},{"not_picked":["Escape Plan","Finisher"],"picked":"Dagger Spray","floor":5.0},{"not_picked":["Malaise","Heel Hook"],"picked":"Blade Dance","floor":7.0},{"not_picked":["Calculated Gamble","Acrobatics","Underhanded Strike"],"picked":"SKIP","floor":10.0},{"not_picked":["Dodge and Roll","Underhanded Strike"],"picked":"Dagger Throw","floor":12.0},{"not_picked":["Poisoned Stab","Deadly Poison"],"picked":"Riddle With Holes","floor":13.0},{"not_picked":["After Image","Unload"],"picked":"Adrenaline","floor":16.0},{"not_picked":["Dodge and Roll","Poisoned Stab"],"picked":"Caltrops","floor":18.0},{"not_picked":["Underhanded Strike","Backflip","Flying Knee"],"picked":"SKIP","floor":20.0},{"not_picked":["Outmaneuver","Poisoned Stab"],"picked":"Finisher","floor":22.0},{"not_picked":["Tactician+1","Outmaneuver"],"picked":"Backflip","floor":24},{"not_picked":["Underhanded Strike","Blade Dance"],"picked":"PiercingWail","floor":27},{"not_picked":["Distraction","Flechettes"],"picked":"Backstab","floor":31}],"player_experience":1252962,"relics_obtained":[{"floor":2.0,"key":"Meat on the Bone"},{"floor":7.0,"key":"Ornamental Fan"},{"floor":9.0,"key":"Whetstone"},{"floor":13.0,"key":"Blue Candle"},{"floor":24,"key":"Smiling Mask"},{"floor":26,"key":"Darkstone Periapt"},{"floor":31,"key":"Shuriken"}],"event_choices":[{"damage_healed":0.0,"max_hp_gain":0.0,"max_hp_loss":0.0,"gold_gain":0.0,"cards_transformed":["Strike_G"],"event_name":"Transmorgrifier","player_choice":"Transformed","floor":4.0,"gold_loss":0.0,"damage_taken":0.0,"cards_obtained":["Leg Sweep"]},{"damage_healed":0.0,"max_hp_gain":5.0,"max_hp_loss":0.0,"gold_gain":0.0,"event_name":"Big Fish","player_choice":"Donut","floor":11.0,"gold_loss":0.0,"damage_taken":0.0},{"damage_healed":0.0,"max_hp_gain":0.0,"max_hp_loss":0.0,"gold_gain":0.0,"event_name":"Match and Keep!","player_choice":"2 cards matched","floor":14.0,"gold_loss":0.0,"damage_taken":0.0,"cards_obtained":["Neutralize","Choke"]},{"cards_removed":["Strike_G"],"damage_healed":0.0,"max_hp_gain":0.0,"max_hp_loss":0.0,"gold_gain":0.0,"event_name":"Purifier","player_choice":"Purged","floor":19.0,"gold_loss":0.0,"damage_taken":0.0},{"damage_healed":0.0,"max_hp_gain":0.0,"max_hp_loss":0.0,"gold_gain":0.0,"event_name":"Forgotten Altar","player_choice":"Smashed Altar","floor":21.0,"gold_loss":0.0,"damage_taken":0.0,"cards_obtained":["Decay"]},{"damage_healed":0,"gold_gain":50,"player_choice":"Stole From Cult","damage_taken":0,"max_hp_gain":0,"max_hp_loss":0,"event_name":"Nest","floor":30,"gold_loss":0}],"is_beta":false,"boss_relics":[{"not_picked":["Tiny House","Busted Crown"],"picked":"WristBlade"}],"items_purged_floors":[28],"is_endless":false,"potions_floor_spawned":[3,5,16,20,24,27],"killed_by":"Champ","ascension_level":19}}