{"host":"tl8jdqk9pnwb74j1","time":1608294556,"event":{"mods":["BaseMod","BetterRewards","Custom Start","Minty Spire (QoL Compilation)","Shop Mod","StSLib","SuperFastMode"],"gold_per_floor":[130,130,130,55,74,74,94,94,94,126,153,173,24,24,24,122,122,161,178,103,103,103],"floor_reached":21,"playtime":669,"items_purged":["Strike_R","Strike_R"],"score":254,"play_id":"48b43e93-fe84-4c31-8752-6d33b9de3615","local_time":"20201218202916","is_ascension_mode":false,"campfire_choices":[{"data":"Transmutation","floor":6.0,"key":"SMITH"},{"data":"Rampage","floor":8.0,"key":"SMITH"},{"data":"Body Slam","floor":15.0,"key":"SMITH"}],"circlet_count":0,"master_deck":["Defend_R","Defend_R","Defend_R","Defend_R","Bash","Transmutation+1","Rampage+1","Shrug It Off","Body Slam+1","Barricade","Entrench","Shrug It Off","Evolve","Impervious","Rage"],"relics":["Burning Blood","Pantograph","Juzu Bracelet","Cursed Key"],"acts_visited":["Exordium","TheCity"],"potions_floor_usage":[],"damage_taken":[{"damage":6.0,"enemies":"Cultist","floor":1.0,"turns":3.0},{"damage":13.0,"enemies":"Jaw Worm","floor":5.0,"turns":4.0},{"damage":17.0,"enemies":"2 Louse","floor":7.0,"turns":3.0},{"damage":27.0,"enemies":"Gremlin Gang","floor":10.0,"turns":5.0},{"damage":8.0,"enemies":"Gremlin Nob","floor":11.0,"turns":4.0},{"damage":15.0,"enemies":"Large Slime","floor":12.0,"turns":6.0},{"damage":0.0,"enemies":"Slime Boss","floor":16.0,"turns":6.0},{"damage":0.0,"enemies":"2 Thieves","floor":18.0,"turns":3.0},{"damage":60.0,"enemies":"3 Byrds","floor":19.0,"turns":11.0},{"damage":0,"enemies":"Centurion and Healer","floor":21,"turns":1}],"seed_played":"-2199466754046874389","potions_obtained":[{"floor":1.0,"key":"ColorlessPotion"},{"floor":3.0,"key":"Block Potion"},{"floor":3.0,"key":"SkillPotion"},{"floor":11.0,"key":"EssenceOfSteel"},{"floor":12.0,"key":"BlessingOfTheForge"},{"floor":18.0,"key":"ElixirPotion"},{"floor":19.0,"key":"GamblersBrew"}],"is_trial":false,"path_per_floor":["M","?","?","$","M","R","M","R","T","M","E","M","$","?","R","B",null,"M","M","?","M"],"character_chosen":"IRONCLAD","items_purchased":["Shrug It Off"],"campfire_rested":0,"item_purchase_floors":[13],"current_hp_per_floor":[72,65,65,65,58,58,47,47,47,26,24,15,15,15,15,46,72,72,18,18,18,18],"gold":103,"neow_bonus":"RANDOM_COLORLESS_2","is_daily":false,"chose_seed":false,"campfire_upgraded":3,"win_rate":0.0,"timestamp":1608294556,"path_taken":["M","?","?","$","M","R","M","R","T","?","E","M","$","?","R","BOSS","M","M","?","M"],"items_purchased_type":["Card"],"build_version":"2020-12-13","purchased_purges":2,"victory":false,"max_hp_per_floor":[72,72,72,72,72,72,72,72,72,72,72,72,72,72,72,72,72,72,72,72,72,72],"card_choices":[{"not_picked":["Sadistic Nature","Thinking Ahead"],"picked":"Transmutation","floor":0.0},{"not_picked":["Metallicize","Shrug It Off"],"picked":"Rampage","floor":1.0},{"not_picked":["Uppercut","Clothesline","Blood for Blood"],"picked":"SKIP","floor":5.0},{"not_picked":["Evolve","Intimidate"],"picked":"Shrug It Off","floor":7.0},{"not_picked":["Warcry","Ghostly Armor"],"picked":"Body Slam","floor":10.0},{"not_picked":["Anger","Spot Weakness"],"picked":"Barricade","floor":11.0},{"not_picked":["Headbutt","Bloodletting"],"picked":"Entrench","floor":12.0},{"not_picked":["Bludgeon","Demon Form"],"picked":"Impervious","floor":16.0},{"not_picked":["Sever Soul+1","Clothesline","True Grit"],"picked":"SKIP","floor":18.0},{"not_picked":["Clash+1","Pommel Strike"],"picked":"Rage","floor":19.0}],"player_experience":948206,"relics_obtained":[{"floor":9.0,"key":"Pantograph"},{"floor":11.0,"key":"Juzu Bracelet"}],"event_choices":[{"cards_removed":["Strike_R"],"damage_healed":0.0,"max_hp_gain":0.0,"max_hp_loss":0.0,"gold_gain":0.0,"event_name":"Golden Wing","player_choice":"Card Removal","floor":2.0,"gold_loss":0.0,"damage_taken":7.0},{"damage_healed":0.0,"max_hp_gain":0.0,"max_hp_loss":0.0,"gold_gain":0.0,"event_name":"Lab","player_choice":"Got Potions","floor":3.0,"gold_loss":0.0,"damage_taken":0.0},{"damage_healed":0.0,"max_hp_gain":0.0,"max_hp_loss":0.0,"gold_gain":0.0,"cards_transformed":["Strike_R"],"event_name":"Transmorgrifier","player_choice":"Transformed","floor":14.0,"gold_loss":0.0,"damage_taken":0.0,"cards_obtained":["Evolve"]},{"cards_removed":["Strike_R"],"damage_healed":0.0,"max_hp_gain":0.0,"max_hp_loss":0.0,"gold_gain":0.0,"event_name":"Beggar","player_choice":"Gave Gold","floor":20.0,"gold_loss":75.0,"damage_taken":0.0}],"is_beta":false,"boss_relics":[{"not_picked":["SlaversCollar","Runic Pyramid"],"picked":"Cursed Key"}],"items_purged_floors":[4,13],"is_endless":false,"potions_floor_spawned":[1,7,11,12,18,19],"killed_by":"Centurion and Healer","ascension_level":0}}