{"host":"zerj8jnfx7q70f00","time":1608253078,"event":{"mods":["2.2 Compatiblity","AchievementEnabler","BaseMod","Minty Spire (QoL Compilation)","Permanent Neow","Quick Restart","SuperFastMode"],"gold_per_floor":[114,125,125,140,152,152,185,185,185,215,228,245,245,245],"floor_reached":13,"playtime":378,"items_purged":[],"score":102,"play_id":"14a8a6e9-c928-4be4-9e26-70adbab73a93","local_time":"20201218095758","is_ascension_mode":true,"campfire_choices":[{"data":"Bouncing Flask","floor":6,"key":"SMITH"},{"data":"Dodge and Roll","floor":8,"key":"SMITH"}],"circlet_count":0,"master_deck":["Strike_G","Strike_G","Strike_G","Strike_G","Strike_G","Defend_G","Defend_G","Defend_G","Defend_G","Defend_G","Survivor","Neutralize+1","Dagger Spray","Dodge and Roll+1","Bouncing Flask+1","Acrobatics","Noxious Fumes"],"relics":["Philosopher\u0027s Stone","Boot","Ninja Scroll","White Beast Statue"],"acts_visited":["Exordium"],"potions_floor_usage":[12,13],"damage_taken":[{"damage":0,"enemies":"2 Louse","floor":1,"turns":3},{"damage":0,"enemies":"Cultist","floor":2,"turns":4},{"damage":0,"enemies":"Small Slimes","floor":4,"turns":4},{"damage":1,"enemies":"Blue Slaver","floor":5,"turns":4},{"damage":13,"enemies":"Lagavulin","floor":7,"turns":6},{"damage":7,"enemies":"Gremlin Nob","floor":10,"turns":4},{"damage":0,"enemies":"Exordium Wildlife","floor":11,"turns":2},{"damage":0,"enemies":"2 Fungi Beasts","floor":12,"turns":2},{"damage":0,"enemies":"Lagavulin","floor":13,"turns":1}],"seed_played":"-5166334783833350616","potions_obtained":[{"floor":1,"key":"GhostInAJar"},{"floor":7,"key":"BlessingOfTheForge"},{"floor":10,"key":"PowerPotion"},{"floor":12,"key":"Dexterity Potion"}],"is_trial":false,"path_per_floor":["M","M","?","M","M","R","E","R","T","E","M","M","E"],"character_chosen":"THE_SILENT","items_purchased":[],"campfire_rested":0,"item_purchase_floors":[],"current_hp_per_floor":[70,70,70,70,69,69,56,56,56,49,49,49,49,49],"gold":245,"neow_bonus":"BOSS_RELIC","is_daily":false,"chose_seed":false,"campfire_upgraded":2,"win_rate":0.0,"timestamp":1608253078,"path_taken":["M","M","?","M","M","R","E","R","T","E","M","M","E"],"items_purchased_type":[],"build_version":"2020-12-13","purchased_purges":0,"victory":false,"max_hp_per_floor":[70,70,70,70,70,70,70,70,70,70,70,70,70,70],"card_choices":[{"not_picked":["Caltrops","Crippling Poison"],"picked":"Dagger Spray","floor":1},{"not_picked":["Prepared","Calculated Gamble","Crippling Poison"],"picked":"SKIP","floor":2},{"not_picked":["Tactician","Malaise"],"picked":"Dodge and Roll","floor":4},{"not_picked":["Dagger Spray","All Out Attack"],"picked":"Bouncing Flask","floor":5},{"not_picked":["Leg Sweep","Distraction","Endless Agony"],"picked":"SKIP","floor":7},{"not_picked":["Dagger Spray","Flechettes","All Out Attack"],"picked":"SKIP","floor":10},{"not_picked":["Dagger Throw","Blade Dance"],"picked":"Acrobatics","floor":11},{"not_picked":["Riddle With Holes","Outmaneuver"],"picked":"Noxious Fumes","floor":12}],"player_experience":8988,"relics_obtained":[{"floor":7,"key":"Boot"},{"floor":9,"key":"Ninja Scroll"},{"floor":10,"key":"White Beast Statue"}],"event_choices":[{"damage_healed":0,"gold_gain":0,"player_choice":"Upgraded","damage_taken":0,"max_hp_gain":0,"max_hp_loss":0,"event_name":"Upgrade Shrine","floor":3,"gold_loss":0,"cards_upgraded":["Neutralize"]}],"is_beta":false,"boss_relics":[],"items_purged_floors":[],"is_endless":false,"potions_floor_spawned":[1,7,10,11,12],"killed_by":"Lagavulin","ascension_level":1}}