{"host":"d61vkvf8c80cu18y","time":1608268068,"event":{"mods":["2.2 Compatiblity","AchievementEnabler","AlwaysNeverKeys","Aspiration","BaseMod","Better Altar","Better Note","Better Sensory Stone","Better Skull","Better Third Choice","BetterRewards","Challenge The Spire","Conspire","Custom Start","Energized Spire","GifTheSpireLib","Hermit","Highlight Path","Hubris","Infinite Spire","Ironclad Rager","Marked Mod","Minty Spire (QoL Compilation)","Quick Restart","Rare Cards Sparkle","Relic Filter","Replay The Spire","Retaliation","Shade Mod","Shop Mod","Spicy Shops","Spikes Relics","StSLib","Stuff the Spire","The Blue Laboratory","The Cursed","The Runesmith","The Sage","The Servant 0.9.4","TheVacant","Thieving Mod","Virulent Crown","thorton"],"gold_per_floor":[31,31,50,50,24,24,43,74,153,171,184,229,229,94,94,191,191,211,321,337,337,412,412,412],"floor_reached":23,"playtime":1520,"items_purged":[],"score":239,"play_id":"f26c88ed-364b-49dc-aad5-70ca53b7448f","local_time":"20201217230748","is_ascension_mode":false,"campfire_choices":[{"floor":6.0,"key":"REST"},{"data":"Shade:TouchOfTheGrave","floor":13.0,"key":"SMITH"},{"floor":15.0,"key":"REST"}],"circlet_count":0,"master_deck":["Shade:Strike_Shade","Shade:Strike_Shade","Shade:Strike_Shade","Shade:Strike_Shade","Shade:Defend_Shade","Shade:Defend_Shade","Shade:Defend_Shade","Shade:Defend_Shade","Shade:AnimateDead","Shade:CarefulCut","Shade:PressTheAttack","Shade:OpenGraves","Shade:Frenzy","Shade:FleshToFlesh","Shade:FleshToFlesh","Shade:AuraOfUnlife","Shade:GraveStillness+1","Shade:ScuttlingHand+1","Shade:TouchOfTheGrave+1","Shade:ExtraLimbs","Shade:OpenGraves+1","Shade:Frenzy+1","Shade:LichForm+1","Shade:CommandSoldier","Shade:ScuttlingHand+1","Shade:AnimateDead"],"relics":["Shade:YorickSkull","Tiny Chest","Blue Doll","Matryoshka","RetroEgg","aspiration:DSix","Lantern","Golden Egg","hubris:Spice","infinitespire:BottledMercury","conspire:SpecialSausage","conspire:TopHat","Orichalcum"],"acts_visited":["Exordium","TheCity"],"potions_floor_usage":[],"damage_taken":[{"damage":0.0,"enemies":"conspire:RoseBush","floor":1.0,"turns":2.0},{"damage":0.0,"enemies":"Small Slimes","floor":3.0,"turns":3.0},{"damage":0.0,"enemies":"Cultist","floor":7.0,"turns":4.0},{"damage":13.0,"enemies":"3 Sentries","floor":8.0,"turns":8.0},{"damage":0.0,"enemies":"Blue Slaver","floor":10.0,"turns":4.0},{"damage":0.0,"enemies":"Looter","floor":11.0,"turns":3.0},{"damage":0.0,"enemies":"Slime Boss","floor":16.0,"turns":5.0},{"damage":14.0,"enemies":"Shell Parasite","floor":18.0,"turns":4.0},{"damage":13.0,"enemies":"2 Thieves","floor":20.0,"turns":3.0},{"damage":1,"enemies":"Gremlin Leader","floor":23,"turns":2}],"seed_played":"8099128249851178221","potions_obtained":[{"floor":7.0,"key":"blueLaboratory:BubblePotion"},{"floor":8.0,"key":"Fire Potion"},{"floor":11.0,"key":"blueLaboratory:Moonshine"},{"floor":20.0,"key":"Elixir"}],"is_trial":false,"path_per_floor":["M","?","M","?","$","R","M","E","T","M","M","T","R","$","R","B",null,"M","?","M","?","?","E"],"character_chosen":"SHADE","items_purchased":["Tiny Chest","Shade:PressTheAttack","Blue Doll","Matryoshka","Shade:OpenGraves","Shade:Frenzy","Shade:GraveStillness+1","Shade:OpenGraves","Shade:Frenzy"],"campfire_rested":2,"item_purchase_floors":[0,0,0,0,0,0,5,14,14],"current_hp_per_floor":[34,34,34,34,34,53,53,40,40,40,40,48,48,48,69,69,73,59,21,8,8,1,0,0],"gold":412,"neow_bonus":"","is_daily":false,"chose_seed":false,"campfire_upgraded":1,"win_rate":0.0,"timestamp":1608268068,"path_taken":["M","?","M","?","$","R","M","E","T","M","?","?","R","$","R","BOSS","M","?","M","?","?","E"],"items_purchased_type":["Relic","Card","Relic","Relic","Card","Card","Card","Card","Card"],"build_version":"2020-12-13","purchased_purges":0,"victory":false,"max_hp_per_floor":[65,65,65,65,65,65,65,65,65,65,65,73,73,73,73,73,73,73,73,73,73,73,73,73],"card_choices":[{"not_picked":["Shade:FleshOffering","Shade:Awaken"],"picked":"Shade:FleshToFlesh","floor":1.0},{"not_picked":["Shade:ClawBack","Shade:SpontaneousRitual"],"picked":"Shade:FleshToFlesh","floor":3.0},{"not_picked":["Shade:CoffinDance","Shade:ClawBack"],"picked":"Shade:ScuttlingHand","floor":7.0},{"not_picked":["Shade:Carnophage","Shade:ClawBack","Shade:FeralStrike"],"picked":"SKIP","floor":8.0},{"not_picked":["Shade:GraveStillness","Shade:FingerOfDeath"],"picked":"Shade:TouchOfTheGrave","floor":10.0},{"not_picked":["Shade:SkeletonHug","Shade:Brains"],"picked":"Shade:ExtraLimbs","floor":11.0},{"not_picked":["Shade:GreaterAnimation","Shade:Tombstone"],"picked":"Shade:LichForm","floor":16.0},{"not_picked":["Shade:SoulToxin","Shade:CloudOfShrapnel"],"picked":"Shade:CommandSoldier","floor":18.0},{"not_picked":["Shade:TouchOfTheGrave","Shade:FleshOffering"],"picked":"Shade:ScuttlingHand","floor":20.0}],"player_experience":372694,"relics_obtained":[{"floor":8.0,"key":"aspiration:DSix"},{"floor":9.0,"key":"Lantern"},{"floor":9.0,"key":"Golden Egg"},{"floor":12.0,"key":"hubris:Spice"},{"floor":12.0,"key":"infinitespire:BottledMercury"}],"event_choices":[{"cards_removed":["StuffTheSpire:CuriosityCurse"],"damage_healed":0.0,"max_hp_gain":0.0,"max_hp_loss":0.0,"gold_gain":0.0,"event_name":"Fountain of Cleansing","player_choice":"Removed Curses","floor":4.0,"gold_loss":0.0,"damage_taken":0.0},{"damage_healed":0.0,"max_hp_gain":0.0,"max_hp_loss":0.0,"gold_gain":110.0,"event_name":"betterSkull:BetterSkull","player_choice":"RE RE GO ","floor":19.0,"gold_loss":0.0,"damage_taken":43.0,"cards_upgraded":[],"relics_obtained":["conspire:TopHat","Orichalcum"]},{"damage_healed":0.0,"max_hp_gain":0.0,"max_hp_loss":0.0,"gold_gain":0.0,"event_name":"Match and Keep!","player_choice":"1 cards matched","floor":21.0,"gold_loss":0.0,"damage_taken":0.0,"cards_obtained":["Shade:AnimateDead"]},{"damage_healed":0.0,"max_hp_gain":0.0,"max_hp_loss":0.0,"gold_gain":75.0,"event_name":"FaceTrader","player_choice":"Touch","floor":22.0,"gold_loss":0.0,"damage_taken":7.0}],"is_beta":false,"boss_relics":[{"not_picked":["hubris:Spice","hubris:Backtick"],"picked":"conspire:SpecialSausage"}],"items_purged_floors":[],"is_endless":false,"potions_floor_spawned":[7,8,11,20],"killed_by":"Gremlin Leader","ascension_level":0}}