{"host":"jak4ncvfzor9mys0","time":1608265773,"event":{"mods":["2.2 Compatiblity","AchievementEnabler","BaseMod","Better Altar","Better Match","Better Note","Better Sensory Stone","Better Skull","Better Third Choice","BetterRewards","Block Reminder","Colored Map","Colored Powertips","Energized Spire","Gold Saver","Hubris","Infinite Spire","Key Reminder","Minty Spire (QoL Compilation)","Rare Cards Sparkle","Red Circlet Mod","Relic Sorter","Relic Stats","Replay The Spire","Retaliation","StSLib","SuperFastMode","The Blue Laboratory"],"gold_per_floor":[1146,1146,1146,1156,1170,1170,1200,1074,1074,1084,1084,1100,1000,1017,1017,1121,1121,1135,1145,1145,1165,1365,1365,1365],"floor_reached":23,"playtime":1310,"items_purged":["Strike_B","Strike_B","Strike_B"],"score":293,"play_id":"f917a1e4-504c-49af-89af-5a6fca0c029a","local_time":"20201217202933","is_ascension_mode":false,"campfire_choices":[{"data":"Barrage","floor":6,"key":"SMITH"},{"data":"Redo","floor":11,"key":"SMITH"},{"floor":15,"key":"REST"}],"circlet_count":0,"master_deck":["Strike_B","Defend_B","Defend_B","Defend_B+1","Defend_B","Zap+1","Dualcast","Capacitor","Sweeping Beam","Conserve Battery","Barrage+1","Capacitor","Redo+1","Barrage","Redo","Leap","Ball Lightning","infinitespire:Oblivion","Cold Snap+1"],"relics":["Cracked Core","Gremlin Food","Omamori","Question Card","hubris:Backtick","Solar Panel","infinitespire:Golems Mask"],"acts_visited":["Exordium","TheCity"],"potions_floor_usage":[21,23,23],"damage_taken":[{"damage":0,"enemies":"Small Slimes","floor":1,"turns":2},{"damage":2,"enemies":"2 Louse","floor":4,"turns":3},{"damage":6,"enemies":"Jaw Worm","floor":5,"turns":4},{"damage":14,"enemies":"Lagavulin","floor":7,"turns":6},{"damage":11,"enemies":"Exordium Wildlife","floor":10,"turns":4},{"damage":2,"enemies":"Blue Slaver","floor":12,"turns":3},{"damage":3,"enemies":"Exordium Thugs","floor":14,"turns":3},{"damage":46,"enemies":"Fading Forest","floor":16,"turns":11},{"damage":21,"enemies":"Shell Parasite","floor":18,"turns":7},{"damage":11,"enemies":"Chosen","floor":19,"turns":5},{"damage":2,"enemies":"Centurion and Healer","floor":21,"turns":8},{"damage":52,"enemies":"Nightmare","floor":23,"turns":8}],"seed_played":"5945298036402442741","potions_obtained":[{"floor":10,"key":"blueLaboratory:BubblePotion"},{"floor":12,"key":"Dexterity Potion"},{"floor":16,"key":"blueLaboratory:FrostheartPotion"}],"is_trial":false,"path_per_floor":["M","?","?","M","M","R","E","$","T","M","R","M","$","M","R","B",null,"M","M","AVR","M","?","NM"],"character_chosen":"DEFECT","items_purchased":["Gremlin Food","Capacitor","Sweeping Beam","Barrage"],"campfire_rested":1,"item_purchase_floors":[0,0,0,8],"current_hp_per_floor":[75,75,75,73,67,67,53,53,53,42,42,40,40,37,59,13,75,54,43,43,49,49,0,0],"gold":1365,"neow_bonus":"","is_daily":false,"chose_seed":false,"campfire_upgraded":2,"win_rate":0.0,"timestamp":1608265773,"path_taken":["M","?","?","M","M","R","E","$","T","M","R","M","$","M","R","BOSS","M","M","AVR","M","?","NM"],"items_purchased_type":["Relic","Card","Card","Card"],"build_version":"2020-12-13","purchased_purges":3,"victory":false,"max_hp_per_floor":[75,75,75,75,75,75,75,75,75,75,75,75,75,75,75,75,75,75,75,75,75,75,75,75],"relic_stats":{"counters":[39,205],"Question Card":8,"obtain_stats":[{"Solar Panel":20,"Golden Egg":21,"Calipers":19,"Boot":24,"Sozu":17,"Blood Vial":47,"hubris:Icosahedron":13,"hubris:Backtick":20,"infinitespire:Golems Mask":20,"Cracked Core":0,"Gremlin Food":0,"hubris:DisguiseKit":43,"hubris:Teleporter":45,"NeowsBlessing":0,"hubris:64BitClover":27,"hubris:SphereOfDissonance":26,"Pen Nib":37,"Omamori":7,"Question Card":9,"infinitespire:EvilPickle":33,"Replay:Baseball":25,"Ornamental Fan":40,"Molten Egg 2":31,"ReplayTheSpireMod:Lightbulb":9,"infinitespire:PuzzleCube":14,"energizedSpire:OldTV":34},{"Solar Panel":37,"Golden Egg":7,"Calipers":7,"Boot":8,"Sozu":6,"Blood Vial":25,"hubris:Icosahedron":4,"hubris:Backtick":37,"infinitespire:Golems Mask":37,"Cracked Core":0,"Gremlin Food":27,"hubris:DisguiseKit":22,"hubris:Teleporter":24,"NeowsBlessing":0,"hubris:64BitClover":10,"hubris:SphereOfDissonance":9,"Pen Nib":18,"Omamori":31,"Question Card":31,"infinitespire:EvilPickle":15,"Replay:Baseball":9,"Ornamental Fan":21,"Molten Egg 2":14,"ReplayTheSpireMod:Lightbulb":3,"infinitespire:PuzzleCube":5,"energizedSpire:OldTV":15},{"Solar Panel":189,"Golden Egg":20,"Calipers":20,"Boot":24,"Sozu":17,"Blood Vial":121,"hubris:Icosahedron":5,"hubris:Backtick":189,"infinitespire:Golems Mask":189,"Cracked Core":0,"Gremlin Food":141,"hubris:DisguiseKit":102,"hubris:Teleporter":112,"NeowsBlessing":0,"hubris:64BitClover":33,"hubris:SphereOfDissonance":29,"Pen Nib":76,"Omamori":156,"Question Card":156,"infinitespire:EvilPickle":64,"Replay:Baseball":29,"Ornamental Fan":99,"Molten Egg 2":50,"ReplayTheSpireMod:Lightbulb":3,"infinitespire:PuzzleCube":9,"energizedSpire:OldTV":64}]},"card_choices":[{"not_picked":["Go for the Eyes","Blizzard"],"picked":"Conserve Battery","floor":1},{"not_picked":["Recycle","Turbo"],"picked":"Barrage","floor":4},{"not_picked":["Steam Power","Self Repair"],"picked":"Capacitor","floor":5},{"not_picked":["Crystallizer","Creative AI"],"picked":"Redo","floor":7},{"not_picked":["Genetic Algorithm","Static Discharge","Cold Snap"],"picked":"Redo","floor":10},{"not_picked":["Sunder","Streamline","ReplayTheSpireMod:System Scan","Rebound"],"picked":"SKIP","floor":12},{"not_picked":["Go for the Eyes","Steam","Conserve Battery"],"picked":"Leap","floor":14},{"not_picked":["Lockon","Sunder","Double Energy","Redo"],"picked":"SKIP","floor":18},{"not_picked":["Steam","White Noise+1","Conserve Battery"],"picked":"Ball Lightning","floor":19},{"not_picked":["Coolheaded","Glacier","Self Repair"],"picked":"Cold Snap+1","floor":21}],"player_experience":2636149,"relics_obtained":[{"floor":7,"key":"Omamori"},{"floor":9,"key":"Question Card"}],"event_choices":[{"damage_healed":0,"gold_gain":250,"player_choice":"Bet on Owner","damage_taken":0,"max_hp_gain":0,"max_hp_loss":0,"event_name":"The Joust","floor":22,"gold_loss":50}],"is_beta":false,"boss_relics":[{"not_picked":["Pandora\u0027s Box","Honey Jar","energizedSpire:OgreHead"]}],"items_purged_floors":[8,13,20],"is_endless":false,"potions_floor_spawned":[10,12,16,19],"killed_by":"Nightmare","ascension_level":0}}