{"host":"o1wkfo8ppvrprpet","time":1608312468,"event":{"mods":["Aspiration","Astrologer","BaseMod","CapriCore","Colored Powertips","Koishi","Minty Spire (QoL Compilation)","Replay The Spire","RumiaBox-露米娅的神秘盒子","Spicy Shops","StSLib","The Administrix","The Gatherer","The Immortal","Waifu the Spire","【东方二次创作】八云紫mod"],"gold_per_floor":[133,133,233,253,273,273,301,301,301,328,328,340,371,390,390,486,486,504,579,96,111,40,40,73,83,110,110,123,23,23,42,42,141,141,152,172,522,534,551,566,566,599,599,599,632,164,164,178,178,178],"floor_reached":51,"playtime":2562,"items_purged":["AT_purpleEX","AT_purpleEX","AT_purpleEX+1"],"score":1034,"play_id":"90c9a973-d25a-4583-8610-1bcf1c9e3c37","local_time":"20201219012748","is_ascension_mode":true,"campfire_choices":[{"data":"Observe_purple_2","floor":6.0,"key":"SMITH"},{"data":"Mirror_FormAndEmptin_purple","floor":8.0,"key":"SMITH"},{"floor":11.0,"key":"REST"},{"floor":15.0,"key":"REST"},{"data":"CommonSense_AntiCommonSense_purple","floor":23.0,"key":"SMITH"},{"data":"ExternalForce_HighSpeedFlying_purple","floor":27.0,"key":"SMITH"},{"data":"MonsterNeedle_purple","floor":30.0,"key":"SMITH"},{"data":"Boundary_DreamRealityDamnation_purple","floor":32.0,"key":"SMITH"},{"data":"RuleDissolution_purple","floor":41.0,"key":"SMITH"},{"data":"Boundary_DreamRealityDamnation_purple","floor":47,"key":"SMITH"},{"floor":49,"key":"REST"}],"circlet_count":0,"master_deck":["AT_purpleEX+1","Defend_purpleEX+1","Defend_purpleEX+1","Defend_purpleEX+1","Defend_purpleEX+1","Observe_purple_1+1","Observe_purple_2+1","WangLiang_OokamiKakushi_purple+1","ExternalForce_HighSpeedFlying_purple+1","Worldmountain_purple+1","Mirror_FormAndEmptin_purple+1","OpenedBox_purple+1","Charmbait_purple+1","DimensionStaggered_purple+1","WeekHit_purple+1","MNeedle_purple+1","LoveAcrossDimensions_purple+1","Charmbait_purple+1","StateDuplicate_purple+1","CommonSense_AntiCommonSense_purple+1","Fancifulhole_purple+1","MonsterNeedle_purple+1","Boundary_DreamRealityDamnation_purple+1","BarrageBoundary_PipeDream_purple+1","RuleDissolution_purple+1","Mirror_FormAndEmptin_purple+1","D_release_purple+1","Line_surface_state_purple+1","Boundary_DreamRealityDamnation_purple+1","FragmentationRealm_purple"],"relics":["Boundary_crack","Memoryfragments_purpleEX","aspiration:BabyByrd","ReplayTheSpireMod:Ninjato","aspiration:FrozenJewel","Matryoshka","Centennial Puzzle","Replay:Bronze Core","Antimatter_spacedebris","GodSword4","Letter Opener","Pet Ghost","Replay:Mystery Machine","EasyGame_NEW","Old Coin","Dream Catcher","Bottled Flame","SSSystem","ZombieArmy","BargainBundle","Orichalcum"],"acts_visited":["Exordium","TheCity","TheBeyond"],"potions_floor_usage":[44,44,44,50,50,50],"damage_taken":[{"damage":0.0,"enemies":"2 Louse","floor":1.0,"turns":4.0},{"damage":15.0,"enemies":"Cultist","floor":4.0,"turns":5.0},{"damage":4.0,"enemies":"Jaw Worm","floor":5.0,"turns":3.0},{"damage":24.0,"enemies":"Gremlin Nob","floor":7.0,"turns":3.0},{"damage":27.0,"enemies":"3 Sentries","floor":10.0,"turns":10.0},{"damage":0.0,"enemies":"Gremlin Gang","floor":12.0,"turns":3.0},{"damage":10.0,"enemies":"Lagavulin","floor":13.0,"turns":5.0},{"damage":2.0,"enemies":"Red Slaver","floor":14.0,"turns":2.0},{"damage":0.0,"enemies":"Fading Forest","floor":16.0,"turns":11.0},{"damage":1.0,"enemies":"Chosen","floor":18.0,"turns":3.0},{"damage":0.0,"enemies":"3 Byrds","floor":21.0,"turns":2.0},{"damage":34.0,"enemies":"Book of Stabbing","floor":24.0,"turns":5.0},{"damage":0.0,"enemies":"3 Cultists","floor":25.0,"turns":3.0},{"damage":0.0,"enemies":"Centurion and Healer","floor":28.0,"turns":3.0},{"damage":0.0,"enemies":"Shelled Parasite and Fungi","floor":31.0,"turns":3.0},{"damage":0.0,"enemies":"Collector","floor":33.0,"turns":2.0},{"damage":11.0,"enemies":"3 Darklings","floor":35.0,"turns":2.0},{"damage":0.0,"enemies":"Orb Walker","floor":36.0,"turns":2.0},{"damage":0.0,"enemies":"Mind Bloom Boss Battle","floor":37.0,"turns":3.0},{"damage":12.0,"enemies":"Spire Growth","floor":38.0,"turns":3.0},{"damage":0.0,"enemies":"Jaw Worm Horde","floor":39.0,"turns":1.0},{"damage":0.0,"enemies":"3 Darklings","floor":40.0,"turns":2.0},{"damage":0.0,"enemies":"Reptomancer","floor":42.0,"turns":2.0},{"damage":0,"floor":44,"turns":5},{"damage":0,"enemies":"R_Hoarder","floor":45,"turns":3},{"damage":0,"enemies":"Maw","floor":48,"turns":2},{"damage":6,"enemies":"Donu and Deca","floor":50,"turns":4}],"seed_played":"712855173530550608","potions_obtained":[{"floor":1.0,"key":"AttackPotion"},{"floor":4.0,"key":"Adrenaline Potion"},{"floor":7.0,"key":"Toxic Potion"},{"floor":10.0,"key":"Swift Potion"},{"floor":13.0,"key":"SteroidPotion"},{"floor":21.0,"key":"Weak Potion"},{"floor":25.0,"key":"SpeedPotion"},{"floor":28.0,"key":"Dexterity Potion"},{"floor":31.0,"key":"DuplicationPotion"},{"floor":39.0,"key":"Fruit Juice"}],"is_trial":false,"path_per_floor":["M","?","?","M","M","R","E","R","T","E","R","M","E","M","R","B",null,"M","?","$","M","$","R","E","M","T","R","M","$","R","M","R","B",null,"M","M","?","M","M","M","R","E","T","?","E","$","R","M","R","B",null],"character_chosen":"Youkari","items_purchased":["Antimatter_spacedebris","GodSword4","CommonSense_AntiCommonSense_purple","BargainBundle","Boundary_DreamRealityDamnation_purple","Orichalcum","Languid Potion","Dexterity Potion","ColorlessPotion"],"campfire_rested":3,"item_purchase_floors":[20,20,22,46,46,46,46,46,46],"current_hp_per_floor":[70,70,70,57,54,54,30,30,30,8,29,31,22,23,44,55,70,70,63,63,66,66,66,36,38,38,38,43,43,43,43,43,46,70,62,67,68,57,57,59,59,61,61,75,75,75,75,75,75,70],"gold":178,"neow_bonus":"ONE_RANDOM_RARE_CARD","is_daily":false,"chose_seed":false,"campfire_upgraded":8,"win_rate":0.0,"timestamp":1608312468,"path_taken":["M","?","?","M","M","R","E","R","T","E","R","M","E","?","R","BOSS","M","?","$","?","$","R","E","M","T","R","M","?","R","M","R","BOSS","M","?","?","M","M","M","R","E","T","?","E","?","R","M","R","BOSS"],"items_purchased_type":["Relic","Relic","Card","Relic","Card","Relic","Potion","Potion","Potion"],"build_version":"2020-12-13","purchased_purges":3,"victory":true,"max_hp_per_floor":[70,70,70,70,70,70,70,70,70,70,70,70,70,70,70,70,70,70,70,70,70,70,70,70,70,70,70,70,70,70,70,70,70,70,70,70,70,70,70,70,70,70,70,75,75,75,75,75,75,75],"card_choices":[{"not_picked":["Mirror_FourBoundary_purple","DarkRealmRedLine_purple"],"picked":"ExternalForce_HighSpeedFlying_purple","floor":1.0},{"not_picked":["Shallow_ocean_purpleEX","Charmbait_purple"],"picked":"Worldmountain_purple","floor":4.0},{"not_picked":["Mirror_FourBoundary_purple","Fantasy_PerpetualMotionMachine_purple"],"picked":"Mirror_FormAndEmptin_purple","floor":5.0},{"not_picked":["Shallow_ocean_purpleEX","Extrememeaning_purpleEX"],"picked":"OpenedBox_purple","floor":7.0},{"not_picked":["Bait_Toxicbait_purple","Worldmountain_purple"],"picked":"Charmbait_purple","floor":10.0},{"not_picked":["Bait_Toxicbait_purple","Worldmountain_purple"],"picked":"DimensionStaggered_purple","floor":12.0},{"not_picked":["EighthInstrument_OneDividesIntoTwo_purple","OpenedBox_purple"],"picked":"WeekHit_purple","floor":13.0},{"not_picked":["DimensionStaggered_purple","Boundary_LightAndDark_purple"],"picked":"MNeedle_purple","floor":14.0},{"not_picked":["ContainerChange_purple","WangLiang_OokamiKakushi_purple"],"picked":"LoveAcrossDimensions_purple","floor":16.0},{"not_picked":["MNeedle_purple","PurpleNeedle_purple"],"picked":"Charmbait_purple+1","floor":18.0},{"not_picked":["SfantasyHide_purple+1","Umbrella_purple+1"],"picked":"StateDuplicate_purple+1","floor":21.0},{"not_picked":["ExistenceContinue_purple+1","Bait_Toxicbait_purple"],"picked":"Fancifulhole_purple","floor":24.0},{"not_picked":["CommonSense_AntiCommonSense_purple+1","ButterflyHabitatTemple_purple+1"],"picked":"MonsterNeedle_purple","floor":25.0},{"not_picked":["ExistenceContinue_purple","StateDuplicate_purple"],"picked":"Boundary_DreamRealityDamnation_purple","floor":28.0},{"not_picked":["MNeedle_purple+1","Worldmountain_purple","SfantasyHide_purple"],"picked":"SKIP","floor":31.0},{"not_picked":["Fancifulhole_purple","UniverseChoice_purple"],"picked":"BarrageBoundary_PipeDream_purple","floor":33.0},{"not_picked":["Charmbait_purple+1","AdvanceAttack_purple+1","Nest_LightFlightworm_purple"],"picked":"SKIP","floor":35.0},{"not_picked":["Nest_LightFlightworm_purple+1","Fantasy_PerpetualMotionMachine_purple+1","CommonSense_AntiCommonSense_purple+1"],"picked":"SKIP","floor":36.0},{"not_picked":["ExistenceContinue_purple","Mirror_FourBoundary_purple"],"picked":"RuleDissolution_purple","floor":37.0},{"not_picked":["OmniscientAndOmnipotent_Monster_purple+1","MeetDecomposer_purple+1"],"picked":"Mirror_FormAndEmptin_purple+1","floor":38.0},{"not_picked":["OmniscientAndOmnipotent_Monster_purple+1","MeetDecomposer_purple+1","Boundary_DynamicStaticEquilibrium_purple"],"picked":"SKIP","floor":39.0},{"not_picked":["EighthInstrument_OneDividesIntoTwo_purple+1","SfantasyHide_purple+1","RuleDissolution_purple"],"picked":"SKIP","floor":40.0},{"not_picked":["BarrageBoundary_PipeDream_purple","Realm_recovery_purpleEX","Extrememeaning_purpleEX"],"picked":"SKIP","floor":42.0},{"not_picked":["StateDuplicate_purple","WeekHit_purple+1"],"picked":"Line_surface_state_purple+1","floor":44},{"not_picked":["WeekHit_purple","Worldmountain_purple","WangLiang_LineAndCurveDreams_purple"],"picked":"SKIP","floor":45},{"not_picked":["SfantasyHide_purple+1","AdvanceAttack_purple","Charmbait_purple"],"picked":"SKIP","floor":48},{"not_picked":["Boundary_ObjectiveBoundary_purple","WeekHit_purple"],"picked":"FragmentationRealm_purple","floor":49}],"player_experience":608443,"relics_obtained":[{"floor":7.0,"key":"ReplayTheSpireMod:Ninjato"},{"floor":9.0,"key":"aspiration:FrozenJewel"},{"floor":10.0,"key":"Matryoshka"},{"floor":13.0,"key":"Centennial Puzzle"},{"floor":24.0,"key":"Letter Opener"},{"floor":26.0,"key":"Pet Ghost"},{"floor":26.0,"key":"Replay:Mystery Machine"},{"floor":37.0,"key":"Old Coin"},{"floor":42.0,"key":"Dream Catcher"},{"floor":43.0,"key":"Bottled Flame"},{"floor":43.0,"key":"SSSystem"},{"floor":45,"key":"ZombieArmy"}],"event_choices":[{"damage_healed":0.0,"max_hp_gain":0.0,"max_hp_loss":0.0,"gold_gain":100.0,"event_name":"Golden Shrine","player_choice":"Pray","floor":3.0,"gold_loss":0.0,"damage_taken":0.0},{"damage_healed":0.0,"max_hp_gain":0.0,"max_hp_loss":0.0,"gold_gain":75.0,"event_name":"FaceTrader","player_choice":"Touch","floor":19.0,"gold_loss":0.0,"damage_taken":7.0},{"damage_healed":0.0,"max_hp_gain":0.0,"max_hp_loss":0.0,"gold_gain":0.0,"event_name":"MindBloom","player_choice":"Fight","floor":37.0,"gold_loss":0.0,"damage_taken":0.0}],"is_beta":false,"boss_relics":[{"not_picked":["aspiration:RunicSpoon","Busted Crown"],"picked":"Replay:Bronze Core"},{"not_picked":["Replay:Ancient Bell","Kintsugi"],"picked":"EasyGame_NEW"}],"items_purged_floors":[20,29,46],"is_endless":false,"potions_floor_spawned":[1,4,7,10,13,21,25,28,31,35,36,39,42],"ascension_level":2}}