{"host":"gbop6m4qugddaz18","time":1608307865,"event":{"mods":["2.2 Compatiblity","BaseMod","Better Third Choice","Block Reminder","Downfall","GifTheSpireLib","Highlight Path","Minty Spire (QoL Compilation)","Replay The Spire","StSLib"],"gold_per_floor":[117,133,153,163,177,177,252,277,277,277,307,334,347,18,18,117,117,133,123,222,222,240,265,265,265,265],"floor_reached":25,"playtime":1204,"items_purged":["Clumsy"],"score":245,"play_id":"46c7b859-f8d5-483e-b4c8-bf4860ed111e","local_time":"20201218111105","is_ascension_mode":true,"campfire_choices":[{"data":"Neutralize","floor":6,"key":"SMITH"},{"floor":10,"key":"REST"},{"floor":24,"key":"REST"}],"circlet_count":0,"master_deck":["Strike_G","Strike_G","Strike_G","Strike_G","Strike_G","Defend_G","Defend_G","Defend_G","Defend_G","Defend_G","Survivor","Neutralize+1","Deflect","Dodge and Roll","Deadly Poison","Sucker Punch","Well Laid Plans","Draining Mist","Dagger Spray","Deadly Poison+1","Corpse Explosion+1","Parasite","AbeCurse","Languid","Sucker Punch+1","Fluid Movement","Blur"],"relics":["Ring of the Snake","NeowsBlessing","PreservedInsect","Golden Egg","Quantum Egg","Matryoshka","ReplayTheSpireMod:CursedCoin","Pantograph","Replay:Ancient Bell","Guardian:PocketSentry","Molten Egg 2","Turnip","Bird Faced Urn","Frozen Egg 2"],"acts_visited":["Exordium","TheCity"],"potions_floor_usage":[4,8,16],"damage_taken":[{"damage":0,"enemies":"Small Slimes","floor":1,"turns":1},{"damage":0,"enemies":"Jaw Worm","floor":2,"turns":1},{"damage":0,"enemies":"2 Louse","floor":3,"turns":1},{"damage":0,"enemies":"2 Fungi Beasts","floor":4,"turns":7},{"damage":0,"enemies":"Looter","floor":5,"turns":4},{"damage":33,"enemies":"Lagavulin","floor":8,"turns":10},{"damage":10,"enemies":"Gremlin Nob","floor":12,"turns":4},{"damage":10,"enemies":"3 Louse","floor":13,"turns":5},{"damage":16,"enemies":"The Guardian","floor":16,"turns":11},{"damage":17,"enemies":"Shell Parasite","floor":18,"turns":8},{"damage":25,"enemies":"2 Thieves","floor":19,"turns":4},{"damage":20,"enemies":"Snake Plant","floor":22,"turns":6},{"damage":24,"enemies":"Slavers","floor":23,"turns":3},{"damage":36,"enemies":"Gremlin Leader","floor":25,"turns":2}],"seed_played":"-1682300938897163479","potions_obtained":[{"floor":3,"key":"Weak Potion"},{"floor":5,"key":"Milkshake"},{"floor":13,"key":"SkillPotion"},{"floor":19,"key":"GamblersBrew"}],"is_trial":false,"path_per_floor":["M","M","M","M","M","R","?","E","T","R","?","E","M","$","R","B",null,"M","M","?","?","M","E","R","E"],"character_chosen":"THE_SILENT","items_purchased":["ReplayTheSpireMod:CursedCoin","Deadly Poison","Pantograph","FairyPotion"],"campfire_rested":2,"item_purchase_floors":[14,14,14,14],"current_hp_per_floor":[70,70,70,70,70,70,59,26,26,47,47,37,27,27,27,36,70,53,28,28,28,10,14,35,0,0],"gold":265,"neow_bonus":"THREE_ENEMY_KILL","is_daily":false,"chose_seed":false,"campfire_upgraded":1,"win_rate":0.0,"timestamp":1608307865,"path_taken":["M","M","M","M","M","R","?","E","T","R","?","E","M","$","R","BOSS","M","M","?","?","?","E","R","E"],"items_purchased_type":["Relic","Card","Relic","Potion"],"build_version":"2020-12-13","purchased_purges":1,"victory":false,"max_hp_per_floor":[70,70,70,70,70,70,70,70,70,70,70,70,70,70,70,70,70,70,70,70,70,70,70,70,70,70],"card_choices":[{"not_picked":["Dagger Throw","Catalyst"],"picked":"Deflect","floor":1},{"not_picked":["Underhanded Strike","Acrobatics"],"picked":"Dodge and Roll","floor":2},{"not_picked":["Escape Plan","Cloak And Dagger"],"picked":"Deadly Poison","floor":3},{"not_picked":["Slice","PiercingWail"],"picked":"Sucker Punch","floor":4},{"not_picked":["Concentrate","Cloak And Dagger"],"picked":"Well Laid Plans","floor":5},{"not_picked":["Outmaneuver","Reflex","Bullet Time"],"picked":"SKIP","floor":8},{"not_picked":["Acrobatics","Reflex"],"picked":"Draining Mist","floor":12},{"not_picked":["Concentrate","Sneak Up"],"picked":"Dagger Spray","floor":13},{"not_picked":["A Thousand Cuts","ReplayTheSpireMod:Necrosis"],"picked":"Corpse Explosion","floor":16},{"not_picked":["ReplayTheSpireMod:IOU","ReplayTheSpireMod:Doomed"],"picked":"Parasite","floor":17},{"not_picked":["Writhe","ReplayTheSpireMod:Doomed"],"picked":"AbeCurse","floor":17},{"not_picked":["Hallucinations","Looming Evil"],"picked":"Languid","floor":17},{"not_picked":["Quick Slash+1","Reflex"],"picked":"Sucker Punch+1","floor":18},{"not_picked":["Dodge and Roll","Underhanded Strike+1"],"picked":"Fluid Movement","floor":19},{"not_picked":["Acrobatics+1","Doppelganger","Infinite Blades+1"],"picked":"SKIP","floor":22},{"not_picked":["ReplayTheSpireMod:From All Sides+1","Accuracy+1"],"picked":"Blur","floor":23}],"player_experience":449448,"relics_obtained":[{"floor":8,"key":"PreservedInsect"},{"floor":9,"key":"Golden Egg"},{"floor":12,"key":"Matryoshka"},{"floor":23,"key":"Frozen Egg 2"}],"event_choices":[{"damage_healed":0,"gold_gain":75,"player_choice":"Gold","damage_taken":11,"max_hp_gain":0,"max_hp_loss":0,"event_name":"betterThird:BetterGoop","floor":7,"gold_loss":0},{"damage_healed":0,"gold_gain":30,"player_choice":"Searched \u00273\u0027 times","damage_taken":0,"relics_obtained":["Quantum Egg"],"max_hp_gain":0,"max_hp_loss":0,"event_name":"Dead Adventurer","floor":11,"gold_loss":0},{"damage_healed":0,"gold_gain":99,"player_choice":"Steal","damage_taken":0,"max_hp_gain":0,"max_hp_loss":0,"event_name":"betterThird:BetterNest","floor":20,"gold_loss":0}],"is_beta":false,"boss_relics":[{"not_picked":["Pandora\u0027s Box","Snecko Eye"],"picked":"Replay:Ancient Bell"},{"not_picked":["Oddly Smooth Stone","ReplayFunnel"],"picked":"Guardian:PocketSentry"},{"not_picked":["Garlic","Mercury Hourglass"],"picked":"Molten Egg 2"},{"not_picked":["Prayer Wheel","Calipers"],"picked":"Turnip"}],"items_purged_floors":[14],"is_endless":false,"potions_floor_spawned":[3,5,13,19],"killed_by":"Gremlin Leader","ascension_level":1}}