{"host":"2lo6hma6kymb0g9i","time":1608262545,"event":{"mods":["BaseMod","Colored Map","DeckTracker","Minty Spire (QoL Compilation)"],"gold_per_floor":[11,27,27,27,27,27,57,75,75,75,75,75],"floor_reached":11,"playtime":501,"items_purged":[],"score":117,"play_id":"a5287922-d59a-44a5-9150-3ad928c98dc0","local_time":"20201218123545","is_ascension_mode":true,"campfire_choices":[{"data":"Phantasmal Killer","floor":6,"key":"SMITH"},{"data":"Neutralize","floor":10,"key":"SMITH"}],"circlet_count":0,"master_deck":["AscendersBane","Strike_G","Strike_G","Strike_G","Strike_G","Defend_G","Defend_G","Defend_G","Defend_G","Defend_G","Survivor","Neutralize+1","Phantasmal Killer+1","Distraction","Predator","Blade Dance","Tactician"],"relics":["Ring of the Snake","Sundial","StrikeDummy"],"acts_visited":["Exordium"],"potions_floor_usage":[11],"damage_taken":[{"damage":0,"enemies":"Jaw Worm","floor":1,"turns":4},{"damage":3,"enemies":"Small Slimes","floor":2,"turns":4},{"damage":31,"enemies":"Lagavulin","floor":7,"turns":10},{"damage":6,"enemies":"2 Louse","floor":8,"turns":3},{"damage":12,"enemies":"3 Sentries","floor":11,"turns":5}],"seed_played":"-766582190987578242","potions_obtained":[{"floor":1,"key":"Weak Potion"},{"floor":8,"key":"ColorlessPotion"}],"is_trial":false,"path_per_floor":["M","M","?","?","?","R","E","M","T","R","E"],"character_chosen":"THE_SILENT","items_purchased":[],"campfire_rested":0,"item_purchase_floors":[],"current_hp_per_floor":[63,60,60,60,53,53,22,16,16,16,4,4],"gold":75,"neow_bonus":"THREE_RARE_CARDS","is_daily":false,"chose_seed":false,"campfire_upgraded":2,"win_rate":0.0,"timestamp":1608262545,"path_taken":["M","M","?","?","?","R","E","M","T","R","E"],"items_purchased_type":[],"build_version":"2020-12-13","purchased_purges":0,"victory":false,"max_hp_per_floor":[70,70,70,70,70,70,70,70,70,70,70,70],"card_choices":[{"not_picked":["Burst","Die Die Die"],"picked":"Phantasmal Killer","floor":0},{"not_picked":["Heel Hook","Endless Agony"],"picked":"Distraction","floor":1},{"not_picked":["Well Laid Plans","Heel Hook"],"picked":"Predator","floor":2},{"not_picked":["Setup","Masterful Stab"],"picked":"Blade Dance","floor":7},{"not_picked":["Reflex","Masterful Stab"],"picked":"Tactician","floor":8}],"player_experience":814890,"relics_obtained":[{"floor":7,"key":"Sundial"},{"floor":9,"key":"StrikeDummy"}],"event_choices":[{"damage_healed":0,"gold_gain":0,"player_choice":"Ignored","damage_taken":0,"max_hp_gain":0,"max_hp_loss":0,"event_name":"Golden Idol","floor":3,"gold_loss":0},{"damage_healed":0,"gold_gain":0,"player_choice":"Fled","damage_taken":0,"max_hp_gain":0,"max_hp_loss":0,"event_name":"Scrap Ooze","floor":4,"gold_loss":0},{"cards_removed":["Strike_G"],"damage_healed":0,"gold_gain":0,"player_choice":"Card Removal","damage_taken":7,"max_hp_gain":0,"max_hp_loss":0,"event_name":"Golden Wing","floor":5,"gold_loss":0}],"is_beta":false,"boss_relics":[],"items_purged_floors":[],"is_endless":false,"potions_floor_spawned":[1,8],"killed_by":"3 Sentries","ascension_level":13}}