{"host":"7t8rqoeeopyy0nh0","time":1608297135,"event":{"mods":["AchievementEnabler","BaseMod","Better Third Choice","BetterRewards","Colored Map","Colored Powertips","Downfall","Hubris","Infinite Spire","Minty Spire (QoL Compilation)","Replay The Spire","StSLib"],"gold_per_floor":[111,125,141,66,66,91,104,104,178,213,213,80,96,96,96,193,193,212,18,18,33,48,48,48,83,108,108,128,159,159,173,173,276,276,286,303,323,173,173,173],"floor_reached":39,"playtime":1780,"items_purged":["Strike_G","Strike_G","Guardian:Aged","Overencumbered"],"score":909,"play_id":"71b0a9a9-9ce3-4fe7-b337-fcffab68d8e4","local_time":"20201218081215","is_ascension_mode":true,"campfire_choices":[{"floor":8.0,"key":"REST"},{"floor":11.0,"key":"REST"},{"data":"Neutralize","floor":15.0,"key":"SMITH"},{"data":"Burst","floor":23.0,"key":"SMITH"},{"floor":30.0,"key":"REST"},{"floor":32,"key":"REST"}],"circlet_count":0,"master_deck":["AscendersBane","Adrenaline+1","Defend_G","Defend_G","Defend_G","Defend_G","Survivor","Neutralize+1","Noxious Fumes+1","Backstab+1","Poisoned Stab","Deadly Poison","Catalyst+1","Backflip","Bane","Quick Slash","Crippling Poison","Deadly Poison","Dodge and Roll+1","PiercingWail","Burst+1","Catalyst+1","Footwork","Writhe","After Image","Deadly Poison+1","Dodge and Roll+1","Deflect+1","Toxin Wave+1"],"relics":["Ring of the Snake","Guide Book","Prayer Wheel","infinitespire:Bottled Soul","MealTicket","Kintsugi","hubris:ToyBattleship","Ornamental Fan","Dream Catcher","Omamori","Fusion Hammer"],"acts_visited":["Exordium","TheCity","TheBeyond"],"potions_floor_usage":[33,39],"damage_taken":[{"damage":0.0,"enemies":"Small Slimes","floor":1.0,"turns":2.0},{"damage":0.0,"enemies":"Cultist","floor":2.0,"turns":2.0},{"damage":0.0,"enemies":"2 Louse","floor":3.0,"turns":2.0},{"damage":11.0,"enemies":"Lagavulin","floor":6.0,"turns":4.0},{"damage":7.0,"enemies":"Red Slaver","floor":7.0,"turns":3.0},{"damage":20.0,"enemies":"Gremlin Nob","floor":10.0,"turns":4.0},{"damage":4.0,"enemies":"Blue Slaver","floor":13.0,"turns":3.0},{"damage":41.0,"enemies":"Fading Forest","floor":16.0,"turns":11.0},{"damage":7.0,"enemies":"Spheric Guardian","floor":18.0,"turns":4.0},{"damage":0.0,"enemies":"Chosen","floor":21.0,"turns":3.0},{"damage":19.0,"enemies":"Centurion and Healer","floor":22.0,"turns":4.0},{"damage":30.0,"enemies":"Book of Stabbing","floor":25.0,"turns":5.0},{"damage":18.0,"enemies":"Snake Plant","floor":28.0,"turns":2.0},{"damage":22.0,"enemies":"Slavers","floor":29.0,"turns":7.0},{"damage":10.0,"enemies":"Shelled Parasite and Fungi","floor":31.0,"turns":4.0},{"damage":17,"enemies":"hubris:MusketHawk","floor":33,"turns":6},{"damage":5,"enemies":"Orb Walker","floor":35,"turns":4},{"damage":8,"enemies":"3 Darklings","floor":36,"turns":5},{"damage":37,"enemies":"Jaw Worm Horde","floor":37,"turns":6},{"damage":28,"enemies":"Spire Growth","floor":39,"turns":4}],"seed_played":"4839114112154859220","potions_obtained":[{"floor":1.0,"key":"EssenceOfSteel"},{"floor":6.0,"key":"Toxic Potion"},{"floor":16.0,"key":"BlessingOfTheForge"},{"floor":21.0,"key":"Swift Potion"},{"floor":22.0,"key":"Fruit Juice"},{"floor":28.0,"key":"LiquidMemories"},{"floor":31.0,"key":"Elixir"},{"floor":35,"key":"Ancient Potion"},{"floor":37,"key":"SpeedPotion"}],"is_trial":false,"path_per_floor":["M","M","M","$","?","E","M","R","T","E","R","$","M","$","R","B",null,"M","$","?","M","M","R","?","E","T","$","M","E","R","M","R","B",null,"M","M","M","$","M"],"character_chosen":"THE_SILENT","items_purchased":["Noxious Fumes","Backstab","Guide Book","Quick Slash","Poisoned Stab","Deadly Poison","Catalyst","Prayer Wheel","Dodge and Roll+1","Footwork"],"campfire_rested":4,"item_purchase_floors":[0,0,0,0,0,0,0,0,12,19],"current_hp_per_floor":[42,42,42,42,42,31,24,45,45,25,46,61,57,70,70,47,64,57,70,70,70,51,51,51,21,21,36,23,1,23,13,35,18,61,56,48,11,26,0,0],"gold":173,"neow_bonus":"","is_daily":false,"chose_seed":false,"campfire_upgraded":2,"win_rate":0.0,"timestamp":1608297135,"path_taken":["M","M","M","$","?","E","M","R","T","E","R","$","M","?","R","BOSS","M","$","?","M","M","R","?","E","T","$","M","E","R","M","R","BOSS","M","M","M","$","M"],"items_purchased_type":["Card","Card","Relic","Card","Card","Card","Card","Relic","Card","Card"],"build_version":"2020-12-13","purchased_purges":4,"victory":false,"max_hp_per_floor":[70,70,70,70,70,70,70,70,70,70,70,70,70,70,70,70,70,70,70,70,70,70,70,70,70,70,70,75,75,75,75,75,75,75,75,75,75,75,75,75],"card_choices":[{"not_picked":["Underhanded Strike","ReplayTheSpireMod:Shiv Toss"],"picked":"Backflip","floor":1.0},{"not_picked":["Prepared","Infinite Blades","Accuracy"],"picked":"SKIP","floor":1.0},{"not_picked":["Prepared","Infinite Blades","Accuracy"],"picked":"SKIP","floor":1.0},{"not_picked":["Poisoned Stab","Underhanded Strike"],"picked":"Bane","floor":2.0},{"not_picked":["Acrobatics","Cloak And Dagger"],"picked":"Quick Slash","floor":2.0},{"not_picked":["Skewer","Storm of Steel"],"picked":"Crippling Poison","floor":3.0},{"not_picked":["Dodge and Roll","Prepared","ReplayTheSpireMod:Scrap Shanks"],"picked":"SKIP","floor":3.0},{"not_picked":["Doppelganger","Blade Dance"],"picked":"Deadly Poison","floor":6.0},{"not_picked":["Deadly Poison","All Out Attack","Quick Slash"],"picked":"SKIP","floor":7.0},{"not_picked":["Flying Knee","Blade Dance","Dodge and Roll"],"picked":"SKIP","floor":7.0},{"not_picked":["Riddle With Holes","Deflect","Sucker Punch"],"picked":"SKIP","floor":10.0},{"not_picked":["Leg Sweep","Deadly Poison"],"picked":"PiercingWail","floor":13.0},{"not_picked":["Flying Knee","hubris:Sniper","Calculated Gamble"],"picked":"SKIP","floor":13.0},{"not_picked":["Venomology","infinitespire:Neurotoxin"],"picked":"Burst","floor":16.0},{"not_picked":["Hidden Blade","PiercingWail"],"picked":"Catalyst+1","floor":18.0},{"not_picked":["Dagger Throw","Deflect","Backstab"],"picked":"SKIP","floor":18.0},{"not_picked":["Prepared","ReplayTheSpireMod:Exploit Weakness","Deflect"],"picked":"SKIP","floor":21.0},{"not_picked":["Calculated Gamble","Caltrops","Acrobatics"],"picked":"SKIP","floor":21.0},{"not_picked":["Predator+1","Deadly Poison","Outmaneuver"],"picked":"SKIP","floor":22.0},{"not_picked":["Glass Knife","Dodge and Roll","Escape Plan"],"picked":"SKIP","floor":22.0},{"not_picked":["Tactician+1","PiercingWail"],"picked":"After Image","floor":25.0},{"not_picked":["Prepared+1","Tools of the Trade"],"picked":"Deadly Poison+1","floor":28.0},{"not_picked":["Dagger Throw","Well Laid Plans+1"],"picked":"Dodge and Roll+1","floor":28.0},{"not_picked":["Hidden Blade+1","Blade Dance+1","Sneak Up"],"picked":"SKIP","floor":29.0},{"not_picked":["ReplayTheSpireMod:Speed Training+1","hubris:Counter"],"picked":"Deflect+1","floor":31.0},{"not_picked":["Tools of the Trade","PiercingWail","Bouncing Flask+1"],"picked":"SKIP","floor":31.0},{"not_picked":["Endless Agony","Flying Knee+1","Bane"],"picked":"SKIP","floor":35},{"not_picked":["Dagger Spray","Leg Sweep","Backstab"],"picked":"SKIP","floor":35},{"not_picked":["Deflect","Underhanded Strike+1"],"picked":"Toxin Wave+1","floor":36},{"not_picked":["Quick Slash+1","Poisoned Stab","Sucker Punch+1"],"picked":"SKIP","floor":36},{"not_picked":["Dodge and Roll","Blade Dance+1","Acrobatics+1"],"picked":"SKIP","floor":37},{"not_picked":["Crippling Poison","Backflip+1","Blade Dance+1"],"picked":"SKIP","floor":37}],"player_experience":336044,"relics_obtained":[{"floor":6.0,"key":"infinitespire:Bottled Soul"},{"floor":10.0,"key":"MealTicket"},{"floor":25.0,"key":"Ornamental Fan"},{"floor":26.0,"key":"Dream Catcher"},{"floor":29.0,"key":"Omamori"}],"event_choices":[{"damage_healed":0.0,"max_hp_gain":0.0,"max_hp_loss":0.0,"gold_gain":0.0,"event_name":"Accursed Blacksmith","player_choice":"Forge","floor":5.0,"gold_loss":0.0,"damage_taken":0.0,"cards_upgraded":["Catalyst"]},{"damage_healed":0.0,"max_hp_gain":0.0,"max_hp_loss":0.0,"gold_gain":0.0,"event_name":"The Mausoleum","player_choice":"Opened","floor":24.0,"gold_loss":0.0,"damage_taken":0.0,"relics_obtained":["hubris:ToyBattleship"],"cards_obtained":["Writhe"]}],"is_beta":false,"boss_relics":[{"not_picked":["Coffee Dripper","Snecko Eye"],"picked":"Kintsugi"},{"not_picked":["Runic Pyramid","hubris:TerracottaHorce"],"picked":"Fusion Hammer"}],"items_purged_floors":[4,12,19,38],"is_endless":false,"potions_floor_spawned":[1,6,16,21,22,28,31,35,37],"killed_by":"Spire Growth","ascension_level":10}}