{"host":"njruw0b0uprlitpx","time":1608278903,"event":{"mods":["2.2 Compatiblity","BaseMod","Beaked The Cultist","Better Altar","Better Note","Better Sensory Stone","Better Skull","Better Third Choice","BetterRewards","Block Reminder","Colored Map","Colored Powertips","Jedi Mod","Keyboard Shortcuts","Minty Spire (QoL Compilation)","Quick Restart","Relic Stats","Replay The Spire","SacredBarkPlus","Spicy Shops","StSLib","SuperFastMode","Wandering Minibosses"],"gold_per_floor":[119,7,7,7,7,7,7,7,7,7,7,7,0,0,0,0,0,0,0,0,0,0,0,0],"floor_reached":23,"playtime":901,"items_purged":[],"score":419,"play_id":"e31524b9-57fa-4683-abdd-c9d97ae3575c","local_time":"20201218020823","is_ascension_mode":true,"campfire_choices":[{"floor":6,"key":"REST"},{"data":"beaked:Insight","floor":11,"key":"SMITH"},{"data":"beaked:Caw","floor":15,"key":"SMITH"}],"circlet_count":0,"master_deck":["beaked:Strike_Y+1","beaked:Strike_Y+1","beaked:Strike_Y","beaked:Strike_Y","beaked:Defend_Y","beaked:Defend_Y","beaked:Defend_Y","beaked:Ceremony","beaked:Ceremony","beaked:CursingBlood","beaked:Windmill","beaked:Insight+1","beaked:HuntressSpirit","beaked:MachineEssence","beaked:WindBringer","beaked:DesperateSwing","Scorching Beam","Self Repair","Uppercut+1","beaked:Foresight","beaked:WindBringer","beaked:BounceBack","beaked:Molting","beaked:Tweet","beaked:Caw+1","beaked:DigDeep","beaked:FakeOut","beaked:Sacrifice","beaked:Brace","beaked:Pecker","beaked:MachineSpirit","beaked:WarriorSpirit"],"relics":["beaked:MendingPlumage","StoneCalendar","Replay:PocketPolymizer","beaked:RitualPlumage","jedi:ominousloannote","Vajra","Darkstone Periapt","Peace Pipe","jedi:arcanewood","beaked:MawFillet","Red Mask"],"acts_visited":["Exordium","TheCity"],"potions_floor_usage":[16,16,22,23],"damage_taken":[{"damage":18,"enemies":"Small Slimes","floor":1,"turns":4},{"damage":21,"enemies":"Lagavulin","floor":7,"turns":7},{"damage":0,"enemies":"2 Louse","floor":8,"turns":2},{"damage":16,"enemies":"Cultist","floor":12,"turns":4},{"damage":13,"enemies":"Looter","floor":13,"turns":4},{"damage":13,"enemies":"3 Louse","floor":14,"turns":4},{"damage":20,"enemies":"Hexaghost","floor":16,"turns":7},{"damage":39,"enemies":"2 Thieves","floor":18,"turns":3},{"damage":16,"enemies":"3 Byrds","floor":21,"turns":6},{"damage":23,"enemies":"Masked Bandits","floor":22,"turns":3},{"damage":59,"enemies":"Gremlin Leader","floor":23,"turns":4}],"seed_played":"-4012876853181276616","potions_obtained":[{"floor":1,"key":"GamblersBrew"},{"floor":13,"key":"ColorlessPotion"},{"floor":14,"key":"FearPotion"},{"floor":16,"key":"BlessingOfTheForge"},{"floor":21,"key":"Fire Potion"}],"is_trial":false,"path_per_floor":["M","$","?","?","?","R","E","M","T","?","R","M","M","M","R","B",null,"M","?","?","M","?","E"],"character_chosen":"BEAKED_THE_CULTIST","items_purchased":["Replay:PocketPolymizer","beaked:CursingBlood","beaked:Windmill","beaked:Insight","beaked:RitualPlumage","jedi:ominousloannote","beaked:MachineEssence","beaked:WindBringer","Vajra","beaked:DesperateSwing","Elixir"],"campfire_rested":1,"item_purchase_floors":[0,0,0,0,0,2,2,2,2,2,2],"current_hp_per_floor":[36,36,36,13,18,34,42,51,51,40,40,49,53,55,55,55,55,23,23,23,55,46,0,0],"gold":0,"neow_bonus":"","is_daily":false,"chose_seed":false,"campfire_upgraded":2,"win_rate":0.0,"timestamp":1608278903,"path_taken":["M","$","?","?","?","R","E","M","T","?","R","M","M","M","R","BOSS","M","?","?","M","?","E"],"items_purchased_type":["Relic","Card","Card","Card","Relic","Relic","Card","Card","Relic","Card","Potion"],"build_version":"2020-12-13","purchased_purges":0,"victory":false,"max_hp_per_floor":[50,50,50,50,55,55,55,55,55,55,55,55,55,55,55,55,55,55,55,55,58,58,58,58],"relic_stats":{"Darkstone Periapt":0,"Peace Pipe":0,"counters":[32,115],"StoneCalendar":[50],"obtain_stats":[{"Darkstone Periapt":4,"ReplayTheSpireMod:Ring of Exchange":36,"Replay:PocketPolymizer":0,"Torii":14,"Vajra":2,"StoneCalendar":0,"Mythril_Glove":43,"Sling":19,"Replay:Wanted Poster":34,"Matryoshka":26,"Ribbon":10,"MealTicket":13,"jedi:matchstick":19,"Red Mask":22,"Replay:Wax Seal":13,"Lee\u0027s Waffle":13,"BargainBundle":19,"ReplayTheSpireMod:CursedCoin":25,"Damaru":9,"PreservedInsect":13,"Akabeko":7,"beaked:RitualPlumage":0,"Peace Pipe":7,"Runic Dome":17,"Replay:Baseball":43,"jedi:ominousloannote":2,"beaked:MawFillet":17,"Garlic":23,"PureWater":0,"Mirror":25,"jedi:arcanewood":9},{"Darkstone Periapt":22,"ReplayTheSpireMod:Ring of Exchange":18,"Replay:PocketPolymizer":21,"Torii":8,"Vajra":22,"StoneCalendar":21,"Mythril_Glove":20,"Sling":10,"Replay:Wanted Poster":17,"Matryoshka":13,"Ribbon":6,"MealTicket":7,"jedi:matchstick":10,"Red Mask":31,"Replay:Wax Seal":7,"Lee\u0027s Waffle":7,"BargainBundle":10,"ReplayTheSpireMod:CursedCoin":13,"Damaru":5,"PreservedInsect":7,"Akabeko":5,"beaked:RitualPlumage":21,"Peace Pipe":23,"Runic Dome":9,"Replay:Baseball":20,"jedi:ominousloannote":22,"beaked:MawFillet":28,"Garlic":13,"PureWater":0,"Mirror":13,"jedi:arcanewood":24},{"Darkstone Periapt":71,"ReplayTheSpireMod:Ring of Exchange":54,"Replay:PocketPolymizer":67,"Torii":19,"Vajra":71,"StoneCalendar":67,"Mythril_Glove":61,"Sling":27,"Replay:Wanted Poster":51,"Matryoshka":35,"Ribbon":14,"MealTicket":17,"jedi:matchstick":27,"Red Mask":111,"Replay:Wax Seal":17,"Lee\u0027s Waffle":17,"BargainBundle":27,"ReplayTheSpireMod:CursedCoin":35,"Damaru":11,"PreservedInsect":17,"Akabeko":11,"beaked:RitualPlumage":67,"Peace Pipe":78,"Runic Dome":23,"Replay:Baseball":61,"jedi:ominousloannote":71,"beaked:MawFillet":99,"Garlic":35,"PureWater":0,"Mirror":35,"jedi:arcanewood":80}]},"card_choices":[{"not_picked":["beaked:VigorBurst","beaked:Insight"],"picked":"beaked:HuntressSpirit","floor":1},{"not_picked":["beaked:Poke","beaked:TuckingFeathers"],"picked":"beaked:WindBringer","floor":7},{"not_picked":["beaked:Overexert","beaked:CursingBlood"],"picked":"beaked:BounceBack","floor":8},{"not_picked":["beaked:Struggle","beaked:FeelMyPain"],"picked":"beaked:Tweet","floor":12},{"not_picked":["beaked:CrazyRituals","beaked:HuntressSpirit"],"picked":"beaked:Caw","floor":13},{"not_picked":["beaked:SurvivalInstinct","beaked:Foresight"],"picked":"beaked:DigDeep","floor":14},{"not_picked":["beaked:LiftOff","beaked:ShadowFade"],"picked":"beaked:Sacrifice","floor":16},{"not_picked":["beaked:Tradeoff","beaked:Windmill"],"picked":"beaked:Brace","floor":18},{"not_picked":["beaked:FeelMyPain","beaked:Tweet+1"],"picked":"beaked:MachineSpirit","floor":21},{"not_picked":["beaked:Resilience","beaked:Windmill"],"picked":"beaked:WarriorSpirit","floor":22}],"player_experience":1072827,"relics_obtained":[{"floor":7,"key":"Peace Pipe"},{"floor":9,"key":"jedi:arcanewood"},{"floor":22,"key":"Red Mask"}],"event_choices":[{"damage_healed":0,"gold_gain":0,"player_choice":"Donut","damage_taken":0,"max_hp_gain":5,"max_hp_loss":0,"event_name":"Big Fish","floor":5,"gold_loss":0},{"damage_healed":51,"gold_gain":0,"player_choice":"Upgrade","damage_taken":11,"max_hp_gain":0,"max_hp_loss":55,"event_name":"betterThird:BetterShining","floor":10,"gold_loss":0,"cards_upgraded":["beaked:Strike_Y","beaked:Strike_Y"]},{"cards_removed":["beaked:Sacrifice"],"damage_healed":0,"gold_gain":0,"player_choice":"Give","damage_taken":0,"max_hp_gain":0,"max_hp_loss":0,"event_name":"betterNote:BetterNote","floor":19,"gold_loss":0,"cards_obtained":["None"]},{"damage_healed":0,"gold_gain":0,"player_choice":"Read","damage_taken":0,"max_hp_gain":0,"max_hp_loss":0,"event_name":"The Library","floor":20,"gold_loss":0,"cards_obtained":["beaked:Pecker"]},{"damage_healed":0,"gold_gain":0,"player_choice":"Fought Bandits","damage_taken":0,"max_hp_gain":0,"max_hp_loss":0,"event_name":"Masked Bandits","floor":22,"gold_loss":0}],"is_beta":false,"boss_relics":[{"not_picked":["jedi:battlestandard","SlaversCollar"],"picked":"beaked:MawFillet"}],"items_purged_floors":[],"is_endless":false,"potions_floor_spawned":[1,13,14,16,21],"killed_by":"Gremlin Leader","ascension_level":9}}