{"host":"ayxh4kux2sct7fpu","time":1608319338,"event":{"mods":["Act Like it!","BaseMod","Downfall","Hero for Fun","Highlight Path","Minty Spire (QoL Compilation)","MostiFishMod","Prisma Mod","Shop Mod","StSLib","The Animator","The Cursed","The Hayseed","The Hierophant"],"gold_per_floor":[117,127,141,316,328,328,361,361,361,381,442,467,467,478,478,580,580,599,616,636,551,650,650,590,619,643,671,685,551,566,577,577,673,673,689,704,364,364,244,244,273,273,327,327,344,361,380,380,380,380,380,380,212,239,239],"floor_reached":56,"playtime":684,"items_purged":["Doubt","Defend_Y","Defend_Y","Strike_Y","Strike_Y+1"],"score":1668,"play_id":"5f77fabc-c410-4308-86db-32e5dd7c4443","local_time":"20201218172218","is_ascension_mode":true,"campfire_choices":[{"data":"Cleave","floor":6,"key":"SMITH"},{"floor":8,"key":"RECALL"},{"data":"Prepared","floor":15,"key":"SMITH"},{"data":"Hop","floor":23,"key":"SMITH"},{"data":"Strike_Y","floor":32,"key":"SMITH"},{"data":"Defend_Y","floor":40,"key":"SMITH"},{"data":"Strike_Y","floor":42,"key":"SMITH"},{"data":"Strike_Y","floor":49,"key":"SMITH"},{"data":"Strike_Y","floor":52,"key":"SMITH"}],"circlet_count":0,"master_deck":["Strike_Y+1","Strike_Y+1","Defend_Y+1","Defend_Y+1","Defend_Y+1","Cleave+1","Prepared+1","Hop+1","Hip_Strike+1","Adrenaline+1","Blade Dance+1","Prepared+1"],"relics":["Cape","DaveBox","Question Card","PrismaticShard","Shuriken","Question Card","Molten Egg 2","Happy Flower","ImportantClient","BirthdayGift-Tetrahedron","TungstenRod","Matryoshka","Juzu Bracelet","Omamori","BirthdayGift-Icosahedron","Anchor","ClockworkSouvenir","Smiling Mask","HornCleat","Potion Belt","War Paint","SynthV","Oddly Smooth Stone"],"acts_visited":["Exordium","TheCity","TheBeyond","TheEnding"],"potions_floor_usage":[],"damage_taken":[{"damage":0,"enemies":"Jaw Worm","floor":1,"turns":1},{"damage":0,"enemies":"2 Louse","floor":2,"turns":2},{"damage":0,"enemies":"Cultist","floor":3,"turns":1},{"damage":0,"enemies":"Blue Slaver","floor":5,"turns":1},{"damage":0,"enemies":"3 Sentries","floor":7,"turns":2},{"damage":0,"enemies":"2 Fungi Beasts","floor":10,"turns":1},{"damage":0,"enemies":"3 Sentries","floor":11,"turns":2},{"damage":0,"enemies":"Gremlin Nob","floor":12,"turns":1},{"damage":0,"enemies":"Red Slaver","floor":14,"turns":1},{"damage":0,"enemies":"Hexaghost","floor":16,"turns":1},{"damage":0,"enemies":"Chosen","floor":18,"turns":1},{"damage":0,"enemies":"Spheric Guardian","floor":19,"turns":2},{"damage":0,"enemies":"Centurion and Healer","floor":20,"turns":1},{"damage":0,"enemies":"Book of Stabbing","floor":25,"turns":1},{"damage":0,"enemies":"Slavers","floor":27,"turns":1},{"damage":0,"enemies":"Sentry and Sphere","floor":28,"turns":1},{"damage":0,"enemies":"Snecko","floor":30,"turns":1},{"damage":0,"enemies":"Centurion and Healer","floor":31,"turns":1},{"damage":0,"enemies":"Collector","floor":33,"turns":1},{"damage":0,"enemies":"3 Darklings","floor":35,"turns":1},{"damage":0,"enemies":"3 Shapes","floor":36,"turns":1},{"damage":0,"enemies":"Nemesis","floor":41,"turns":1},{"damage":0,"enemies":"Writhing Mass","floor":45,"turns":1},{"damage":0,"enemies":"Jaw Worm Horde","floor":46,"turns":1},{"damage":0,"enemies":"Sphere and 2 Shapes","floor":47,"turns":1},{"damage":0,"enemies":"Time Eater","floor":50,"turns":1},{"damage":0,"enemies":"Shield and Spear","floor":54,"turns":1},{"damage":0,"enemies":"The Heart","floor":55,"turns":3}],"seed_played":"-701188353405614466","potions_obtained":[{"floor":5,"key":"Guardian:BlockOnCardUsePotion"},{"floor":7,"key":"BlessingOfTheForge"},{"floor":10,"key":"Dexterity Potion"},{"floor":36,"key":"Explosive Potion"},{"floor":41,"key":"hexamod:EctoCoolerPotion"},{"floor":46,"key":"EntropicBrew"},{"floor":54,"key":"SpeedPotion"}],"is_trial":false,"path_per_floor":["M","M","M","?","M","R","E","R","T","M","?","E","?","M","R","B",null,"M","M","M","?","?","R","$","E","T","E","M","$","M","M","R","B",null,"M","M","$","?","$","R","E","R","T","?","M","M","M","?","R","B",null,"R","$","E","B",null],"character_chosen":"OPM","items_purchased":["Consecutive_Normal_Punch+1","Anchor","ClockworkSouvenir","SynthV"],"campfire_rested":0,"item_purchase_floors":[29,37,37,53],"current_hp_per_floor":[999,999,999,999,999,999,999,999,999,999,999,999,999,999,999,999,999,999,999,999,999,999,999,999,999,999,999,999,999,999,999,999,999,999,999,999,999,999,999,999,999,999,999,999,999,999,999,999,999,999,999,999,999,999,999],"gold":239,"neow_bonus":"HUNDRED_GOLD","is_daily":false,"chose_seed":false,"campfire_upgraded":8,"win_rate":0.0,"timestamp":1608319338,"path_taken":["M","M","M","?","M","R","E","R","T","M","?","E","?","?","R","BOSS","M","M","M","?","?","R","$","E","T","E","M","$","M","M","R","BOSS","M","M","$","?","$","R","E","R","T","?","M","M","M","?","R","BOSS","R","$","E","BOSS"],"items_purchased_type":["Card","Relic","Relic","Relic"],"build_version":"2020-12-13","purchased_purges":5,"victory":true,"max_hp_per_floor":[999,999,999,999,999,999,999,999,999,999,999,999,999,999,999,999,999,999,999,999,999,999,999,999,999,999,999,999,999,999,999,999,999,999,999,999,999,999,999,999,999,999,999,999,999,999,999,999,999,999,999,999,999,999,999],"card_choices":[{"not_picked":["Hop","Slap"],"picked":"Yawn","floor":1},{"not_picked":["Guardian:WalkerClaw","Stack","SashWhip","hierophant:HolyVerse"],"picked":"SKIP","floor":2},{"not_picked":["sneckomod:UnlimitedRolls","Guardian:EvasiveProtocol","Fire Breathing","hexamod:HauntingEcho"],"picked":"SKIP","floor":3},{"not_picked":["TheSimpletonMod:VineRipen","Flex","sneckomod:SlitherStrike"],"picked":"Cleave","floor":5},{"not_picked":["PrismaMod:MiyuMaid","Burst","Halt","animator:DolaRiku"],"picked":"SKIP","floor":7},{"not_picked":["sneckomod:DiceCrush","Static Discharge","Warcry","TheCursedMod:Wield","champ:ArenaPreparation"],"picked":"SKIP","floor":10},{"not_picked":["animator:Guy","Slimebound:SplitMire","hexamod:Rewind","Prostrate"],"picked":"Prepared","floor":11},{"not_picked":["animator:Millim+1","TheSimpletonMod:Potatoes","champ:DefensiveShout","SignatureMove+1","animator:Patchouli+1"],"picked":"SKIP","floor":12},{"not_picked":["Slimebound:MegaLick","PrismaMod:IllyaFeed+1","Warcry","TheSimpletonMod:Rototilling","Wild Strike+1"],"picked":"SKIP","floor":14},{"not_picked":["PrismaMod:MiyuDefendChannelDefend","Barricade","sneckomod:UnknownRarePower","Master of Strategy"],"picked":"Hip_Strike+1","floor":16},{"not_picked":["Outmaneuver+1","Guardian:Repulse+1","hierophant:AuricBeam+1","Glacier+1","Guardian:TimeBomb+1"],"picked":"SKIP","floor":18},{"not_picked":["Slimebound:SamplingLick","sneckomod:Nope","Slimebound:GrowthPunch+1","Burning Pact","hierophant:DisplayOfPower+1"],"picked":"SKIP","floor":19},{"not_picked":["Warcry","animator:Gluttony","hexamod:ShieldOfDarkness","hexamod:GhostflameInferno","Steam+1"],"picked":"SKIP","floor":20},{"not_picked":["PrismaMod:MiyuEvokeBuffStr","Slap+1","TheCursedMod:SpitefulStrike+1","hierophant:Levitation","animator:Canti+1"],"picked":"SKIP","floor":25},{"not_picked":["animator:MumenRider+1","animator:Raven+1","animator:HarukoHaruhara","sneckomod:UnknownUncommonPower+1","TheCursedMod:CircleOfCorruption+1"],"picked":"SKIP","floor":27},{"not_picked":["hierophant:PristineSoul+1","animator:Cocytus+1","Clothesline+1","hexamod:SwordOfDarkness+1","animator:ChlammyZell"],"picked":"SKIP","floor":28},{"not_picked":["sneckomod:DiceBlock","Guardian:Incinerate+1","TheCursedMod:BloodBarrier","animator:Tet+1","PrismaMod:MiyuDefenseRemoval"],"picked":"SKIP","floor":30},{"not_picked":["TheSimpletonMod:Fertilaser+1","hierophant:Encroach+1","MostiFishMod:PerfectParry","Cold Snap+1","TheCursedMod:CircleOfFlame"],"picked":"SKIP","floor":31},{"not_picked":["TheCursedMod:UltimatePain","Serious_Side_Hops","Bullet Time","animator:Sora"],"picked":"Adrenaline","floor":33},{"not_picked":["sneckomod:UnknownStrike+1","hexamod:ThermalTransfer+1","animator:YaoHaDucy+1","animator:IchigoKurosaki"],"picked":"Blade Dance+1","floor":35},{"not_picked":["TheSimpletonMod:ControlledBurn+1","animator:DolaRiku","hexamod:RecurringNightmare+1","Twin Strike+1","hierophant:Invocation"],"picked":"SKIP","floor":36},{"not_picked":["animator:Gluttony","sneckomod:UnknownClassGUARDIAN","hierophant:Community","hierophant:Flagellation"],"picked":"Prepared+1","floor":41},{"not_picked":["EmptyMind+1","TheCursedMod:Hemoplague+1","sneckomod:Unknown1Cost+1","Go for the Eyes+1","hierophant:MorningPrayer+1"],"picked":"SKIP","floor":45},{"not_picked":["PrismaMod:ChloeCommonAOEAttack+1","Clash+1","Slimebound:Equalize+1","champ:BerserkersShout+1","PrismaMod:IllyaBoysLove"],"picked":"SKIP","floor":46},{"not_picked":["champ:Lariat","animator:YaoHaDucy+1","Side_Hop+1","Sucker Punch+1","hexamod:ShieldOfDarkness"],"picked":"SKIP","floor":47},{"not_picked":["hexamod:FourthSeal","champ:ViciousMockery+1","TheCursedMod:AbyssShockwave+1","animator:Mitsuba+1","animator:ChlammyZell"],"picked":"SKIP","floor":54}],"player_experience":317626,"relics_obtained":[{"floor":1,"key":"Question Card"},{"floor":1,"key":"PrismaticShard"},{"floor":7,"key":"Shuriken"},{"floor":9,"key":"Question Card"},{"floor":11,"key":"Molten Egg 2"},{"floor":12,"key":"Happy Flower"},{"floor":16,"key":"ImportantClient"},{"floor":25,"key":"Matryoshka"},{"floor":26,"key":"Juzu Bracelet"},{"floor":27,"key":"Omamori"},{"floor":41,"key":"Smiling Mask"},{"floor":43,"key":"HornCleat"},{"floor":43,"key":"Potion Belt"},{"floor":54,"key":"Oddly Smooth Stone"}],"event_choices":[{"damage_healed":0,"gold_gain":175,"player_choice":"AGREE","damage_taken":0,"max_hp_gain":0,"max_hp_loss":0,"event_name":"Liars Game","floor":4,"gold_loss":0,"cards_obtained":["Doubt"]},{"damage_healed":0,"gold_gain":0,"player_choice":"Searched \u00271\u0027 times","damage_taken":0,"max_hp_gain":0,"max_hp_loss":0,"event_name":"Dead Adventurer","floor":11,"gold_loss":0},{"damage_healed":0,"gold_gain":0,"cards_transformed":["Yawn"],"player_choice":"Transformed","damage_taken":0,"max_hp_gain":0,"max_hp_loss":0,"event_name":"Transmorgrifier","floor":13,"gold_loss":0,"cards_obtained":["Hop"]},{"damage_healed":0,"gold_gain":0,"player_choice":"Obtained Relic","damage_taken":0,"relics_obtained":["TungstenRod"],"max_hp_gain":0,"max_hp_loss":0,"event_name":"Addict","floor":21,"gold_loss":85},{"damage_healed":0,"gold_gain":99,"player_choice":"Stole From Cult","damage_taken":0,"max_hp_gain":0,"max_hp_loss":0,"event_name":"Nest","floor":22,"gold_loss":0},{"damage_healed":0,"gold_gain":0,"player_choice":"Forge","damage_taken":0,"max_hp_gain":0,"max_hp_loss":0,"event_name":"Accursed Blacksmith","floor":38,"gold_loss":0,"cards_upgraded":["Adrenaline"]},{"cards_removed":["Strike_Y"],"damage_healed":0,"gold_gain":0,"player_choice":"Removed Attack","damage_taken":0,"max_hp_gain":0,"max_hp_loss":0,"event_name":"Falling","floor":44,"gold_loss":0},{"cards_removed":["Consecutive_Normal_Punch"],"damage_healed":0,"gold_gain":0,"player_choice":"Gave Card","damage_taken":0,"relics_obtained":["War Paint"],"max_hp_gain":0,"max_hp_loss":0,"event_name":"WeMeetAgain","floor":48,"gold_loss":0}],"is_beta":false,"boss_relics":[{"not_picked":["OneHitWonderSystem","PatriotShield"],"picked":"BirthdayGift-Tetrahedron"},{"not_picked":["Sozu","Tiny House"],"picked":"BirthdayGift-Icosahedron"}],"items_purged_floors":[24,29,37,39,53],"is_endless":false,"potions_floor_spawned":[5,7,10,12,14,18,27,28,30,36,41,46,54],"ascension_level":1}}