{"host":"eckg3lzugnpjvwsg","time":1608313348,"event":{"mods":["Act Like it!","Aspiration","Bard","BaseMod","Bestiary","Better Third Choice","Curses Come First","Filter the Spire","Gremlin Mod","Hermit","Infinite Spire","Mad Scientist","Mimic Mod","Minty Spire (QoL Compilation)","Replay The Spire","StSLib","The Bladedancer","The Disciple","The Gatherer","The Jungle","The Mystic","The Necromancer","The Poker Player","The Runesmith"],"gold_per_floor":[118,118,134,145,162,196,196,263,294,327,327,337,337,352,352,447,447,464,514,514],"floor_reached":19,"playtime":1338,"items_purged":[],"score":231,"play_id":"512db9e9-94fe-42d7-a8ee-7b93da91a023","local_time":"20201218154228","is_ascension_mode":false,"campfire_choices":[{"data":"Gremlin:ShadowShiv","floor":11.0,"key":"SMITH"},{"data":"Demon Form","floor":13.0,"key":"SMITH"},{"data":"Gremlin:TagTeam","floor":15.0,"key":"SMITH"}],"circlet_count":0,"master_deck":["Gremlin:Strike","Gremlin:Strike","Gremlin:Strike","Gremlin:Strike","Gremlin:Defend","Gremlin:Defend","Gremlin:Defend","Gremlin:Defend","Gremlin:TagTeam+1","Gremlin:GremlinDance","Gremlin:Jeer","Gremlin:RageBreak","Gremlin:CatScratch","Gremlin:ShadowShiv+1","Gremlin:EdibleArmor","Gremlin:PartyStick","Gremlin:AggressiveDefense","Gremlin:Polish","Demon Form+1","Gremlin:Polish","Gremlin:Necromancy","Gremlin:ShowOfHands"],"relics":["Gremlin:GremlinKnob","aspiration:Nostalgia","m_CorellonBlood","infinitespire:Beetle Shell","SsserpentHead","Anchor","Ancient Tea Set","Coffee Dripper"],"acts_visited":["Exordium","Exordium"],"potions_floor_usage":[],"damage_taken":[{"damage":0.0,"enemies":"Jaw Worm","floor":1.0,"turns":3.0},{"damage":0.0,"enemies":"Cultist","floor":3.0,"turns":3.0},{"damage":0.0,"enemies":"Small Slimes","floor":4.0,"turns":3.0},{"damage":12.0,"enemies":"Exordium Thugs","floor":5.0,"turns":6.0},{"damage":11.0,"enemies":"Replay:BlueRogue","floor":6.0,"turns":13.0},{"damage":2.0,"enemies":"Exordium Wildlife","floor":8.0,"turns":5.0},{"damage":3.0,"enemies":"3 Louse","floor":9.0,"turns":7.0},{"damage":28.0,"enemies":"Gremlin Nob","floor":10.0,"turns":4.0},{"damage":0.0,"enemies":"3 Louse","floor":12.0,"turns":2.0},{"damage":0.0,"enemies":"Large Slime","floor":14.0,"turns":4.0},{"damage":0.0,"enemies":"Hexaghost","floor":16.0,"turns":9.0},{"damage":17,"enemies":"theJungle:GiantWrat","floor":18,"turns":5}],"seed_played":"5006078921079863094","potions_obtained":[{"floor":4.0,"key":"Explosive Potion"},{"floor":6.0,"key":"Dexterity Potion"},{"floor":8.0,"key":"Venom Potion"},{"floor":18,"key":"BlessingOfTheForge"}],"is_trial":false,"path_per_floor":["M","$","M","M","M","E","?","M","MIM","E","R","M","R","M","R","B",null,"M","?"],"character_chosen":"GREMLIN","items_purchased":[],"campfire_rested":0,"item_purchase_floors":[],"current_hp_per_floor":[20,20,20,20,11,12,12,20,17,20,20,12,12,12,12,20,20,8,0,0],"gold":514,"neow_bonus":"NOSTALGIA","is_daily":false,"chose_seed":false,"campfire_upgraded":3,"win_rate":0.0,"timestamp":1608313348,"path_taken":["M","$","M","M","M","E","?","?","MIM","E","R","M","R","M","R","BOSS","M","?"],"items_purchased_type":[],"build_version":"2020-12-13","purchased_purges":0,"victory":false,"max_hp_per_floor":[20,20,20,20,20,20,20,20,20,20,20,20,20,20,20,20,20,20,21,21],"card_choices":[{"not_picked":["Thunderclap","Gremlin:CatScratch"],"picked":"Gremlin:Jeer","floor":1.0},{"not_picked":["Gremlin:BubbleBarrier","Clothesline"],"picked":"Gremlin:RageBreak","floor":3.0},{"not_picked":["Gremlin:BurlyBlow","Twin Strike"],"picked":"Gremlin:CatScratch","floor":4.0},{"not_picked":["Gremlin:CatScratch","Thunderclap"],"picked":"Gremlin:ShadowShiv","floor":5.0},{"not_picked":["Thunderclap","Gremlin:CatScratch"],"picked":"Gremlin:EdibleArmor","floor":6.0},{"not_picked":["Gremlin:Scatter","Thunderclap"],"picked":"Gremlin:PartyStick","floor":8.0},{"not_picked":["Gremlin:Pretaliation","Thunderclap"],"picked":"Gremlin:AggressiveDefense","floor":9.0},{"not_picked":["Gremlin:CatScratch","Gremlin:Tadah"],"picked":"Gremlin:Polish","floor":10.0},{"not_picked":["Gremlin:GremlinArms","Gremlin:DaggerDance"],"picked":"Demon Form","floor":12.0},{"not_picked":["Gremlin:CatScratch","Heavy Blade"],"picked":"Gremlin:Polish","floor":14.0},{"not_picked":["Demon Form","Gremlin:BrokenShin"],"picked":"Gremlin:Necromancy","floor":16.0},{"not_picked":["Gremlin:PourSalt","Gremlin:CatScratch"],"picked":"Gremlin:ShowOfHands","floor":18}],"player_experience":24444,"relics_obtained":[{"floor":6.0,"key":"infinitespire:Beetle Shell"},{"floor":9.0,"key":"Anchor"},{"floor":10.0,"key":"Ancient Tea Set"}],"event_choices":[{"damage_healed":0.0,"max_hp_gain":0.0,"max_hp_loss":0.0,"gold_gain":0.0,"event_name":"FaceTrader","player_choice":"Trade","floor":7.0,"gold_loss":0.0,"damage_taken":0.0,"relics_obtained":["SsserpentHead"]}],"is_beta":false,"boss_relics":[{"not_picked":["ReplayTheSpireMod:DimensionalGlitch","Ectoplasm"],"picked":"Coffee Dripper"}],"items_purged_floors":[],"is_endless":false,"potions_floor_spawned":[4,6,8,10,12,18],"ascension_level":0}}