{"host":"jh7kh5nqtgzr3auj","time":1608261841,"event":{"mods":["AchievementEnabler","Act Like it!","BaseMod","CapriCore","Highlight Path","Minty Spire (QoL Compilation)","Pale of the Ancients","Quick Restart","Robot Space Explorer","StSLib","TestMod"],"gold_per_floor":[110,127,137,158,182,182,210,26,26,57,57,67,81,107,107,210,210,222,237,237,237,237,271,271,300,300,300,300],"floor_reached":27,"playtime":1185,"items_purged":[],"score":364,"play_id":"e9a2053e-0823-4acf-b583-62ca36f62def","local_time":"20201218112401","is_ascension_mode":true,"campfire_choices":[{"data":"RobotSpaceExplorer:MiniBoosters","floor":6.0,"key":"SMITH"},{"data":"RobotSpaceExplorer:Blaster","floor":15.0,"key":"SMITH"},{"data":"RobotSpaceExplorer:FranticSearch","floor":24.0,"key":"SMITH"}],"circlet_count":0,"master_deck":["RobotSpaceExplorer:Strike","RobotSpaceExplorer:Strike","RobotSpaceExplorer:Strike","RobotSpaceExplorer:Strike","RobotSpaceExplorer:Defend","RobotSpaceExplorer:Defend","RobotSpaceExplorer:Defend","RobotSpaceExplorer:Defend","RobotSpaceExplorer:Scan","RobotSpaceExplorer:MiniLasers","RobotSpaceExplorer:MiniDrones","RobotSpaceExplorer:ScrapMissile+1","RobotSpaceExplorer:DoubleBlock","RobotSpaceExplorer:SelfCleaning","RobotSpaceExplorer:MiniBoosters+1","RobotSpaceExplorer:Jetpack","RobotSpaceExplorer:Fix","RobotSpaceExplorer:Blaster+1","RobotSpaceExplorer:ScrapToss+1","RobotSpaceExplorer:MiniBoosters+1","Necronomicurse","RobotSpaceExplorer:FranticSearch+1","RobotSpaceExplorer:Reload+1"],"relics":["RobotSpaceExplorer:RoboCore","testmod-TestBox","NeowsBlessing","testmod-TheFather","StrikeDummy","testmod-Charity","Meat on the Bone","testmod-BalancedPeriapt","HornCleat","Philosopher\u0027s Stone","Nunchaku","Necronomicon","White Beast Statue","Happy Flower","testmod-Brilliant","Potion Belt"],"acts_visited":["Exordium","TheCity"],"potions_floor_usage":[],"damage_taken":[{"damage":0.0,"enemies":"Small Slimes","floor":1.0,"turns":1.0},{"damage":0.0,"enemies":"Cultist","floor":2.0,"turns":1.0},{"damage":0.0,"enemies":"2 Louse","floor":3.0,"turns":1.0},{"damage":0.0,"enemies":"Large Slime","floor":4.0,"turns":6.0},{"damage":0.0,"enemies":"Exordium Thugs","floor":5.0,"turns":3.0},{"damage":15.0,"enemies":"Gremlin Nob","floor":7.0,"turns":5.0},{"damage":0.0,"enemies":"3 Sentries","floor":10.0,"turns":4.0},{"damage":2.0,"enemies":"Blue Slaver","floor":12.0,"turns":4.0},{"damage":0.0,"enemies":"3 Louse","floor":13.0,"turns":1.0},{"damage":14.0,"enemies":"Gremlin Nob","floor":14.0,"turns":4.0},{"damage":4.0,"enemies":"Hexaghost","floor":16.0,"turns":9.0},{"damage":21.0,"enemies":"Spheric Guardian","floor":18.0,"turns":7.0},{"damage":6.0,"enemies":"2 Thieves","floor":19.0,"turns":3.0},{"damage":12.0,"enemies":"Book of Stabbing","floor":23.0,"turns":4.0},{"damage":0.0,"enemies":"Slavers","floor":25.0,"turns":2.0},{"damage":0,"enemies":"Gremlin Leader","floor":27,"turns":1}],"seed_played":"-81317758635042787","potions_obtained":[{"floor":2.0,"key":"SkillPotion"},{"floor":4.0,"key":"DistilledChaos"},{"floor":5.0,"key":"SpeedPotion"},{"floor":10.0,"key":"SkillPotion"},{"floor":14.0,"key":"ColorlessPotion"},{"floor":16.0,"key":"Block Potion"},{"floor":19.0,"key":"BlessingOfTheForge"},{"floor":23.0,"key":"SneckoOil"},{"floor":25.0,"key":"Fire Potion"}],"is_trial":false,"path_per_floor":["M","M","M","M","M","R","E","$","T","E","?","M","M","E","R","B",null,"M","M","?","?","?","E","R","E","T","E"],"character_chosen":"RobotSpaceExplorer","items_purchased":["testmod-Charity","RobotSpaceExplorer:Fix"],"campfire_rested":0,"item_purchase_floors":[8,8],"current_hp_per_floor":[75,75,75,75,75,75,60,60,60,79,79,84,90,85,85,90,90,76,90,90,74,74,81,81,90,90,90,90],"gold":300,"neow_bonus":"THREE_ENEMY_KILL","is_daily":false,"chose_seed":false,"campfire_upgraded":3,"win_rate":0.0,"timestamp":1608261841,"path_taken":["M","M","M","M","M","R","E","$","T","E","?","M","?","E","R","BOSS","M","M","?","?","?","E","R","E","T","E"],"items_purchased_type":["Relic","Card"],"build_version":"2020-12-13","purchased_purges":0,"victory":false,"max_hp_per_floor":[75,75,75,75,75,75,75,75,75,90,90,90,90,90,90,90,90,90,90,90,90,90,90,90,90,90,90,90],"card_choices":[{"not_picked":["RobotSpaceExplorer:SlimeMissile","RobotSpaceExplorer:LuckyStrike"],"picked":"RobotSpaceExplorer:MiniDrones","floor":1.0},{"not_picked":["RobotSpaceExplorer:Fix","RobotSpaceExplorer:RigExplosive"],"picked":"RobotSpaceExplorer:ScrapMissile","floor":2.0},{"not_picked":["RobotSpaceExplorer:Pulsar","RobotSpaceExplorer:StunGrenade"],"picked":"RobotSpaceExplorer:DoubleBlock","floor":3.0},{"not_picked":["RobotSpaceExplorer:StarLightning","RobotSpaceExplorer:SurgingStrike"],"picked":"RobotSpaceExplorer:SelfCleaning","floor":4.0},{"not_picked":["RobotSpaceExplorer:SelfCleaning","RobotSpaceExplorer:Pulsar"],"picked":"RobotSpaceExplorer:MiniBoosters","floor":5.0},{"not_picked":["RobotSpaceExplorer:PlasmaMissile","RobotSpaceExplorer:GearShield"],"picked":"RobotSpaceExplorer:Jetpack","floor":7.0},{"not_picked":["RobotSpaceExplorer:FreezeRay","RobotSpaceExplorer:StunGrenade"],"picked":"RobotSpaceExplorer:Arsenal","floor":10.0},{"not_picked":["RobotSpaceExplorer:Ammunition","RobotSpaceExplorer:Electropulse","RobotSpaceExplorer:MetalStrike"],"picked":"SKIP","floor":12.0},{"not_picked":["RobotSpaceExplorer:FrostMissile","RobotSpaceExplorer:StunGrenade","RobotSpaceExplorer:SelfCleaning"],"picked":"SKIP","floor":13.0},{"not_picked":["RobotSpaceExplorer:SurgingShield","RobotSpaceExplorer:IronShell"],"picked":"RobotSpaceExplorer:Blaster","floor":14.0},{"not_picked":["RobotSpaceExplorer:Arsenal","RobotSpaceExplorer:HighVoltage"],"picked":"RobotSpaceExplorer:Exploration","floor":16.0},{"not_picked":["RobotSpaceExplorer:MetalStrike","RobotSpaceExplorer:SwiftStep"],"picked":"RobotSpaceExplorer:ScrapToss+1","floor":18.0},{"not_picked":["RobotSpaceExplorer:PowerGlove","RobotSpaceExplorer:MetalStrike"],"picked":"RobotSpaceExplorer:MiniBoosters+1","floor":19.0},{"not_picked":["RobotSpaceExplorer:SurgingShield","RobotSpaceExplorer:StunGrenade"],"picked":"RobotSpaceExplorer:FranticSearch","floor":23.0},{"not_picked":["RobotSpaceExplorer:SwiftStep","RobotSpaceExplorer:MetalStrike"],"picked":"RobotSpaceExplorer:Reload+1","floor":25.0}],"player_experience":268160,"relics_obtained":[{"floor":7.0,"key":"StrikeDummy"},{"floor":9.0,"key":"Meat on the Bone"},{"floor":10.0,"key":"testmod-BalancedPeriapt"},{"floor":14.0,"key":"HornCleat"},{"floor":21.0,"key":"Necronomicon"},{"floor":23.0,"key":"Happy Flower"},{"floor":25.0,"key":"testmod-Brilliant"},{"floor":26.0,"key":"Potion Belt"}],"event_choices":[{"damage_healed":0.0,"max_hp_gain":0.0,"max_hp_loss":0.0,"gold_gain":0.0,"event_name":"Accursed Blacksmith","player_choice":"Forge","floor":11.0,"gold_loss":0.0,"damage_taken":0.0,"cards_upgraded":["RobotSpaceExplorer:ScrapMissile"]},{"damage_healed":0.0,"max_hp_gain":0.0,"max_hp_loss":0.0,"gold_gain":0.0,"event_name":"The Mausoleum","player_choice":"Opened","floor":20.0,"gold_loss":0.0,"damage_taken":0.0,"relics_obtained":["Nunchaku"]},{"damage_healed":0.0,"max_hp_gain":0.0,"max_hp_loss":0.0,"gold_gain":0.0,"event_name":"Cursed Tome","player_choice":"Obtained Book","floor":21.0,"gold_loss":0.0,"damage_taken":16.0},{"cards_removed":["RobotSpaceExplorer:Arsenal"],"damage_healed":0.0,"max_hp_gain":0.0,"max_hp_loss":0.0,"gold_gain":0.0,"event_name":"WeMeetAgain","player_choice":"Gave Card","floor":22.0,"gold_loss":0.0,"damage_taken":0.0,"relics_obtained":["White Beast Statue"]}],"is_beta":false,"boss_relics":[{"not_picked":["Velvet Choker","testmod-Recursion"],"picked":"Philosopher\u0027s Stone"}],"items_purged_floors":[],"is_endless":false,"potions_floor_spawned":[2,4,5,10,14,16,19,23,25],"killed_by":"Gremlin Leader","ascension_level":1}}