{"host":"1rf9pknejqhzkc4o","time":1608323502,"event":{"mods":["Aspiration","BaseMod","Better Altar","Better Match","Better Note","Better Sensory Stone","Better Skull","Better Third Choice","Colored Map","Colored Powertips","Communication Mod","Conspire","Energized Spire","Hubris","Infinite Spire","Ironclad Rager","Minty Spire (QoL Compilation)","Quick Restart","RNG Fix","Rare Cards Sparkle","Relic Stats","Replay The Spire","Retaliation","Spicy Shops","StSLib","The Blue Laboratory","Trackpad"],"gold_per_floor":[114,133,150,111,127,127,162,162,162,16,16,29,42,61,61,156,156,140,215,265,29,29,29,45,45,45,45,59,73,73,73,73],"floor_reached":31,"playtime":1414,"items_purged":[],"score":237,"play_id":"08ed7bb1-ae7b-4f45-8749-634ea010d77e","local_time":"20201218233142","is_ascension_mode":false,"campfire_choices":[{"floor":6.0,"key":"RECALL"},{"floor":8.0,"key":"REST"},{"floor":15.0,"key":"REST"},{"data":"Hemogenesis","floor":23.0,"key":"SMITH"},{"data":"Sword Boomerang","floor":25.0,"key":"SMITH"},{"data":"Demon Form","floor":27.0,"key":"SMITH"}],"circlet_count":0,"master_deck":["Bash","ICR:RageStrike","ICR:RageStrike","ICR:RageStrike","ICR:RageStrike+1","ICR:RageStrike","ICR:ShieldBash","ICR:ShieldBash","ICR:ShieldBash","ICR:ShieldBash+2","DDmod:SpikeMailSkill","Sword Boomerang+1","DDmod:PokeAttack","Flex","Flex","ReplayTheSpireMod:Limb From Limb","Second Wind","Hemogenesis+1","Clash","Anger","Heavy Blade","Thunderclap+1","Demon Form+1","hubris:SharpeningStone","Run Through+1"],"relics":["Burning Blood","Omamori","Simple Rune","aspiration:ChemicalBlood","aspiration:SecretTechniqueScroll","King of Hearts","Ginger","conspire:GiftBox","Replay:Arrowhead"],"acts_visited":["Exordium","TheCity"],"potions_floor_usage":[29],"damage_taken":[{"damage":0.0,"enemies":"Small Slimes","floor":1.0,"turns":3.0},{"damage":3.0,"enemies":"Jaw Worm","floor":2.0,"turns":5.0},{"damage":7.0,"enemies":"Cultist","floor":3.0,"turns":4.0},{"damage":27.0,"enemies":"Large Slime","floor":5.0,"turns":6.0},{"damage":34.0,"enemies":"3 Sentries","floor":7.0,"turns":7.0},{"damage":13.0,"enemies":"Gremlin Gang","floor":12.0,"turns":5.0},{"damage":11.0,"enemies":"Lots of Slimes","floor":13.0,"turns":3.0},{"damage":23.0,"enemies":"Large Slime","floor":14.0,"turns":4.0},{"damage":41.0,"enemies":"Hexaghost","floor":16.0,"turns":8.0},{"damage":32.0,"enemies":"2 Thieves","floor":18.0,"turns":4.0},{"damage":10.0,"enemies":"Chosen","floor":24.0,"turns":4.0},{"damage":33,"enemies":"Snake Plant","floor":28,"turns":4},{"damage":34,"enemies":"3 Cultists","floor":29,"turns":5},{"damage":39,"enemies":"Shelled Parasite and Fungi","floor":31,"turns":3}],"seed_played":"-5826223495321247282","potions_obtained":[{"floor":3.0,"key":"PowerPotion"},{"floor":7.0,"key":"blueLaboratory:EnragingPotion"},{"floor":13.0,"key":"LifebloodPotion"},{"floor":14.0,"key":"Strength Potion"},{"floor":18.0,"key":"Swift Potion"},{"floor":18.0,"key":"BlessingOfTheForge"},{"floor":28,"key":"Toxic Potion"}],"is_trial":false,"path_per_floor":["M","M","M","$","M","R","E","R","T","$","?","M","M","M","R","B",null,"M","?","?","$","?","R","M","R","T","R","M","M","?","M"],"character_chosen":"IRONCLAD","items_purchased":["Flex","aspiration:ChemicalBlood","King of Hearts","Ginger"],"campfire_rested":2,"item_purchase_floors":[4,10,21,21],"current_hp_per_floor":[80,80,79,79,58,58,30,54,54,54,54,47,42,25,49,19,80,54,46,46,46,90,90,86,86,86,86,59,31,31,0,0],"gold":73,"neow_bonus":"IRONCLAD_RAGER","is_daily":false,"chose_seed":false,"campfire_upgraded":3,"win_rate":0.0,"timestamp":1608323502,"path_taken":["M","M","?","?","M","R","E","R","T","$","?","M","M","M","R","BOSS","M","?","?","$","?","R","M","R","T","R","?","M","?","M"],"items_purchased_type":["Card","Relic","Relic","Relic"],"build_version":"2020-12-13","purchased_purges":0,"victory":false,"max_hp_per_floor":[80,80,80,80,80,80,80,80,80,80,80,80,80,80,80,80,80,80,80,80,80,90,90,90,90,90,90,90,90,90,90,90],"relic_stats":{"counters":[14,65],"Ginger":[5],"obtain_stats":[{"conspire:GiftBox":26,"Simple Rune":9,"King of Hearts":21,"Omamori":7,"aspiration:SecretTechniqueScroll":17,"Ginger":21,"Burning Blood":0,"Replay:Arrowhead":30,"aspiration:ChemicalBlood":10},{"conspire:GiftBox":11,"Simple Rune":5,"King of Hearts":10,"Omamori":5,"aspiration:SecretTechniqueScroll":9,"Ginger":10,"Burning Blood":0,"Replay:Arrowhead":13,"aspiration:ChemicalBlood":5},{"conspire:GiftBox":53,"Simple Rune":25,"King of Hearts":49,"Omamori":25,"aspiration:SecretTechniqueScroll":45,"Ginger":49,"Burning Blood":0,"Replay:Arrowhead":62,"aspiration:ChemicalBlood":25}],"Burning Blood":69},"card_choices":[{"not_picked":["Dropkick","ReplayTheSpireMod:Strike From Hell"],"picked":"DDmod:SpikeMailSkill","floor":1.0},{"not_picked":["Pummel","DDmod:CallousedSkill"],"picked":"Sword Boomerang","floor":2.0},{"not_picked":["Warcry","Shrug It Off"],"picked":"DDmod:PokeAttack","floor":3.0},{"not_picked":["Pommel Strike","ReplayTheSpireMod:LeadingStrike"],"picked":"ReplayTheSpireMod:Limb From Limb","floor":5.0},{"not_picked":["ReplayTheSpireMod:Strike From Hell","DDmod:SpikeInjectionSkill"],"picked":"Second Wind","floor":7.0},{"not_picked":["ICR:Frenzy","Second Wind"],"picked":"Hemogenesis","floor":12.0},{"not_picked":["Massacre","ReplayReversal"],"picked":"Clash","floor":13.0},{"not_picked":["DDmod:RapidStrikeAttack","DDmod:EasePowerCard"],"picked":"Anger","floor":14.0},{"not_picked":["Exhume","Corruption"],"picked":"Barricade","floor":16.0},{"not_picked":["ReplayTheSpireMod:Corrosion Curse","Twin Strike+1"],"picked":"Heavy Blade","floor":18.0},{"not_picked":["True Grit","Flex"],"picked":"Thunderclap+1","floor":24.0},{"not_picked":["Offering","Fiend Fire"],"picked":"Demon Form","floor":26.0},{"not_picked":["Cleave","Body Slam+1"],"picked":"hubris:SharpeningStone","floor":28},{"not_picked":["Feel No Pain+1","ReplayTheSpireMod:Strike From Hell"],"picked":"Run Through+1","floor":29}],"player_experience":146613,"relics_obtained":[{"floor":7.0,"key":"Omamori"},{"floor":9.0,"key":"Simple Rune"},{"floor":26.0,"key":"conspire:GiftBox"}],"event_choices":[{"damage_healed":0.0,"max_hp_gain":0.0,"max_hp_loss":0.0,"gold_gain":75.0,"event_name":"FaceTrader","player_choice":"Touch","floor":19.0,"gold_loss":0.0,"damage_taken":8.0},{"damage_healed":0.0,"max_hp_gain":0.0,"max_hp_loss":0.0,"gold_gain":100.0,"event_name":"The Joust","player_choice":"Bet on Murderer","floor":20.0,"gold_loss":50.0,"damage_taken":0.0},{"cards_removed":["Barricade"],"damage_healed":34.0,"max_hp_gain":10.0,"max_hp_loss":0.0,"gold_gain":0.0,"event_name":"Bonfire Elementals","player_choice":"Offered Rare","floor":22.0,"gold_loss":0.0,"damage_taken":0.0},{"damage_healed":0,"gold_gain":0,"player_choice":"Gave Potion","damage_taken":0,"relics_obtained":["Replay:Arrowhead"],"max_hp_gain":0,"max_hp_loss":0,"event_name":"WeMeetAgain","floor":30,"gold_loss":0}],"is_beta":false,"boss_relics":[{"not_picked":["energizedSpire:HugeHouse","aspiration:RandomNobGenerator"],"picked":"aspiration:SecretTechniqueScroll"}],"items_purged_floors":[],"is_endless":false,"potions_floor_spawned":[3,7,13,18,24,28],"killed_by":"Shelled Parasite and Fungi","ascension_level":0}}