{"host":"byu8oejwd0fdcxn8","time":1608278234,"event":{"mods":["Act Like it!","Arknights The Spire","BaseMod","Custom Start","Friendly Minions","Hermit","Minty Spire (QoL Compilation)","StSLib"],"gold_per_floor":[119,119,43,43,59,88,88,88,168,184,184,195,195,208,208,308,308,319,273,292,309,309,309],"floor_reached":22,"playtime":875,"items_purged":[],"score":186,"play_id":"510bbdff-67e0-4f7b-aa1e-e73b0156349d","local_time":"20201218165714","is_ascension_mode":false,"campfire_choices":[],"circlet_count":0,"master_deck":["ats:Powerful Strike","ats:Powerful Strike","ats:Powerful Strike","ats:Armor Crushing Shot+1","ats:Defend Up","ats:Defend Up","ats:Defend Up","ats:Defend Up","ats:Emotion Absorption","ats:Emotion Absorption","ats:Encircling Forest","ats:Thorns","ats:Ignite","ats:Sunburst","ats:Poison Spread","ats:Thorns","ats:Counter Healing Mode","ats:Fractured Body","ats:Mental Burst+1","ats:Just Like an Apocalypse","ats:Neurotoxin","ats:Poison Spread+1"],"relics":["ats:Sanity","Vajra","ats:Originium","Akabeko","Question Card","ats:Originium","ats:Originium","SacredBark"],"acts_visited":["Exordium","TheCity"],"potions_floor_usage":[6,16,16,18,22],"damage_taken":[{"damage":0,"enemies":"2 Louse","floor":1,"turns":2},{"damage":0,"enemies":"Cultist","floor":5,"turns":3},{"damage":17,"enemies":"3 Sentries","floor":6,"turns":8},{"damage":7,"enemies":"Small Slimes","floor":10,"turns":2},{"damage":10,"enemies":"Looter","floor":12,"turns":2},{"damage":3,"enemies":"3 Louse","floor":14,"turns":2},{"damage":39,"enemies":"Slime Boss","floor":16,"turns":9},{"damage":28,"enemies":"3 Byrds","floor":18,"turns":4},{"damage":26,"enemies":"Spheric Guardian","floor":20,"turns":5},{"damage":23,"enemies":"3 Cultists","floor":21,"turns":5},{"damage":12,"enemies":"Centurion and Healer","floor":22,"turns":2}],"seed_played":"2372005971651750236","potions_obtained":[{"floor":1,"key":"CultistPotion"},{"floor":10,"key":"DuplicationPotion"},{"floor":12,"key":"SpeedPotion"},{"floor":16,"key":"Block Potion"},{"floor":21,"key":"Explosive Potion"}],"is_trial":false,"path_per_floor":["M","?","$","$","M","E","R","?","T","M","R","M","?","M","R","B",null,"M","$","M","M","M"],"character_chosen":"DOCTOR_CLASS","items_purchased":["ats:Thorns","ats:Just Like an Apocalypse"],"campfire_rested":0,"item_purchase_floors":[3,19],"current_hp_per_floor":[72,72,72,72,72,55,55,48,48,41,41,31,55,52,52,13,72,44,44,22,1,0,0],"gold":309,"neow_bonus":"UPGRADE_CARD","is_daily":false,"chose_seed":false,"campfire_upgraded":0,"win_rate":0.0,"timestamp":1608278234,"path_taken":["M","?","?","$","?","E","R","?","T","M","R","M","?","M","R","BOSS","M","$","M","M","M"],"items_purchased_type":["Card","Card"],"build_version":"2020-12-13","purchased_purges":0,"victory":false,"max_hp_per_floor":[72,72,72,72,72,72,72,72,72,72,72,72,72,72,72,72,72,72,72,72,72,72,72],"card_choices":[{"not_picked":["ats:Very Hot Blade","ats:Hook Shot"],"picked":"ats:Encircling Forest","floor":1},{"not_picked":["ats:Curse Doll","ats:Poison Spread"],"picked":"ats:Ignite","floor":5},{"not_picked":["ats:Explosion Area Strengthen","ats:Encircling Forest"],"picked":"ats:Sunburst","floor":6},{"not_picked":["ats:Blood Oath","ats:Composite Medical Shells","ats:Very Hot Blade"],"picked":"ats:Poison Spread","floor":10},{"not_picked":["ats:Composite Medical Shells","ats:Consecutive Shot: Auto","ats:Just Like an Apocalypse"],"picked":"ats:Thorns","floor":12},{"not_picked":["ats:Support Order","ats:Just Like an Apocalypse","ats:Explosion Area Strengthen"],"picked":"ats:Counter Healing Mode","floor":14},{"not_picked":["ats:Shadow Assault","ats:Wolf Pack","ats:Rat Pack"],"picked":"ats:Fractured Body","floor":16},{"not_picked":["ats:Composite Medical Shells","ats:Consecutive Shot: Auto+1","ats:Revitalization+1"],"picked":"ats:Mental Burst+1","floor":18},{"not_picked":["ats:Curse Doll","ats:Shell Defense","ats:Assault Order"],"picked":"ats:Neurotoxin","floor":20},{"not_picked":["ats:Very Hot Blade","ats:Rapid Magazine","ats:Chain Hook+1"],"picked":"ats:Poison Spread+1","floor":21}],"player_experience":1057603,"relics_obtained":[{"floor":6,"key":"Vajra"},{"floor":7,"key":"ats:Originium"},{"floor":9,"key":"Question Card"},{"floor":11,"key":"ats:Originium"},{"floor":15,"key":"ats:Originium"}],"event_choices":[{"damage_healed":0,"gold_gain":0,"player_choice":"Ignored","damage_taken":0,"max_hp_gain":0,"max_hp_loss":0,"event_name":"Purifier","floor":2,"gold_loss":0},{"damage_healed":0,"gold_gain":0,"player_choice":"Success","damage_taken":7,"relics_obtained":["Akabeko"],"max_hp_gain":0,"max_hp_loss":0,"event_name":"Scrap Ooze","floor":8,"gold_loss":0},{"damage_healed":24,"gold_gain":0,"player_choice":"Banana","damage_taken":0,"max_hp_gain":0,"max_hp_loss":0,"event_name":"Big Fish","floor":13,"gold_loss":0}],"is_beta":false,"boss_relics":[{"not_picked":["Runic Pyramid","Runic Dome"],"picked":"SacredBark"}],"items_purged_floors":[],"is_endless":false,"potions_floor_spawned":[1,10,12,16,21],"killed_by":"Centurion and Healer","ascension_level":0}}