{"host":"wha9hktbkslqvblg","time":1608255934,"event":{"mods":["BaseMod","Colored Map","Minty Spire (QoL Compilation)","Relic Stats","SuperFastMode","everything is the same but u backflip on backflip"],"gold_per_floor":[112,112,187,187,112,144,144,144,144,173,187,187,197,211,211,285,285,300,200,216,216,231,231,260,260,260,270,270,270,293,311,311,385,385,401,401,401,401,401,229,229,242,267,290,305,340,353,373,373,373,373],"floor_reached":50,"playtime":1395,"items_purged":["Strike_R","Strike_R"],"score":1246,"play_id":"3d0153d8-877c-4970-b8a0-77331a5e0a1e","local_time":"20201218104534","is_ascension_mode":true,"campfire_choices":[{"data":"Wild Strike","floor":7.0,"key":"SMITH"},{"data":"Strike_R","floor":12.0,"key":"PURGE"},{"data":"Defend_R","floor":15.0,"key":"PURGE"},{"data":"Shrug It Off","floor":23.0,"key":"SMITH"},{"data":"Barricade","floor":25.0,"key":"SMITH"},{"data":"Strike_R","floor":28.0,"key":"PURGE"},{"data":"Wild Strike+1","floor":32.0,"key":"PURGE"},{"data":"Battle Trance","floor":41,"key":"SMITH"},{"floor":49,"key":"RECALL"}],"circlet_count":0,"master_deck":["AscendersBane","Defend_R","Defend_R","Defend_R","Shrug It Off+1","Battle Trance+1","Spot Weakness","Barricade+1","Body Slam+1","Rage","Warcry+1","Bloodletting"],"relics":["Burning Blood","NeowsBlessing","Meat on the Bone","Singing Bowl","Peace Pipe","Busted Crown","StoneCalendar","Bag of Marbles","Omamori","Coffee Dripper","Art of War","Oddly Smooth Stone","HornCleat"],"acts_visited":["Exordium","TheCity","TheBeyond"],"potions_floor_usage":[46,50],"damage_taken":[{"damage":0.0,"enemies":"Jaw Worm","floor":1.0,"turns":1.0},{"damage":0.0,"enemies":"3 Sentries","floor":6.0,"turns":2.0},{"damage":0.0,"enemies":"Gremlin Nob","floor":10.0,"turns":1.0},{"damage":1.0,"enemies":"2 Louse","floor":11.0,"turns":3.0},{"damage":0.0,"enemies":"Small Slimes","floor":13.0,"turns":2.0},{"damage":15.0,"enemies":"Red Slaver","floor":14.0,"turns":3.0},{"damage":69.0,"enemies":"Hexaghost","floor":16.0,"turns":9.0},{"damage":38.0,"enemies":"2 Thieves","floor":18.0,"turns":4.0},{"damage":21.0,"enemies":"Shell Parasite","floor":20.0,"turns":6.0},{"damage":21.0,"enemies":"Snake Plant","floor":22.0,"turns":4.0},{"damage":2.0,"enemies":"Book of Stabbing","floor":24.0,"turns":5.0},{"damage":0.0,"enemies":"Chosen and Byrds","floor":27.0,"turns":5.0},{"damage":21.0,"enemies":"Snecko","floor":31.0,"turns":6.0},{"damage":2.0,"enemies":"Champ","floor":33.0,"turns":15.0},{"damage":0.0,"enemies":"3 Shapes","floor":35.0,"turns":6.0},{"damage":0,"enemies":"3 Darklings","floor":42,"turns":7},{"damage":0,"enemies":"Writhing Mass","floor":45,"turns":5},{"damage":0,"enemies":"Giant Head","floor":46,"turns":7},{"damage":0,"enemies":"Jaw Worm Horde","floor":47,"turns":5},{"damage":3,"enemies":"3 Darklings","floor":48,"turns":7},{"damage":100,"enemies":"Donu and Deca","floor":50,"turns":9}],"seed_played":"7133941151018054072","potions_obtained":[{"floor":6.0,"key":"Explosive Potion"},{"floor":10.0,"key":"Dexterity Potion"},{"floor":13.0,"key":"SpeedPotion"},{"floor":18.0,"key":"DuplicationPotion"},{"floor":20.0,"key":"SteroidPotion"},{"floor":22.0,"key":"Weak Potion"},{"floor":24.0,"key":"DistilledChaos"},{"floor":42,"key":"EssenceOfSteel"},{"floor":46,"key":"Fire Potion"}],"is_trial":false,"path_per_floor":["M","?","?","?","$","E","R","?","T","E","M","R","M","M","R","B",null,"M","$","M","?","M","R","E","R","T","M","R","?","T","M","R","B",null,"M","?","?","?","?","$","R","M","T","T","M","E","M","M","R","B"],"character_chosen":"IRONCLAD","items_purchased":["Art of War"],"campfire_rested":0,"item_purchase_floors":[40],"current_hp_per_floor":[74,67,56,61,61,67,67,63,63,71,78,78,84,75,75,24,69,49,49,48,48,47,47,53,53,53,61,61,61,61,60,60,66,89,97,97,93,93,93,93,93,95,95,95,97,97,97,99,99,0,0],"gold":373,"neow_bonus":"THREE_ENEMY_KILL","is_daily":false,"chose_seed":false,"campfire_upgraded":4,"win_rate":0.0,"timestamp":1608255934,"path_taken":["M","?","?","?","?","E","R","?","T","E","?","R","M","M","R","BOSS","M","$","?","?","M","R","E","R","T","?","R","?","?","M","R","BOSS","M","?","?","?","?","?","R","?","T","?","M","E","M","M","R","BOSS"],"items_purchased_type":["Relic"],"build_version":"2020-12-13","purchased_purges":2,"victory":false,"max_hp_per_floor":[75,75,75,80,80,80,80,80,80,82,84,84,84,84,84,84,84,84,84,86,86,88,88,90,90,90,92,92,92,92,94,94,96,96,98,98,93,93,93,93,93,95,95,95,97,97,97,99,99,99,99],"relic_stats":{"Peace Pipe":4,"Busted Crown":26,"Singing Bowl":24,"counters":[21,112],"StoneCalendar":[128],"Art of War":[4],"obtain_stats":[{"NeowsBlessing":0,"Singing Bowl":9,"Oddly Smooth Stone":44,"StoneCalendar":24,"Omamori":30,"Burning Blood":0,"Peace Pipe":10,"Busted Crown":17,"HornCleat":46,"Bag of Marbles":26,"Coffee Dripper":34,"Art of War":40,"Meat on the Bone":6},{"NeowsBlessing":0,"Singing Bowl":2,"Oddly Smooth Stone":16,"StoneCalendar":11,"Omamori":12,"Burning Blood":0,"Peace Pipe":3,"Busted Crown":7,"HornCleat":18,"Bag of Marbles":11,"Coffee Dripper":14,"Art of War":15,"Meat on the Bone":2},{"NeowsBlessing":0,"Singing Bowl":3,"Oddly Smooth Stone":79,"StoneCalendar":40,"Omamori":45,"Burning Blood":0,"Peace Pipe":4,"Busted Crown":21,"HornCleat":91,"Bag of Marbles":40,"Coffee Dripper":66,"Art of War":72,"Meat on the Bone":3}],"Burning Blood":93,"Meat on the Bone":60},"card_choices":[{"not_picked":["Pommel Strike","Flex"],"picked":"Shrug It Off","floor":1.0},{"not_picked":["Dual Wield","Rage"],"picked":"Wild Strike","floor":6.0},{"not_picked":["Havoc","Wild Strike","Warcry"],"picked":"Singing Bowl","floor":10.0},{"not_picked":["Limit Break","Armaments","Flex"],"picked":"Singing Bowl","floor":11.0},{"not_picked":["Clash","Reckless Charge"],"picked":"Battle Trance","floor":13.0},{"not_picked":["Headbutt","Warcry"],"picked":"Spot Weakness","floor":14.0},{"not_picked":["Juggernaut","Impervious"],"picked":"Barricade","floor":16.0},{"not_picked":[],"picked":"Body Slam","floor":18.0},{"not_picked":["Hemokinesis+1"],"picked":"Singing Bowl","floor":20.0},{"not_picked":["Iron Wave"],"picked":"Singing Bowl","floor":22.0},{"not_picked":["Cleave"],"picked":"Singing Bowl","floor":24.0},{"not_picked":["Perfected Strike"],"picked":"Singing Bowl","floor":27.0},{"not_picked":["Carnage"],"picked":"Singing Bowl","floor":31.0},{"not_picked":["Berserk"],"picked":"Singing Bowl","floor":33.0},{"not_picked":["Pommel Strike"],"picked":"Singing Bowl","floor":35.0},{"not_picked":["Perfected Strike"],"picked":"Singing Bowl","floor":42},{"not_picked":["Wild Strike"],"picked":"Singing Bowl","floor":45},{"not_picked":[],"picked":"Warcry+1","floor":46},{"not_picked":[],"picked":"Bloodletting","floor":47},{"not_picked":["Infernal Blade"],"picked":"Singing Bowl","floor":48}],"player_experience":868517,"relics_obtained":[{"floor":6.0,"key":"Meat on the Bone"},{"floor":9.0,"key":"Singing Bowl"},{"floor":10.0,"key":"Peace Pipe"},{"floor":24.0,"key":"StoneCalendar"},{"floor":26.0,"key":"Bag of Marbles"},{"floor":30.0,"key":"Omamori"},{"floor":44,"key":"Oddly Smooth Stone"},{"floor":46,"key":"HornCleat"}],"event_choices":[{"cards_removed":["Strike_R"],"damage_healed":0.0,"max_hp_gain":0.0,"max_hp_loss":0.0,"gold_gain":0.0,"event_name":"Golden Wing","player_choice":"Card Removal","floor":2.0,"gold_loss":0.0,"damage_taken":7.0},{"damage_healed":0.0,"max_hp_gain":0.0,"max_hp_loss":0.0,"gold_gain":75.0,"event_name":"World of Goop","player_choice":"Gather Gold","floor":3.0,"gold_loss":0.0,"damage_taken":11.0},{"damage_healed":0.0,"max_hp_gain":5.0,"max_hp_loss":0.0,"gold_gain":0.0,"event_name":"Big Fish","player_choice":"Donut","floor":4.0,"gold_loss":0.0,"damage_taken":0.0},{"damage_healed":0.0,"max_hp_gain":0.0,"max_hp_loss":0.0,"gold_gain":0.0,"event_name":"The Woman in Blue","player_choice":"Bought 0 Potions","floor":8.0,"gold_loss":0.0,"damage_taken":0.0},{"damage_healed":0.0,"max_hp_gain":0.0,"max_hp_loss":0.0,"gold_gain":0.0,"event_name":"Accursed Blacksmith","player_choice":"Forge","floor":21.0,"gold_loss":0.0,"damage_taken":0.0,"cards_upgraded":["Body Slam"]},{"damage_healed":0.0,"max_hp_gain":0.0,"max_hp_loss":0.0,"gold_gain":0.0,"event_name":"The Library","player_choice":"Read","floor":29.0,"gold_loss":0.0,"damage_taken":0.0,"cards_obtained":["Rage"]},{"damage_healed":0.0,"max_hp_gain":0.0,"max_hp_loss":0.0,"gold_gain":0.0,"event_name":"Tomb of Lord Red Mask","player_choice":"Ignored","floor":36.0,"gold_loss":0.0,"damage_taken":0.0},{"damage_healed":0.0,"max_hp_gain":0.0,"max_hp_loss":5.0,"gold_gain":0.0,"event_name":"Winding Halls","player_choice":"Max HP","floor":37.0,"gold_loss":0.0,"damage_taken":0.0},{"damage_healed":0,"gold_gain":0,"player_choice":"Ignored","damage_taken":0,"max_hp_gain":0,"max_hp_loss":0,"event_name":"Mysterious Sphere","floor":38,"gold_loss":0},{"cards_removed":["Bash"],"damage_healed":0,"gold_gain":0,"player_choice":"Removed Attack","damage_taken":0,"max_hp_gain":0,"max_hp_loss":0,"event_name":"Falling","floor":39,"gold_loss":0}],"is_beta":false,"boss_relics":[{"not_picked":["Mark of Pain","Empty Cage"],"picked":"Busted Crown"},{"not_picked":["Philosopher\u0027s Stone","Sozu"],"picked":"Coffee Dripper"}],"items_purged_floors":[5,19],"is_endless":false,"potions_floor_spawned":[6,10,13,18,20,22,24,42,46],"killed_by":"Donu and Deca","ascension_level":20}}