{"host":"6azrrw3tf7wb0f4b","time":1608260162,"event":{"mods":["BaseMod","DeckTracker","Minty Spire (QoL Compilation)","SuperFastMode"],"gold_per_floor":[115,132,144,162,162,174,211,223,235,269,281,317,353,365,377,495,507,546,585,622,661,303,303,327,327,354,369,369,369,369],"floor_reached":29,"playtime":1031,"items_purged":["Zap"],"score":366,"play_id":"3e792d0f-9d3e-46f3-8e89-73898a7ddf15","local_time":"20201218115602","is_ascension_mode":true,"campfire_choices":[{"data":"Chaos","floor":6,"key":"SMITH"},{"data":"Dualcast","floor":8,"key":"SMITH"},{"data":"Buffer","floor":11,"key":"SMITH"},{"data":"Coolheaded","floor":15,"key":"SMITH"},{"data":"Redo","floor":23,"key":"SMITH"},{"data":"Double Energy","floor":25,"key":"SMITH"},{"floor":28,"key":"REST"}],"circlet_count":0,"master_deck":["Strike_B","Defend_B","Defend_B","Defend_B","Dualcast+1","Buffer+1","Chaos+1","Conserve Battery","Genetic Algorithm","Double Energy+1","Compile Driver","Go for the Eyes","Coolheaded+1","Biased Cognition","Conserve Battery+1","Go for the Eyes+1","White Noise","White Noise","Redo+1","Steam+1"],"relics":["Cracked Core","MawBank","CeramicFish","StrikeDummy","Empty Cage","Bottled Tornado","Boot"],"acts_visited":["Exordium","TheCity"],"potions_floor_usage":[19,19,21,24],"damage_taken":[{"damage":0,"enemies":"Small Slimes","floor":1,"turns":3},{"damage":1,"enemies":"Jaw Worm","floor":2,"turns":6},{"damage":0,"enemies":"Cultist","floor":3,"turns":4},{"damage":5,"enemies":"Red Slaver","floor":4,"turns":4},{"damage":0,"enemies":"Looter","floor":10,"turns":4},{"damage":8,"enemies":"Blue Slaver","floor":12,"turns":4},{"damage":16,"enemies":"Large Slime","floor":13,"turns":6},{"damage":0,"enemies":"The Guardian","floor":16,"turns":15},{"damage":16,"enemies":"Shell Parasite","floor":18,"turns":9},{"damage":0,"enemies":"3 Byrds","floor":19,"turns":4},{"damage":3,"enemies":"3 Cultists","floor":20,"turns":7},{"damage":20,"enemies":"Centurion and Healer","floor":21,"turns":17},{"damage":0,"enemies":"Sentry and Sphere","floor":24,"turns":7},{"damage":7,"enemies":"Snake Plant","floor":27,"turns":6},{"damage":45,"enemies":"Gremlin Leader","floor":29,"turns":6}],"seed_played":"-4685246855691667935","potions_obtained":[{"floor":3,"key":"SteroidPotion"},{"floor":10,"key":"DistilledChaos"},{"floor":12,"key":"Explosive Potion"},{"floor":20,"key":"LiquidMemories"},{"floor":21,"key":"AttackPotion"}],"is_trial":false,"path_per_floor":["M","M","M","M","?","R","T","R","T","M","R","M","M","?","R","B",null,"M","M","M","M","$","R","M","R","T","M","R","E"],"character_chosen":"DEFECT","items_purchased":["Bottled Tornado","Redo"],"campfire_rested":1,"item_purchase_floors":[22,22],"current_hp_per_floor":[68,67,67,62,50,50,50,50,50,50,50,42,26,26,26,26,63,47,47,44,24,24,24,24,24,24,17,39,0,0],"gold":369,"neow_bonus":"TRANSFORM_CARD","is_daily":false,"chose_seed":false,"campfire_upgraded":6,"win_rate":0.0,"timestamp":1608260162,"path_taken":["M","M","M","M","?","R","?","R","T","M","R","M","M","?","R","BOSS","M","M","?","M","$","R","M","R","T","M","R","E"],"items_purchased_type":["Relic","Card"],"build_version":"2020-12-13","purchased_purges":1,"victory":false,"max_hp_per_floor":[75,75,75,75,75,75,75,75,75,75,75,75,75,75,75,75,75,75,75,75,75,75,75,75,75,75,75,75,75,75],"card_choices":[{"not_picked":["Steam","Loop"],"picked":"Chaos","floor":1},{"not_picked":["Stack","Rip and Tear"],"picked":"Conserve Battery","floor":2},{"not_picked":["Hologram","Sweeping Beam"],"picked":"Genetic Algorithm","floor":3},{"not_picked":["Hologram","Rip and Tear"],"picked":"Double Energy","floor":4},{"not_picked":["Turbo","Conserve Battery"],"picked":"Compile Driver","floor":10},{"not_picked":["Redo","Sweeping Beam"],"picked":"Go for the Eyes","floor":12},{"not_picked":["Double Energy","Go for the Eyes"],"picked":"Coolheaded","floor":13},{"not_picked":["Multi-Cast","Fission"],"picked":"Biased Cognition","floor":16},{"not_picked":["Double Energy","Gash"],"picked":"Conserve Battery+1","floor":18},{"not_picked":["Heatsinks","Cold Snap"],"picked":"Go for the Eyes+1","floor":19},{"not_picked":["Coolheaded","Streamline"],"picked":"White Noise","floor":20},{"not_picked":["Undo","Double Energy"],"picked":"White Noise","floor":21},{"not_picked":["Tempest","Cold Snap"],"picked":"Steam+1","floor":24},{"not_picked":["Blizzard","Beam Cell","Compile Driver"],"picked":"SKIP","floor":27}],"player_experience":599574,"relics_obtained":[{"floor":7,"key":"CeramicFish"},{"floor":9,"key":"StrikeDummy"},{"floor":26,"key":"Boot"}],"event_choices":[{"damage_healed":0,"gold_gain":0,"player_choice":"Success","damage_taken":12,"relics_obtained":["MawBank"],"max_hp_gain":0,"max_hp_loss":0,"event_name":"Scrap Ooze","floor":5,"gold_loss":0},{"cards_removed":["Strike_B"],"damage_healed":0,"gold_gain":0,"player_choice":"Purged","damage_taken":0,"max_hp_gain":0,"max_hp_loss":0,"event_name":"Purifier","floor":14,"gold_loss":0}],"is_beta":false,"boss_relics":[{"not_picked":["Coffee Dripper","Runic Dome"],"picked":"Empty Cage"}],"items_purged_floors":[22],"is_endless":false,"potions_floor_spawned":[3,10,12,18,20,21],"killed_by":"Gremlin Leader","ascension_level":7}}