{"host":"hfvpa4llnnjpeawn","time":1608324811,"event":{"mods":["2.2 Compatiblity","AchievementEnabler","Act Like it!","Aspiration","Bard","BaseMod","Beaked The Cultist","Better Skull","Better Third Choice","BetterRewards","CapriCore","Conspire","Downfall","Elementarium","Energized Spire","Hermit","Hubris","Jorbs\u0027s Wanderer Trilogy","Koishi","Lobotomy","Minty Spire (QoL Compilation)","Replay The Spire","Shade Mod","Spicy Shops","StSLib","The Bladedancer","The Factory","The Gatherer","The Jungle","Waifu the Spire","Wandering Minibosses"],"gold_per_floor":[99,99,133,133,161,311,338,376,401,445,40,40,71,71,93,206,206,131,131,131,182,206,19,42,81,108,160,194,219,219,245,269,389,389,239,274,303,46,46,68,68,112,132,176,205,205,205,54,76,82,82,102,102],"floor_reached":52,"playtime":4733,"items_purged":[],"score":1069,"play_id":"fc3d7f5c-6d45-4b9c-8062-2bf584935173","local_time":"20201218155331","is_ascension_mode":true,"campfire_choices":[{"floor":1.0,"key":"RECALL"},{"data":"champ:Devastate","floor":18,"key":"SMITH"},{"data":"RitualDagger","floor":35,"key":"SMITH"}],"circlet_count":0,"master_deck":["champ:Strike","champ:Strike","champ:Strike","champ:Strike","champ:Defend","champ:Defend","champ:Defend","champ:Execute","champ:Taunt","champ:BringItOn","champ:StanceDance","champ:RapidStrikes+1","champ:RecklessLeap","champ:FaceSlap","champ:BerserkerStyle","champ:PerfectedStrike+1","expansioncontent:YouAreMine","champ:RisingSlash","champ:Devastate+1","Noxious Fumes+1","Backstab","Sneak Up","Prepared+1","Venomology+1","champ:Lariat+1","expansioncontent:Corrupt+1","expansioncontent:DonusPower+1","expansioncontent:Torchfire","conspire:PoisonWeapons+1","conspire:DoublingDagger+1","Bouncing Flask+1","Acrobatics+1","RitualDagger+1","Poisoned Stab","Backflip+1","aspiration:Lunge+1","CurseOfTheBell","champ:Duel+1","hubris:Sniper+1","champ:FlashCut","Noxious Fumes","All Out Attack","Seeing Red+1","stsjorbsmod:Double+1","Gatherer:Convert+1","Koishi:Untouchable+1","Koishi:Untouchable+1","Caltrops","Catalyst+1","Parasite","Shade:FuneraryArmor+1"],"relics":["champ:ChampionCrown","downfall:HeartsMalice","aspiration:Nostalgia","Burning Blood","Replay:Bandana","Ancient Tea Set","hubris:TenFootPole","Orichalcum","Oddly Smooth Stone","Blood Vial","Durian","aspiration:SilentSkillbook","downfall:HeartBlessingRed","Toxic Egg 2","Replay:Rubber Ducky","ReplayTheSpireMod:ShopPack","Peace Pipe","Smiling Mask","Calling Bell","Replay:Wax Seal","Replay:Ringing Soul","TungstenRod","downfall:HeartBlessingGreen","downfall:HeartBlessingBlue","aspiration:FetidBarrel","Guide Book","Happy Flower","PrismaticShard","aspiration:EmptySkull","hubris:DeckOfHolding","Pet Ghost","hubris:Metronome"],"acts_visited":["Exordium","TheCity","TheBeyond","TheEnding"],"potions_floor_usage":[10,10,11,23,23,25,26,26,27,28,32,33,33,36,37,37,42,44,44,50,50,50],"damage_taken":[{"damage":0.0,"enemies":"Jaw Worm","floor":2.0,"turns":1.0},{"damage":0.0,"enemies":"Lagavulin","floor":3.0,"turns":1.0},{"damage":0.0,"enemies":"Cultist","floor":4.0,"turns":1.0},{"damage":52.0,"enemies":"3 Sentries","floor":5.0,"turns":12.0},{"damage":37,"enemies":"Lagavulin","floor":8,"turns":8},{"damage":5,"enemies":"Small Slimes","floor":9,"turns":4},{"damage":20,"enemies":"Gremlin Nob","floor":10,"turns":2},{"damage":20,"enemies":"downfall:FleeingMerchant","floor":11,"turns":4},{"damage":5,"enemies":"2 Fungi Beasts","floor":13,"turns":3},{"damage":13,"enemies":"3 Louse","floor":15,"turns":2},{"damage":32,"enemies":"downfall:Watcher","floor":16,"turns":7},{"damage":23,"enemies":"conspire:Head Lice","floor":21,"turns":3},{"damage":15,"enemies":"downfall:FleeingMerchant","floor":23,"turns":4},{"damage":14,"enemies":"Slavers","floor":25,"turns":6},{"damage":8,"enemies":"3 Byrds","floor":26,"turns":6},{"damage":24,"enemies":"Book of Stabbing","floor":27,"turns":6},{"damage":20,"enemies":"Shell Parasite","floor":28,"turns":3},{"damage":0,"enemies":"Snecko","floor":29,"turns":3},{"damage":17,"enemies":"conspire:HollyBat","floor":31,"turns":8},{"damage":0,"enemies":"Snake Plant","floor":32,"turns":1},{"damage":47,"enemies":"downfall:Defect","floor":33,"turns":8},{"damage":22,"enemies":"Nemesis","floor":36,"turns":7},{"damage":12,"enemies":"3 Darklings","floor":37,"turns":4},{"damage":0,"enemies":"downfall:FleeingMerchant","floor":38,"turns":2},{"damage":14,"enemies":"Orb Walker","floor":40,"turns":4},{"damage":2,"enemies":"Giant Head","floor":42,"turns":5},{"damage":1,"enemies":"4 Shapes","floor":43,"turns":2},{"damage":24,"enemies":"Nemesis","floor":44,"turns":5},{"damage":4,"enemies":"Transient","floor":45,"turns":5},{"damage":0,"enemies":"Writhing Mass","floor":49,"turns":4},{"damage":15,"enemies":"downfall:Silent","floor":50,"turns":11},{"damage":188,"enemies":"downfall:CharBossMerchant","floor":52,"turns":8}],"seed_played":"-9137632350436930227","potions_obtained":[{"floor":5.0,"key":"Fire Potion"},{"floor":9,"key":"hexamod:EctoCoolerPotion"},{"floor":10,"key":"BlessingOfTheForge"},{"floor":15,"key":"Energy Potion"},{"floor":16,"key":"BlessingOfTheForge"},{"floor":21,"key":"SkillPotion"},{"floor":27,"key":"LiquidMemories"},{"floor":31,"key":"AttackPotion"},{"floor":32,"key":"champ:CounterPotion"},{"floor":36,"key":"Block Potion"},{"floor":37,"key":"Strength Potion"},{"floor":45,"key":"Ancient Potion"},{"floor":49,"key":"Fire Potion"}],"is_trial":false,"path_per_floor":["R","M","E","M","E","?","T","E","M","E","$","T","M","?","M","B",null,"R","?","?","E","T","$","T","E","M","E","M","M","?","M","M","B",null,"R","E","M","$","?","M","T","E","M","E","M","?","?","$","M","B",null,"E"],"character_chosen":"THE_CHAMP","items_purchased":["Oddly Smooth Stone","champ:PerfectedStrike+1","champ:Backstep","expansioncontent:YouAreMine","Blood Vial","champ:Lariat+1","ReplayTheSpireMod:ShopPack","Guide Book","Happy Flower","PrismaticShard","Noxious Fumes","aspiration:EmptySkull","Caltrops","Catalyst+1"],"campfire_rested":0,"item_purchase_floors":[11,11,11,11,11,23,23,38,38,38,38,38,48,48],"current_hp_per_floor":[90,90,90,90,49,49,49,45,57,81,90,95,95,95,95,84,95,95,95,95,95,95,95,95,92,92,81,89,95,92,95,95,79,95,105,92,106,114,117,112,112,118,123,108,127,127,130,133,138,137,138,0,0],"gold":102,"neow_bonus":"THREE_ENEMY_KILL","is_daily":false,"chose_seed":false,"campfire_upgraded":2,"win_rate":0.0,"timestamp":1608324811,"path_taken":["R","M","E","M","E","?","T","E","M","E","$","?","M","?","M","BOSS","R","?","?","E","?","$","T","E","M","E","M","?","?","M","M","BOSS","R","E","M","$","?","M","T","E","M","E","?","?","?","$","M","BOSS","E"],"items_purchased_type":["Relic","Card","Card","Card","Relic","Card","Relic","Relic","Relic","Relic","Card","Relic","Card","Card"],"build_version":"2020-12-13","purchased_purges":0,"victory":false,"max_hp_per_floor":[90,90,90,90,90,90,90,90,90,90,90,95,95,95,95,95,95,95,95,95,95,95,95,95,95,95,95,95,95,95,95,95,95,95,105,108,111,114,117,120,120,120,123,126,129,129,132,135,138,138,138,138,138],"card_choices":[{"not_picked":["champ:Aggression","champ:Circumvent"],"picked":"champ:BringItOn","floor":2.0},{"not_picked":["champ:BringItOn","champ:HeartStrike","champ:DeathBlow"],"picked":"SKIP","floor":3.0},{"not_picked":["champ:HeartStrike","champ:Encircle"],"picked":"champ:StanceDance","floor":4.0},{"not_picked":["champ:AdrenalArmor","champ:FanOfKnives"],"picked":"champ:VampiricStrike","floor":5.0},{"not_picked":["champ:Backstep","champ:DancingMaster"],"picked":"champ:RapidStrikes","floor":8},{"not_picked":["champ:AdrenalArmor","champ:EnGarde"],"picked":"champ:RecklessLeap","floor":9},{"not_picked":["champ:BringItOn","champ:Balance"],"picked":"champ:FaceSlap","floor":10},{"not_picked":["champ:RisingSlash","champ:ViciousMockery"],"picked":"champ:BerserkerStyle","floor":11},{"not_picked":["champ:DefensiveShout","champ:Backstep"],"picked":"champ:RisingSlash","floor":13},{"not_picked":["champ:AdrenalArmor","champ:FocusedGladiator"],"picked":"champ:CalledShot","floor":15},{"not_picked":["champ:PerfectForm","champ:MurderStrike"],"picked":"champ:Devastate","floor":16},{"not_picked":["Cloak And Dagger+1","Replay:Poison Smokescreen+1","Sucker Punch"],"picked":"Prepared+1","floor":21},{"not_picked":["Blade Dance+1","champ:Shatter","champ:Haymaker"],"picked":"Venomology+1","floor":23},{"not_picked":["ReplayUltimateDefense","Apotheosis","The Bomb"],"picked":"expansioncontent:Corrupt","floor":23},{"not_picked":["expansioncontent:AwakenDeath","Blind","Replay:SS_hec_4"],"picked":"expansioncontent:DonusPower","floor":23},{"not_picked":["expansioncontent:DecasProtection","Replay:BasicMightCard","expansioncontent:Hexaburn"],"picked":"expansioncontent:Torchfire","floor":23},{"not_picked":["champ:Circumvent+1","champ:Encircle","champ:DefensiveShout+1"],"picked":"conspire:PoisonWeapons+1","floor":25},{"not_picked":["champ:FocusedDefense+1","champ:RapidStrikes","Grand Finale"],"picked":"conspire:DoublingDagger+1","floor":26},{"not_picked":["Dagger Spray","Sucker Punch","champ:GladiatorStyle+1"],"picked":"Bouncing Flask+1","floor":27},{"not_picked":["champ:AdrenalArmor+1","champ:Shatter","Dagger Spray","champ:FlashCut"],"picked":"SKIP","floor":28},{"not_picked":["hubris:SlightOfHand+1","champ:Backstep+1","Dodge and Roll+1"],"picked":"Acrobatics+1","floor":29},{"not_picked":["Heel Hook","Hidden Blade+1","champ:GladiatorsShout+1"],"picked":"Poisoned Stab","floor":31},{"not_picked":["Acrobatics+1","champ:Encircle","Cloak And Dagger+1"],"picked":"Backflip+1","floor":32},{"not_picked":["Venomology+1","champ:VampiricStrike","Glass Knife"],"picked":"aspiration:Lunge","floor":33},{"not_picked":["Deadly Poison+1","champ:GladiatorsShout+1","Flechettes"],"picked":"champ:Duel+1","floor":36},{"not_picked":["champ:BringItOn+1","champ:PerfectedStrike","champ:ViciousMockery+1"],"picked":"hubris:Sniper+1","floor":37},{"not_picked":["hubris:SlightOfHand+1","champ:Encircle+1","Dash"],"picked":"champ:FlashCut","floor":38},{"not_picked":["stsjorbsmod:ParryingBlow","Guardian:Gem_Lightblue","Guardian:SpikerProtocol+1"],"picked":"Seeing Red+1","floor":40},{"not_picked":["stsjorbsmod:Trauma","champ:TornadoPunch","Shade:Doomsay","champ:StanceDance+1"],"picked":"SKIP","floor":42},{"not_picked":["stsjorbsmod:FracturedMind","beaked:Tradeoff+1","Bane"],"picked":"stsjorbsmod:Double+1","floor":43},{"not_picked":["sneckomod:UnknownVulnerable+1","Recycle+1","stsjorbsmod:Index+1"],"picked":"Gatherer:Convert+1","floor":44},{"not_picked":["stsjorbsmod:Abjure+1","CrushJoints+1","expansioncontent:ChargeUp+1"],"picked":"Koishi:Untouchable+1","floor":45},{"not_picked":["champ:Backstep+1","FlyingSleeves","hexamod:BacktrackSmack"],"picked":"Shade:FuneraryArmor+1","floor":49}],"player_experience":260095,"relics_obtained":[{"floor":3.0,"key":"aspiration:SeaSaltIceCream"},{"floor":5.0,"key":"Replay:Bandana"},{"floor":7.0,"key":"Ancient Tea Set"},{"floor":8,"key":"hubris:TenFootPole"},{"floor":10,"key":"Orichalcum"},{"floor":12,"key":"Durian"},{"floor":21,"key":"Toxic Egg 2"},{"floor":22,"key":"Replay:Rubber Ducky"},{"floor":25,"key":"Peace Pipe"},{"floor":27,"key":"Smiling Mask"},{"floor":34,"key":"Replay:Wax Seal"},{"floor":34,"key":"Replay:Ringing Soul"},{"floor":34,"key":"TungstenRod"},{"floor":36,"key":"aspiration:FetidBarrel"},{"floor":41,"key":"hubris:DeckOfHolding"},{"floor":42,"key":"Pet Ghost"},{"floor":44,"key":"hubris:Metronome"}],"event_choices":[{"damage_healed":0,"gold_gain":0,"player_choice":"Leave","damage_taken":0,"max_hp_gain":0,"max_hp_loss":0,"event_name":"conspire:Investor","floor":20,"gold_loss":0},{"damage_healed":0,"gold_gain":0,"cards_transformed":["champ:Defend"],"player_choice":"Transformed","damage_taken":0,"max_hp_gain":0,"max_hp_loss":0,"event_name":"Transmorgrifier","floor":39,"gold_loss":0,"cards_obtained":["All Out Attack"]},{"damage_healed":0,"gold_gain":0,"player_choice":"Copied","damage_taken":0,"max_hp_gain":0,"max_hp_loss":0,"event_name":"Duplicator","floor":47,"gold_loss":0,"cards_obtained":["Koishi:Untouchable"]}],"is_beta":false,"boss_relics":[{"not_picked":["energizedSpire:EnergizedDie","Replay:Bronze Core"],"picked":"aspiration:SilentSkillbook"},{"not_picked":["Replay:Fungal Core","conspire:SlowCooker"],"picked":"Calling Bell"}],"items_purged_floors":[],"is_endless":false,"potions_floor_spawned":[5,9,10,15,16,21,27,31,32,36,37,45,49],"killed_by":"downfall:CharBossMerchant","ascension_level":1}}