{"host":"flm17o2q7bfjyna6","time":1608318388,"event":{"mods":["2.2 Compatiblity","Act Like it!","BaseMod","Better Altar","Better Match","Better Note","Better Sensory Stone","Better Skull","Better Third Choice","Better Vampires","Colored Map","Colored Powertips","DeckTracker","Hermit","Minty Spire (QoL Compilation)","Quick Restart","Replay The Spire","Reworked Bosses","Spicy Shops","StSLib","Wandering Minibosses"],"gold_per_floor":[144,144,189,234,279,279,369,369,394,484,529,704,116,206,206,506,506,551,51,51,96,141,131,176,176,176,221,146,146,191,281,281,581,581,626,626,671,396,441,441,486,136,161,251,296,386,386,476,476,476],"floor_reached":51,"playtime":3163,"items_purged":["Doubt","Spreading Infection","Sickly","Shame"],"score":1272,"play_id":"344e44d2-fca3-4ac2-a346-1dfe0f30cfb7","local_time":"20201218140628","daily_mods":["Draft","Colorless Cards","Midas"],"is_ascension_mode":false,"campfire_choices":[{"floor":6,"key":"REST"},{"floor":8,"key":"REST"},{"floor":15,"key":"REST"},{"floor":25,"key":"REST"},{"floor":29,"key":"REST"},{"floor":32,"key":"REST"},{"floor":40,"key":"REST"},{"floor":47,"key":"REST"},{"floor":49,"key":"REST"}],"circlet_count":0,"master_deck":["Replay:Anticipation","SashWhip+1","Halt+1","Protect+1","Flash of Steel","ReachHeaven","Replay:Bootleg Shield Generator","ThirdEye+1","FearNoEvil+1","FollowUp+1","Prostrate","Consecrate","WindmillStrike","Crescendo","WheelKick+1","Replay:ManipulateFuture+1","Brilliance+1","Collect+1","Devotion+1","AbeCurse","LikeWater+1","Parasite","ReplayTheSpireMod:Splinters","Trip+1","Vengeance+1"],"relics":["PureWater","PreservedInsect","Centennial Puzzle","Vajra","Blood Vial","Pet Ghost","TungstenRod","Regal Pillow","Sling","Bronze Scales","Letter Opener","Replay:Grab Bag","Abe\u0027s Treasure","Sozu","Black Star","Kintsugi","ReplayTheSpireMod:CursedCoin","Calipers","Iron Hammer","Singing Bowl","Bag of Marbles","Kunai","Gremlin Food","Smiling Mask","Replay:Ancient Bell","Damaru","Shuriken","Durian","War Paint","Orrery","Omamori","Ancient Tea Set","Juzu Bracelet","Art of War","Bag of Preparation","Ornamental Fan","Eternal Feather","Potion Belt","Nunchaku"],"acts_visited":["Exordium","TheCity","TheBeyond"],"potions_floor_usage":[18,30,39],"damage_taken":[{"damage":1,"enemies":"Small Slimes","floor":1,"turns":4},{"damage":0,"enemies":"Cultist","floor":3,"turns":2},{"damage":0,"enemies":"2 Louse","floor":4,"turns":2},{"damage":0,"enemies":"Blue Slaver","floor":5,"turns":5},{"damage":6,"enemies":"Replay:BlueRogue","floor":7,"turns":2},{"damage":0,"enemies":"3 Sentries","floor":10,"turns":4},{"damage":5,"enemies":"Exordium Thugs","floor":11,"turns":3},{"damage":0,"enemies":"Gremlin Nob","floor":14,"turns":2},{"damage":0,"enemies":"Slime Boss","floor":16,"turns":4},{"damage":6,"enemies":"2 Thieves","floor":18,"turns":2},{"damage":0,"enemies":"3 Byrds","floor":21,"turns":2},{"damage":4,"enemies":"Snake Plant","floor":22,"turns":3},{"damage":6,"enemies":"Replay:Snechameleon","floor":23,"turns":2},{"damage":2,"enemies":"Centurion and Healer","floor":24,"turns":3},{"damage":2,"enemies":"3 Cultists","floor":27,"turns":3},{"damage":4,"enemies":"Shelled Parasite and Fungi","floor":30,"turns":4},{"damage":0,"enemies":"Gremlin Leader","floor":31,"turns":1},{"damage":0,"enemies":"bossMod:newChamp","floor":33,"turns":11},{"damage":0,"enemies":"Orb Walker","floor":35,"turns":1},{"damage":14,"enemies":"3 Darklings","floor":37,"turns":3},{"damage":13,"enemies":"4 Shapes","floor":39,"turns":5},{"damage":0,"enemies":"Writhing Mass","floor":41,"turns":4},{"damage":0,"enemies":"R_Hoarder","floor":44,"turns":4},{"damage":0,"enemies":"Maw","floor":45,"turns":6},{"damage":0,"enemies":"Reptomancer","floor":46,"turns":3},{"damage":0,"enemies":"Giant Head","floor":48,"turns":3},{"damage":18,"enemies":"bossMod:newShapes","floor":50,"turns":6}],"seed_played":"4511563792049188764","potions_obtained":[{"floor":1,"key":"Swift Potion"},{"floor":4,"key":"Fire Potion"},{"floor":11,"key":"SkillPotion"}],"is_trial":false,"path_per_floor":["M","?","M","M","M","R","E","R","T","E","M","?","$","E","R","B",null,"M","$","?","M","M","E","M","R","T","M","?","R","M","E","R","B",null,"M","?","M","$","M","R","M","$","T","E","M","E","R","E","R","B",null],"character_chosen":"WATCHER","items_purchased":["Regal Pillow","Sling","Bronze Scales","Brilliance","ReplayTheSpireMod:CursedCoin","Calipers","Iron Hammer","War Paint","Orrery","Omamori","Ancient Tea Set"],"campfire_rested":9,"item_purchase_floors":[13,13,13,13,19,19,19,38,38,42,42],"current_hp_per_floor":[71,25,25,25,25,46,40,61,61,63,60,60,60,62,72,72,72,66,66,66,68,66,64,66,76,76,76,76,78,76,80,82,84,95,97,29,19,27,18,65,69,69,69,73,77,79,115,117,117,99],"gold":476,"neow_bonus":"","is_daily":true,"chose_seed":false,"campfire_upgraded":0,"win_rate":0.0,"timestamp":1608318388,"path_taken":["M","?","M","M","?","R","E","R","T","E","M","?","$","E","R","BOSS","M","$","?","?","M","E","M","R","T","M","?","R","M","E","R","BOSS","M","?","M","$","M","R","?","?","T","E","M","E","R","E","R","BOSS"],"items_purchased_type":["Relic","Relic","Relic","Card","Relic","Relic","Relic","Relic","Relic","Relic","Relic"],"build_version":"2020-12-13","purchased_purges":4,"victory":true,"max_hp_per_floor":[72,72,72,72,72,72,72,72,72,72,72,72,72,72,72,72,72,72,72,72,72,72,74,76,76,76,78,78,78,80,82,82,84,95,97,97,99,107,109,109,111,111,111,113,115,115,115,117,117,117],"card_choices":[{"not_picked":["Survey Options","Nirvana"],"picked":"Replay:Anticipation","floor":0},{"not_picked":["Specialist","Evaluate"],"picked":"SashWhip","floor":0},{"not_picked":["Replay:AtTheReady","CrushJoints"],"picked":"Halt","floor":0},{"not_picked":["Replay:ManipulateFuture","Swivel"],"picked":"Protect","floor":0},{"not_picked":["TalkToTheHand","Conclude"],"picked":"Flash of Steel","floor":0},{"not_picked":["SashWhip","ClearTheMind"],"picked":"Swivel","floor":0},{"not_picked":["Protect","JustLucky"],"picked":"ReachHeaven","floor":0},{"not_picked":["Crescendo","Replay:Vibes"],"picked":"Replay:Bootleg Shield Generator","floor":0},{"not_picked":["Replay:ManipulateFuture","Protect"],"picked":"Halt","floor":0},{"not_picked":["EmptyBody","Protect"],"picked":"Swivel","floor":0},{"not_picked":["EmptyFist","ClearTheMind"],"picked":"ThirdEye","floor":0},{"not_picked":["FlurryOfBlows","Replay:ManipulateFuture"],"picked":"FearNoEvil","floor":0},{"not_picked":["Prostrate","ClearTheMind"],"picked":"CutThroughFate","floor":0},{"not_picked":["JustLucky","Evaluate"],"picked":"FollowUp","floor":0},{"not_picked":["Forethought","Dark Shackles"],"picked":"FollowUp","floor":0},{"not_picked":["JustLucky","Trip"],"picked":"Prostrate","floor":1},{"not_picked":["FollowUp","Replay:AtTheReady"],"picked":"Consecrate","floor":3},{"not_picked":["Adaptation","Replay:AtTheReady"],"picked":"WindmillStrike","floor":4},{"not_picked":["Replay:Sssssssssshield","SandsOfTime"],"picked":"Crescendo","floor":5},{"not_picked":["ThirdEye","Discovery"],"picked":"FlyingSleeves","floor":7},{"not_picked":["Secret Weapon","Replay:Hum"],"picked":"WheelKick","floor":10},{"not_picked":["Prostrate","FlurryOfBlows"],"picked":"Replay:ManipulateFuture","floor":11},{"not_picked":["FlurryOfBlows","PathToVictory"],"picked":"Collect","floor":14},{"not_picked":["Master of Strategy","Crow Ritual"],"picked":"Devotion","floor":16},{"not_picked":["Replay:BluntJabs","Replay:AtTheReady","Worship"],"picked":"SKIP","floor":18},{"not_picked":["FollowUp","EmptyMind","Forethought"],"picked":"SKIP","floor":21},{"not_picked":["Protect","BowlingBash"],"picked":"LikeWater+1","floor":22},{"not_picked":["Replay:AtTheReady","LikeWater","Prostrate+1"],"picked":"Singing Bowl","floor":23},{"not_picked":["WaveOfTheHand+1","SashWhip","ClearTheMind"],"picked":"Singing Bowl","floor":24},{"not_picked":["SashWhip+1","Consecrate","ReplayTheSpireMod:Brewmster"],"picked":"Singing Bowl","floor":27},{"not_picked":["Replay:BluntJabs","Halt+1","ClearTheMind"],"picked":"Singing Bowl","floor":30},{"not_picked":["BowlingBash","ThirdEye","FollowUp"],"picked":"Singing Bowl","floor":31},{"not_picked":["ConjureBlade","Alpha","Metamorphosis"],"picked":"Singing Bowl","floor":33},{"not_picked":["Regret","Clumsy","Parasite"],"picked":"Singing Bowl","floor":34},{"not_picked":["ReplayTheSpireMod:Faulty Equipment","ReplayTheSpireMod:Splinters","Spreading Infection"],"picked":"Singing Bowl","floor":34},{"not_picked":["Shame","Voices","Regret"],"picked":"Singing Bowl","floor":34},{"not_picked":["Replay:AtTheReady+1","Replay:Parry+1","Adaptation"],"picked":"Singing Bowl","floor":35},{"not_picked":["FearNoEvil","Replay:AtTheReady+1","Replay:ManipulateFuture"],"picked":"Singing Bowl","floor":37},{"not_picked":["Fasting2","ClearTheMind+1","Consecrate"],"picked":"Singing Bowl","floor":38},{"not_picked":["Secret Technique","DeceiveReality","Fasting2"],"picked":"Singing Bowl","floor":38},{"not_picked":["EmptyFist+1","TalkToTheHand","FlurryOfBlows"],"picked":"Singing Bowl","floor":38},{"not_picked":["Halt+1","Dark Shackles+1"],"picked":"Trip+1","floor":38},{"not_picked":["CrushJoints","Halt","Indignation+1"],"picked":"Singing Bowl","floor":38},{"not_picked":["Worship+1","InnerPeace","Crescendo"],"picked":"Singing Bowl","floor":39},{"not_picked":["Protect+1","ForeignInfluence","Meditate"],"picked":"Singing Bowl","floor":41},{"not_picked":["CutThroughFate","Study+1","Dark Shackles+1"],"picked":"Singing Bowl","floor":44},{"not_picked":["PathToVictory","Impatience","ReplayTheSpireMod:Trickstab"],"picked":"Singing Bowl","floor":45},{"not_picked":["LessonLearned","Mind Blast+1"],"picked":"Vengeance+1","floor":46},{"not_picked":["BowlingBash+1","InnerPeace+1","CrushJoints"],"picked":"Singing Bowl","floor":48}],"player_experience":1590006,"relics_obtained":[{"floor":7,"key":"Blood Vial"},{"floor":9,"key":"Pet Ghost"},{"floor":10,"key":"TungstenRod"},{"floor":14,"key":"Letter Opener"},{"floor":23,"key":"Singing Bowl"},{"floor":23,"key":"Bag of Marbles"},{"floor":26,"key":"Kunai"},{"floor":31,"key":"Gremlin Food"},{"floor":31,"key":"Smiling Mask"},{"floor":43,"key":"Juzu Bracelet"},{"floor":44,"key":"Art of War"},{"floor":44,"key":"Bag of Preparation"},{"floor":46,"key":"Ornamental Fan"},{"floor":46,"key":"Eternal Feather"},{"floor":48,"key":"Potion Belt"},{"floor":48,"key":"Nunchaku"}],"event_choices":[{"damage_healed":0,"gold_gain":0,"player_choice":"RE RE RE ","damage_taken":52,"relics_obtained":["PreservedInsect","Centennial Puzzle","Vajra"],"max_hp_gain":0,"max_hp_loss":0,"event_name":"betterSkull:BetterSkull","floor":2,"gold_loss":0,"cards_upgraded":[]},{"damage_healed":0,"gold_gain":175,"player_choice":"AGREE","damage_taken":529,"max_hp_gain":0,"max_hp_loss":0,"event_name":"betterThird:BetterSerpent","floor":12,"gold_loss":0},{"damage_healed":0,"gold_gain":0,"player_choice":"Upgraded","damage_taken":0,"max_hp_gain":0,"max_hp_loss":0,"event_name":"Upgrade Shrine","floor":20,"gold_loss":0,"cards_upgraded":["SashWhip"]},{"cards_removed":["Swivel"],"damage_healed":0,"gold_gain":0,"player_choice":"Gave Gold","damage_taken":0,"max_hp_gain":0,"max_hp_loss":0,"event_name":"Beggar","floor":28,"gold_loss":75},{"damage_healed":0,"gold_gain":0,"player_choice":"UP UP UP UP ","damage_taken":81,"relics_obtained":[],"max_hp_gain":0,"max_hp_loss":0,"event_name":"betterSkull:BetterSkull","floor":36,"gold_loss":0,"cards_upgraded":["Collect","ThirdEye","Protect","Devotion"]}],"is_beta":false,"boss_relics":[{"not_picked":["Ring of Chaos","Empty Cage"],"picked":"Replay:Grab Bag"},{"not_picked":["Replay:Bronze Core","Runic Dome"],"picked":"Abe\u0027s Treasure"},{"not_picked":["Velvet Choker","ReplayTheSpireMod:DimensionalGlitch"],"picked":"Sozu"},{"not_picked":["Runic Pyramid","Replay:Drink Me"],"picked":"Black Star"},{"not_picked":["VioletLotus","Calling Bell"],"picked":"Kintsugi"},{"not_picked":["Tiny House","Honey Jar"],"picked":"Replay:Ancient Bell"},{"not_picked":["Replay:Mystery Machine","Strawberry"],"picked":"Damaru"},{"not_picked":["Meat on the Bone","ReplayTheSpireMod:Shallot"],"picked":"Shuriken"},{"not_picked":["Lizard Tail","Unceasing Top"],"picked":"Durian"}],"items_purged_floors":[13,19,38,42],"is_endless":false,"potions_floor_spawned":[1,4,11,23,24,27,31,39,44,46,48],"ascension_level":0}}