{"host":"is2s59edl8twrhoj","time":1608296239,"event":{"mods":["BaseMod","Colored Map","Colored Powertips","DeckTracker","Minty Spire (QoL Compilation)","StSLib"],"gold_per_floor":[110,129,129,149,167,167,187,212,212,212,227,240,220,236,236,236,236],"floor_reached":16,"playtime":411,"items_purged":[],"score":186,"play_id":"ad72d6ea-1df2-470f-9780-a54bf4532e1d","local_time":"20201218125719","is_ascension_mode":true,"campfire_choices":[{"data":"Skewer","floor":6,"key":"SMITH"},{"data":"Dagger Spray","floor":10,"key":"SMITH"},{"data":"Backflip","floor":15,"key":"SMITH"}],"circlet_count":0,"master_deck":["AscendersBane","Strike_G","Strike_G","Strike_G","Strike_G","Strike_G","Defend_G","Defend_G","Defend_G","Defend_G","Defend_G","Survivor","Neutralize","Dagger Spray+1","Skewer+1","Backflip+1","Backflip"],"relics":["Ring of the Snake","Akabeko","Pocketwatch","Pear"],"acts_visited":["Exordium"],"potions_floor_usage":[16],"damage_taken":[{"damage":1,"enemies":"Cultist","floor":1,"turns":4},{"damage":4,"enemies":"Small Slimes","floor":2,"turns":3},{"damage":0,"enemies":"Jaw Worm","floor":4,"turns":1},{"damage":0,"enemies":"3 Louse","floor":5,"turns":2},{"damage":8,"enemies":"Large Slime","floor":7,"turns":3},{"damage":23,"enemies":"Gremlin Nob","floor":8,"turns":4},{"damage":0,"enemies":"Red Slaver","floor":11,"turns":1},{"damage":0,"enemies":"Lots of Slimes","floor":12,"turns":1},{"damage":0,"enemies":"3 Louse","floor":14,"turns":1},{"damage":36,"enemies":"Slime Boss","floor":16,"turns":8}],"seed_played":"1921757417927758044","potions_obtained":[{"floor":1,"key":"Regen Potion"},{"floor":2,"key":"Explosive Potion"},{"floor":11,"key":"BlessingOfTheForge"},{"floor":14,"key":"GamblersBrew"}],"is_trial":false,"path_per_floor":["M","M","?","M","M","R","M","E","T","R","M","M","?","M","R","B"],"character_chosen":"THE_SILENT","items_purchased":[],"campfire_rested":0,"item_purchase_floors":[],"current_hp_per_floor":[58,54,54,54,54,54,46,23,33,33,33,33,33,33,33,0,0],"gold":236,"neow_bonus":"THREE_CARDS","is_daily":false,"chose_seed":false,"campfire_upgraded":3,"win_rate":0.0,"timestamp":1608296239,"path_taken":["M","M","?","M","M","R","M","E","T","R","?","M","?","M","R","BOSS"],"items_purchased_type":[],"build_version":"2020-12-13","purchased_purges":0,"victory":false,"max_hp_per_floor":[66,66,66,66,66,66,66,66,76,76,76,76,76,76,76,76,76],"card_choices":[{"not_picked":["Outmaneuver","Terror"],"picked":"Dagger Spray","floor":0},{"not_picked":["Reflex","Flying Knee"],"picked":"Skewer","floor":1},{"not_picked":["Dagger Spray","Deadly Poison","Eviscerate"],"picked":"SKIP","floor":2},{"not_picked":["Tactician","Leg Sweep"],"picked":"Backflip","floor":4},{"not_picked":["Endless Agony","Slice","Infinite Blades"],"picked":"SKIP","floor":5},{"not_picked":["Bane","Dagger Spray","Outmaneuver"],"picked":"SKIP","floor":7},{"not_picked":["Crippling Poison","Catalyst","Blade Dance"],"picked":"SKIP","floor":8},{"not_picked":["PiercingWail","Slice"],"picked":"Backflip","floor":11},{"not_picked":["Dagger Spray","Heel Hook","Backstab"],"picked":"SKIP","floor":12},{"not_picked":["Cloak And Dagger","Masterful Stab","Doppelganger"],"picked":"SKIP","floor":14}],"player_experience":628777,"relics_obtained":[{"floor":8,"key":"Pocketwatch"},{"floor":9,"key":"Pear"}],"event_choices":[{"damage_healed":0,"gold_gain":0,"player_choice":"Gave Potion","damage_taken":0,"relics_obtained":["Akabeko"],"max_hp_gain":0,"max_hp_loss":0,"event_name":"WeMeetAgain","floor":3,"gold_loss":0},{"damage_healed":0,"gold_gain":0,"player_choice":"Bought 1 Potion","damage_taken":0,"max_hp_gain":0,"max_hp_loss":0,"event_name":"The Woman in Blue","floor":13,"gold_loss":0}],"is_beta":false,"boss_relics":[],"items_purged_floors":[],"is_endless":false,"potions_floor_spawned":[1,2,11,14],"killed_by":"Slime Boss","ascension_level":15}}