{"host":"egyxg9lnjq7g2hmw","time":1608268637,"event":{"mods":["AchievementEnabler","BaseMod","Block Reminder","Colored Map","Colored Powertips","Highlight Path","Minty Spire (QoL Compilation)","Rare Cards Sparkle","StSLib"],"gold_per_floor":[112,112,37,37,53,53,80,80,125,25,25,56,56,70,70,147,147,167,82,99,118,118,118,118],"floor_reached":23,"playtime":8767,"items_purged":["Strike_G","Strike_G"],"score":355,"play_id":"6e214080-7a00-48d3-8020-07ceb7d69dff","local_time":"20201217211717","is_ascension_mode":true,"campfire_choices":[{"data":"Eviscerate","floor":6.0,"key":"SMITH"},{"data":"Corpse Explosion","floor":8.0,"key":"SMITH"},{"data":"Underhanded Strike","floor":11.0,"key":"SMITH"},{"floor":15.0,"key":"REST"}],"circlet_count":0,"master_deck":["AscendersBane","Strike_G","Strike_G","Defend_G","Defend_G","Defend_G","Defend_G","Defend_G","Survivor","Neutralize+1","Heel Hook","Eviscerate+1","Corpse Explosion+1","Underhanded Strike+1","Backflip","After Image","Deadly Poison","Deadly Poison","Dagger Spray","RitualDagger"],"relics":["Ring of the Snake","Odd Mushroom","Boot","Torii","HoveringKite","Juzu Bracelet"],"acts_visited":["Exordium","TheCity"],"potions_floor_usage":[23],"damage_taken":[{"damage":0.0,"enemies":"Jaw Worm","floor":1.0,"turns":5.0},{"damage":3.0,"enemies":"Small Slimes","floor":5.0,"turns":4.0},{"damage":10.0,"enemies":"The Mushroom Lair","floor":7.0,"turns":6.0},{"damage":23.0,"enemies":"Gremlin Nob","floor":12.0,"turns":4.0},{"damage":0.0,"enemies":"2 Louse","floor":14.0,"turns":2.0},{"damage":12.0,"enemies":"Slime Boss","floor":16.0,"turns":7.0},{"damage":13.0,"enemies":"Spheric Guardian","floor":18.0,"turns":10.0},{"damage":1.0,"enemies":"Shell Parasite","floor":20.0,"turns":5.0},{"damage":3.0,"enemies":"Snecko","floor":21.0,"turns":6.0},{"damage":36,"enemies":"Book of Stabbing","floor":23,"turns":5}],"seed_played":"-6999028508719317885","potions_obtained":[{"floor":5.0,"key":"Strength Potion"},{"floor":14.0,"key":"AttackPotion"},{"floor":20.0,"key":"Strength Potion"},{"floor":21.0,"key":"Explosive Potion"}],"is_trial":false,"path_per_floor":["M","?","$","?","M","R","?","R","T","$","R","E","?","M","R","B",null,"M","?","M","M","?","E"],"character_chosen":"THE_SILENT","items_purchased":[],"campfire_rested":1,"item_purchase_floors":[],"current_hp_per_floor":[59,59,59,59,56,56,46,46,46,46,46,23,14,14,33,21,55,42,42,41,38,32,0,0],"gold":118,"neow_bonus":"UPGRADE_CARD","is_daily":false,"chose_seed":false,"campfire_upgraded":3,"win_rate":0.0,"timestamp":1608268637,"path_taken":["M","?","$","?","M","R","?","R","T","$","R","E","?","?","R","BOSS","M","?","M","M","?","E"],"items_purchased_type":[],"build_version":"2020-12-13","purchased_purges":2,"victory":false,"max_hp_per_floor":[66,66,66,66,66,66,66,66,66,66,66,66,66,66,66,66,66,66,66,66,66,66,66,66],"card_choices":[{"not_picked":["Dagger Throw","Bane"],"picked":"Heel Hook","floor":1.0},{"not_picked":["Blade Dance","Expertise"],"picked":"Corpse Explosion","floor":5.0},{"not_picked":["Poisoned Stab","Calculated Gamble"],"picked":"Underhanded Strike","floor":7.0},{"not_picked":["Accuracy","Outmaneuver"],"picked":"Backflip","floor":12.0},{"not_picked":["Sucker Punch","All Out Attack","PiercingWail"],"picked":"SKIP","floor":14.0},{"not_picked":["Malaise","Venomology"],"picked":"After Image","floor":16.0},{"not_picked":["Slice+1","Deflect"],"picked":"Deadly Poison","floor":18.0},{"not_picked":["Dagger Spray","Dash"],"picked":"Deadly Poison","floor":20.0},{"not_picked":["Choke","Accuracy"],"picked":"Dagger Spray","floor":21.0}],"player_experience":500660,"relics_obtained":[{"floor":7.0,"key":"Odd Mushroom"},{"floor":9.0,"key":"Boot"},{"floor":12.0,"key":"Torii"}],"event_choices":[{"damage_healed":0.0,"max_hp_gain":0.0,"max_hp_loss":0.0,"gold_gain":0.0,"cards_transformed":["Strike_G"],"event_name":"Living Wall","player_choice":"Change","floor":2.0,"gold_loss":0.0,"damage_taken":0.0,"cards_obtained":["Eviscerate"]},{"damage_healed":0.0,"max_hp_gain":0.0,"max_hp_loss":0.0,"gold_gain":0.0,"event_name":"Liars Game","player_choice":"Ignored","floor":4.0,"gold_loss":0.0,"damage_taken":0.0},{"damage_healed":0.0,"max_hp_gain":0.0,"max_hp_loss":0.0,"gold_gain":0.0,"event_name":"Mushrooms","player_choice":"Fought Mushrooms","floor":7.0,"gold_loss":0.0,"damage_taken":0.0},{"damage_healed":0.0,"max_hp_gain":0.0,"max_hp_loss":0.0,"gold_gain":0.0,"event_name":"Wheel of Change","player_choice":"Damaged","floor":13.0,"gold_loss":0.0,"damage_taken":9.0},{"damage_healed":0.0,"max_hp_gain":0.0,"max_hp_loss":0.0,"gold_gain":0.0,"event_name":"Addict","player_choice":"Obtained Relic","floor":19.0,"gold_loss":85.0,"damage_taken":0.0,"relics_obtained":["Juzu Bracelet"]},{"damage_healed":0.0,"max_hp_gain":0.0,"max_hp_loss":0.0,"gold_gain":0.0,"event_name":"Nest","player_choice":"Joined the Cult","floor":22.0,"gold_loss":0.0,"damage_taken":6.0,"cards_obtained":["RitualDagger"]}],"is_beta":false,"boss_relics":[{"not_picked":["Velvet Choker","Pandora\u0027s Box"],"picked":"HoveringKite"}],"items_purged_floors":[3,10],"is_endless":false,"potions_floor_spawned":[5,14,20,21],"killed_by":"Book of Stabbing","ascension_level":18}}