{"host":"8coospfth3hpyeet","time":1608323901,"event":{"mods":["2.2 Compatiblity","AchievementEnabler","Act Like it!","Aspiration","Bard","BaseMod","Beaked The Cultist","Better Altar","Better Match","Better Note","Better Sensory Stone","Better Skull","Better Third Choice","BetterRewards","CCEM","Colored Map","Conspire","Downfall","GifTheSpireLib","Googly Eyes","Halation","Hallownest","Hermit","Highlight Path","Hubris","Hunter ??","Infinite Spire","Jedi Mod","Jorbs\u0027s Wanderer Trilogy","Mad Scientist","Marisa????????","Minty Spire (QoL Compilation)","Permanent Neow","Replay The Spire","Shade Mod","Shop Mod","Spicy Shops","StSLib","Stuff the Spire","The Administrix","The Bug Knight","The Construct","The Cursed","The Gatherer","The Hierophant","The IronCluck","The Jungle","The Mystic","The Necromancer","The Problem Sleuth","The Runesmith","The Servant 0.9.4","The Witch","Unceasing Turn Reminder","everything is the same but u backflip on backflip","slay the spire mod where everything is the same but ironclad has a cowboy hat"],"gold_per_floor":[119,133,149,168,200,200,227,246,327,327,342,372,383,400,400,502,502,502,502],"floor_reached":18,"playtime":1549,"items_purged":[],"score":236,"play_id":"785afc9e-89a1-4c4f-9ae0-29c8e983981d","local_time":"20201218153821","is_ascension_mode":false,"campfire_choices":[{"data":"AdministrixMod:SealAway","floor":6.0,"key":"SMITH"},{"data":"AdministrixMod:SipOfSparks","floor":10.0,"key":"SMITH"},{"data":"AdministrixMod:BegetEternity","floor":15,"key":"SMITH"}],"circlet_count":0,"master_deck":["AdministrixMod:Strike_Administrix","AdministrixMod:Strike_Administrix","AdministrixMod:Strike_Administrix","AdministrixMod:Strike_Administrix","AdministrixMod:RedCloak+1","AdministrixMod:Defend_Administrix","AdministrixMod:Defend_Administrix","AdministrixMod:Defend_Administrix","AdministrixMod:Defend_Administrix","AdministrixMod:BlueCloak","AdministrixMod:JustRewards","AdministrixMod:SealAway+1","AdministrixMod:ChooseYourEnd","AdministrixMod:StarSwordSoul","AdministrixMod:SipOfSparks+1","AdministrixMod:BegetEternity+1","AdministrixMod:NoblePath","AdministrixMod:ArmillarySphere","AdministrixMod:AmassedMasks"],"relics":["AdministrixMod:ConductorRitualBaton","StuffTheSpire:Experiment12","hubris:TenFootPole","Frozen Egg 2","hubris:FunFungus","halation:Yufonium"],"acts_visited":["Hallownest:Greenpath","Hallownest:Greenpath"],"potions_floor_usage":[],"damage_taken":[{"damage":0.0,"enemies":"Hallownest:monsterHuskWarrior","floor":1.0,"turns":4.0},{"damage":0.0,"enemies":"2_ Uuma","floor":2.0,"turns":3.0},{"damage":0.0,"enemies":"Hallownest:2_Tiktiks_and_1_Crawlid","floor":3.0,"turns":2.0},{"damage":0.0,"enemies":"Hallownest:monsterAspidMother","floor":4.0,"turns":3.0},{"damage":3.0,"enemies":"Hallownest:eliteMossKnight","floor":5.0,"turns":7.0},{"damage":0.0,"enemies":"Hallownest:eliteMossKnight","floor":7.0,"turns":6.0},{"damage":3.0,"enemies":"Hallownest:Guard_and_Warrior","floor":8.0,"turns":5.0},{"damage":2.0,"enemies":"Hallownest:2_Tiktiks_1_Baldur_1_Crawlid","floor":11.0,"turns":2.0},{"damage":0,"enemies":"Hallownest:eliteVengeflyKing","floor":12,"turns":5},{"damage":7,"enemies":"Hallownest:1_Baldur_1_Crawlid_1_Warrior","floor":13,"turns":6},{"damage":1,"enemies":"Hallownest:MossCreep_and_Mosskin","floor":14,"turns":4},{"damage":15,"enemies":"Hallownest:BossBrokenVessel","floor":16,"turns":11},{"damage":0,"enemies":"theJungle:5_Spyders","floor":18,"turns":2}],"seed_played":"3893503758931721975","potions_obtained":[{"floor":2.0,"key":"Strength Potion"},{"floor":4.0,"key":"AttackPotion"},{"floor":7.0,"key":"Languid Potion"},{"floor":14,"key":"Milkshake"}],"is_trial":false,"path_per_floor":["M","M","M","M","?","R","E","M","T","R","M","E","M","M","R","B",null,"M"],"character_chosen":"TheAdministrix","items_purchased":[],"campfire_rested":0,"item_purchase_floors":[],"current_hp_per_floor":[65,65,65,65,62,62,62,59,59,59,57,57,52,51,51,38,65,65,65],"gold":502,"neow_bonus":"UPGRADE_CARD","is_daily":false,"chose_seed":false,"campfire_upgraded":3,"win_rate":0.0,"timestamp":1608323901,"path_taken":["M","M","M","M","?","R","E","M","T","R","M","E","M","M","R","BOSS","M"],"items_purchased_type":[],"build_version":"2020-12-13","purchased_purges":0,"victory":false,"max_hp_per_floor":[65,65,65,65,65,65,65,65,65,65,65,65,65,65,65,65,65,65,65],"card_choices":[{"not_picked":["AdministrixMod:ImmortalPurity","AdministrixMod:SyncreticPlunge"],"picked":"AdministrixMod:JustRewards","floor":1.0},{"not_picked":["AdministrixMod:PassageOfAges","AdministrixMod:ImmortalPurity"],"picked":"AdministrixMod:SealAway","floor":2.0},{"not_picked":["AdministrixMod:PassageOfAges","AdministrixMod:UnstableVigor"],"picked":"AdministrixMod:ChooseYourEnd","floor":3.0},{"not_picked":["AdministrixMod:ShadowPlay","AdministrixMod:Overdrive"],"picked":"AdministrixMod:StarSwordSoul","floor":4.0},{"not_picked":["AdministrixMod:HiddenPower","AdministrixMod:ImmortalGrace"],"picked":"AdministrixMod:SipOfSparks","floor":5.0},{"not_picked":["AdministrixMod:CenturiesAscent","AdministrixMod:ReachToHeaven","AdministrixMod:TrickOfTheLight"],"picked":"SKIP","floor":7.0},{"not_picked":["AdministrixMod:PlateOfAntiquity","AdministrixMod:UnstableVigor","AdministrixMod:FeastOfDew"],"picked":"SKIP","floor":8.0},{"not_picked":["AdministrixMod:TrickOfTheLight","AdministrixMod:FuneraryRites"],"picked":"AdministrixMod:BegetEternity","floor":11.0},{"not_picked":["AdministrixMod:Transcension","AdministrixMod:BegetEternity"],"picked":"AdministrixMod:NoblePath","floor":12},{"not_picked":["AdministrixMod:MixOfMercury","AdministrixMod:BishamonBlessing","AdministrixMod:NoblePath"],"picked":"SKIP","floor":13},{"not_picked":["AdministrixMod:CrackingPangu","AdministrixMod:TrickOfTheLight"],"picked":"AdministrixMod:ArmillarySphere","floor":14},{"not_picked":["AdministrixMod:HopeInTheDark","AdministrixMod:ImmortalClarity+1"],"picked":"AdministrixMod:AmassedMasks","floor":16}],"player_experience":97480,"relics_obtained":[{"floor":5.0,"key":"StuffTheSpire:Experiment12"},{"floor":7.0,"key":"hubris:TenFootPole"},{"floor":9.0,"key":"Frozen Egg 2"},{"floor":12,"key":"hubris:FunFungus"}],"event_choices":[],"is_beta":false,"boss_relics":[{"not_picked":["Busted Crown","StuffTheSpire:ModemDavis"],"picked":"halation:Yufonium"}],"items_purged_floors":[],"is_endless":false,"potions_floor_spawned":[2,4,7,13,14,16],"killed_by":"theJungle:5_Spyders","ascension_level":0}}