{"host":"ky7yo6dkjgkz9bu2","time":1608276279,"event":{"mods":["AchievementEnabler","Aspiration","BaseMod","Colored Map","Colored Powertips","GifTheSpireLib","Hubris","Ironclad Rager","Minty Spire (QoL Compilation)","Rare Cards Sparkle","Replay The Spire","StSLib","Stuff the Spire","The Hierophant","vexMod"],"gold_per_floor":[69,69,69,80,159,159,228,228,252,252,10,70,70,70,70,155,205,255,74,74,126,1,32,43,43,43,43,43,63,79,89,89,59,59],"floor_reached":33,"playtime":2030,"items_purged":["hierophant:Strike_Hierophant","hierophant:Defend_Hierophant","hierophant:SecretStash","hierophant:Defend_Hierophant","hierophant:Strike_Hierophant","hierophant:SecretStash"],"score":289,"play_id":"2cafd285-caa3-4a57-85bb-0432635de895","local_time":"20201217232439","is_ascension_mode":true,"campfire_choices":[{"data":"hierophant:Doomsaying","floor":6,"key":"SMITH"},{"data":"1","floor":8,"key":"LIFT"},{"data":"2","floor":10,"key":"LIFT"},{"data":"3","floor":13,"key":"LIFT"},{"floor":15,"key":"REST"},{"floor":25,"key":"REST"},{"floor":28,"key":"REST"},{"floor":32,"key":"REST"}],"circlet_count":0,"master_deck":["hierophant:Strike_Hierophant+1","hierophant:Strike_Hierophant","hierophant:Punish","hierophant:Defend_Hierophant","hierophant:Defend_Hierophant","hierophant:ChurchCoffers","hierophant:Invocation","hierophant:Doomsaying+1","hierophant:Alms","Mayhem","hierophant:Determination","hierophant:HolyVerse","hubris:Insight","hierophant:Purify","hierophant:SolarFlare+1"],"relics":["hierophant:PropheticMaskRelic","Lantern","Girya","aspiration:ChemicalBlood","Tiny House","Peace Pipe","Garlic"],"acts_visited":["Exordium","TheCity"],"potions_floor_usage":[7,16,18,21,21,23,23,23,29,33,33,33,33],"damage_taken":[{"damage":0,"enemies":"Jaw Worm","floor":1,"turns":3},{"damage":3,"enemies":"Small Slimes","floor":4,"turns":3},{"damage":16,"enemies":"3 Sentries","floor":7,"turns":10},{"damage":6,"enemies":"Cultist","floor":12,"turns":4},{"damage":33,"enemies":"Fading Forest","floor":16,"turns":11},{"damage":19,"enemies":"Spheric Guardian","floor":18,"turns":4},{"damage":14,"enemies":"Chosen","floor":21,"turns":4},{"damage":45,"enemies":"Slavers","floor":23,"turns":5},{"damage":17,"enemies":"Snecko","floor":24,"turns":4},{"damage":15,"enemies":"Centurion and Healer","floor":29,"turns":3},{"damage":6,"enemies":"Chosen and Byrds","floor":30,"turns":3},{"damage":16,"enemies":"Snecko","floor":31,"turns":3},{"damage":66,"enemies":"hubris:MusketHawk","floor":33,"turns":6}],"seed_played":"-7659978249712824642","potions_obtained":[{"floor":4,"key":"Strength Potion"},{"floor":7,"key":"LiquidMemories"},{"floor":17,"key":"AttackPotion"},{"floor":18,"key":"LiquidMemories"},{"floor":21,"key":"AttackPotion"},{"floor":29,"key":"LiquidBronze"},{"floor":29,"key":"Venom Potion"},{"floor":31,"key":"Dexterity Potion"},{"floor":33,"key":"Block Potion"}],"is_trial":false,"path_per_floor":["M","?","?","M","?","R","E","R","T","R","$","M","R","$","R","B",null,"M","$","?","M","$","E","M","R","T","$","R","M","M","M","R","B"],"character_chosen":"HIEROPHANT","items_purchased":["Mayhem","hubris:Insight"],"campfire_rested":4,"item_purchase_floors":[11,19],"current_hp_per_floor":[75,75,75,72,54,54,38,38,38,38,38,32,32,32,54,53,80,61,61,61,47,47,2,5,29,29,8,32,40,39,33,57,0,0],"gold":59,"neow_bonus":"ONE_RANDOM_RARE_CARD","is_daily":false,"chose_seed":false,"campfire_upgraded":1,"win_rate":0.0,"timestamp":1608276279,"path_taken":["M","?","?","?","?","R","E","R","T","R","$","M","R","?","R","BOSS","M","?","?","M","$","E","M","R","T","?","R","?","M","M","R","BOSS"],"items_purchased_type":["Card","Card"],"build_version":"2020-12-13","purchased_purges":6,"victory":false,"max_hp_per_floor":[75,75,75,75,75,75,75,75,75,75,75,75,75,75,75,75,80,80,80,80,80,80,80,80,80,80,80,80,80,80,80,80,80,80],"card_choices":[{"not_picked":["hierophant:HammerAndAnvil","hierophant:RustyCrate","hierophant:MirrorShield"],"picked":"SKIP","floor":1},{"not_picked":["hierophant:OrnateBuckler","hierophant:TollTheBells"],"picked":"hierophant:SecretStash","floor":4},{"not_picked":["hierophant:AuricShield","hierophant:Repentance"],"picked":"hierophant:SecretStash","floor":5},{"not_picked":["hierophant:Dazzle","hierophant:HammerAndAnvil"],"picked":"hierophant:Doomsaying","floor":5},{"not_picked":["hierophant:Remorse","hierophant:Endure"],"picked":"hierophant:Alms","floor":7},{"not_picked":["hierophant:RepressedViolence","hierophant:MorningPrayer","hierophant:RecallFunds"],"picked":"SKIP","floor":12},{"not_picked":["hierophant:MintersHammer","hierophant:Generosity"],"picked":"hierophant:Determination","floor":16},{"not_picked":["hierophant:Dazzle","hierophant:DisplayOfPower"],"picked":"hierophant:HolyVerse","floor":18},{"not_picked":["hierophant:PassingBell","hierophant:HammerAndAnvil"],"picked":"hierophant:Purify","floor":21},{"not_picked":["hierophant:SolarFlare","hierophant:TollTheBells+1","hierophant:DivineIntervention"],"picked":"SKIP","floor":23},{"not_picked":["hierophant:Remorse","hierophant:Martyrdom+1","hierophant:Glossolalia+1"],"picked":"SKIP","floor":24},{"not_picked":["hierophant:Mercenaries","hierophant:AuricBeam+1","hierophant:Zeal"],"picked":"SKIP","floor":29},{"not_picked":["hierophant:DisplayOfPower","hierophant:Charity","hierophant:Racketeering+1"],"picked":"SKIP","floor":30},{"not_picked":["hierophant:RepressedViolence","hierophant:Charity"],"picked":"hierophant:SolarFlare+1","floor":31}],"player_experience":401796,"relics_obtained":[{"floor":5,"key":"Lantern"},{"floor":7,"key":"Girya"},{"floor":9,"key":"aspiration:ChemicalBlood"},{"floor":23,"key":"Peace Pipe"},{"floor":26,"key":"Garlic"}],"event_choices":[{"damage_healed":0,"gold_gain":0,"player_choice":"Bought 0 Potions","damage_taken":0,"max_hp_gain":0,"max_hp_loss":0,"event_name":"The Woman in Blue","floor":3,"gold_loss":0},{"damage_healed":0,"gold_gain":0,"player_choice":"Ignored","damage_taken":0,"max_hp_gain":0,"max_hp_loss":0,"event_name":"Cursed Tome","floor":20,"gold_loss":0}],"is_beta":false,"boss_relics":[{"not_picked":["vexMod:MegatonBomb","vexMod:EndlessSickness"],"picked":"Tiny House"}],"items_purged_floors":[11,19,22,27,27,27],"is_endless":false,"potions_floor_spawned":[4,7,18,21,29],"killed_by":"hubris:MusketHawk","ascension_level":2}}