{"host":"RampantMystic","time":1608299730,"event":{"mods":["Act Like it!","BaseMod","Bestiary","Better Match","Better Third Choice","Better Vampires","Block Reminder","ChefMod","Conjunction","Dota2Spire","GifTheSpireLib","Infinite Spire","Menagerie","Minty Spire (QoL Compilation)","Potionbrewer","QueenMod","Rare Cards Sparkle","Relic Stats","Replay The Spire","Spicy Shops","StSLib","Stuff the Spire","Swap Starting Deck Mod","The Blue Laboratory","The Jungle","The Mystic","The Necromancer","The Runesmith","TheVacant","Thieving Mod","Wandering Minibosses","slay the spire mod where everything is the same but ironclad has a cowboy hat"],"gold_per_floor":[219,219,238,256,17,17,49,59,83,101,101,118,133,133,133,234,234,246,261,36,36,36,36,67,67,67,78,124,124,139,150,150,150,150],"floor_reached":33,"playtime":1535,"items_purged":[],"score":269,"play_id":"b80923e6-0a05-4889-a408-786859195df1","local_time":"20201218155530","is_ascension_mode":false,"campfire_choices":[{"data":"ReplayTheSpireMod:Private Reserves","floor":6,"key":"SMITH"},{"data":"ReplayTheSpireMod:Muscle Training","floor":11,"key":"SMITH"},{"data":"Shockwave","floor":15,"key":"SMITH"},{"floor":23,"key":"REST"},{"data":"Rupture","floor":25,"key":"SMITH"},{"floor":32,"key":"REST"}],"circlet_count":0,"master_deck":["Strike_R","Strike_R","Strike_R","Strike_R","Defend_R","Defend_R","Defend_R","Defend_R","Bash","Replay:Undeath\u0027s Touch","ReplayTheSpireMod:Private Reserves+1","Fire Breathing","Heavy Blade","ReplayTheSpireMod:Muscle Training+1","Shockwave+1","Replay:Many Hands","Rupture+1","StuffTheSpire:Incineration","ReplayTheSpireMod:Chaos Vortex","Shrug It Off"],"relics":["Burning Blood","Dota2Spire:Dagon","ClockworkSouvenir","Tiny Chest","Akabeko","StuffTheSpire:HeavyRock","StuffTheSpire:CocoNut","Strawberry","Shovel"],"acts_visited":["Exordium","theJungle:Jungle"],"potions_floor_usage":[8,19,21,33,33],"damage_taken":[{"damage":6,"enemies":"Cultist","floor":1,"turns":3},{"damage":6,"enemies":"Jaw Worm","floor":3,"turns":2},{"damage":8,"enemies":"Small Slimes","floor":4,"turns":2},{"damage":16,"enemies":"Gremlin Nob","floor":7,"turns":3},{"damage":19,"enemies":"Blue Slaver","floor":8,"turns":6},{"damage":16,"enemies":"Looter","floor":10,"turns":5},{"damage":3,"enemies":"2 Fungi Beasts","floor":12,"turns":3},{"damage":5,"enemies":"Exordium Thugs","floor":13,"turns":3},{"damage":33,"enemies":"Hexaghost","floor":16,"turns":8},{"damage":25,"enemies":"theJungle:MUSHROOMGANG","floor":18,"turns":5},{"damage":50,"enemies":"theJungle:GiantWrat","floor":19,"turns":6},{"damage":14,"enemies":"Nightmare","floor":24,"turns":5},{"damage":7,"enemies":"theJungle:2_Flameangoes","floor":27,"turns":5},{"damage":22,"enemies":"theJungle:JungleHuntersEncounter","floor":30,"turns":6},{"damage":2,"enemies":"theJungle:2_Snecko_Cultists","floor":31,"turns":4},{"damage":52,"enemies":"theJungle:TotemBoss","floor":33,"turns":5}],"seed_played":"4186872209357412772","potions_obtained":[{"floor":7,"key":"Dota2Spire:HealingSalve"},{"floor":8,"key":"Regen Potion"},{"floor":12,"key":"blueLaboratory:FruitPreserves"},{"floor":16,"key":"blueLaboratory:TrueEctoplasm"},{"floor":18,"key":"Dexterity Potion"},{"floor":27,"key":"blueLaboratory:NullPotion"},{"floor":31,"key":"blueLaboratory:HorrorPotion"}],"is_trial":false,"path_per_floor":["M","T","M","M","$","R","E","M","T","M","R","M","M","?","R","B",null,"M","M","$","?","?","R","NM","R","T","M","T","?","M","M","R","B"],"character_chosen":"IRONCLAD","items_purchased":["ClockworkSouvenir","ReplayTheSpireMod:Private Reserves"],"campfire_rested":2,"item_purchase_floors":[5,5],"current_hp_per_floor":[80,80,80,78,78,78,68,64,64,54,54,57,58,51,51,24,80,61,31,31,40,21,45,37,37,44,43,50,34,18,22,50,0,0],"gold":150,"neow_bonus":"HUNDRED_GOLD","is_daily":false,"chose_seed":false,"campfire_upgraded":4,"win_rate":0.0,"timestamp":1608299730,"path_taken":["M","?","M","?","?","R","E","M","T","M","R","M","M","?","R","BOSS","M","M","$","?","?","R","NM","R","T","M","?","?","M","M","R","BOSS"],"items_purchased_type":["Relic","Card"],"build_version":"2020-12-17","purchased_purges":0,"victory":false,"max_hp_per_floor":[80,80,80,80,80,80,80,80,80,80,80,80,80,80,80,80,80,80,80,80,80,80,80,80,80,87,87,94,94,94,94,94,94,94],"relic_stats":{"Shovel":0,"counters":[16,71],"Tiny Chest":1,"obtain_stats":[{"Shovel":29,"Dota2Spire:Dagon":2,"StuffTheSpire:HeavyRock":24,"Strawberry":28,"Tiny Chest":7,"StuffTheSpire:CocoNut":26,"Burning Blood":0,"Akabeko":9,"ClockworkSouvenir":5},{"Shovel":13,"Dota2Spire:Dagon":1,"StuffTheSpire:HeavyRock":12,"Strawberry":13,"Tiny Chest":4,"StuffTheSpire:CocoNut":12,"Burning Blood":0,"Akabeko":5,"ClockworkSouvenir":3},{"Shovel":56,"Dota2Spire:Dagon":3,"StuffTheSpire:HeavyRock":51,"Strawberry":56,"Tiny Chest":10,"StuffTheSpire:CocoNut":51,"Burning Blood":0,"Akabeko":16,"ClockworkSouvenir":7}],"Burning Blood":90},"card_choices":[{"not_picked":["Entrench","Combust"],"picked":"Replay:Undeath\u0027s Touch","floor":1},{"not_picked":["Iron Wave","Demonic Infusion","Bloodletting"],"picked":"SKIP","floor":3},{"not_picked":["Clash","Carnage","Clothesline"],"picked":"SKIP","floor":4},{"not_picked":["Anger","Seeing Red"],"picked":"Fire Breathing","floor":7},{"not_picked":["Body Slam","ReplayTheSpireMod:Corrosion Curse"],"picked":"Heavy Blade","floor":8},{"not_picked":["Intimidate","Wild Strike"],"picked":"ReplayTheSpireMod:Muscle Training","floor":10},{"not_picked":["infinitespire:OneForAll","Sword Boomerang"],"picked":"Shockwave","floor":12},{"not_picked":["Disarm","StuffTheSpire:RockThrow","Pommel Strike"],"picked":"SKIP","floor":13},{"not_picked":["Berserk","StuffTheSpire:TitanForm"],"picked":"Replay:Many Hands","floor":16},{"not_picked":["Iron Wave+1","Heavy Blade"],"picked":"Rupture","floor":18},{"not_picked":["True Grit","Run Through"],"picked":"StuffTheSpire:Incineration","floor":19},{"not_picked":["infinitespire:TheBestDefense","infinitespire:FinalStrike"],"picked":"ReplayTheSpireMod:Chaos Vortex","floor":22},{"not_picked":["ReplayReversal","Armaments","Bloodletting"],"picked":"SKIP","floor":24},{"not_picked":["True Grit","ReplayTheSpireMod:Strike From Hell","Iron Wave"],"picked":"SKIP","floor":27},{"not_picked":["ReplayTheSpireMod:Strike From Hell+1","Clash","True Grit"],"picked":"SKIP","floor":30},{"not_picked":["Berserk","Dark Embrace"],"picked":"Shrug It Off","floor":31}],"player_experience":1486093,"relics_obtained":[{"floor":2,"key":"Dota2Spire:Dagon"},{"floor":7,"key":"Tiny Chest"},{"floor":9,"key":"Akabeko"},{"floor":24,"key":"StuffTheSpire:HeavyRock"},{"floor":26,"key":"StuffTheSpire:CocoNut"},{"floor":28,"key":"Strawberry"}],"event_choices":[{"cards_removed":["Strike_R"],"damage_healed":0,"gold_gain":0,"player_choice":"Card Removal","damage_taken":7,"max_hp_gain":0,"max_hp_loss":0,"event_name":"Golden Wing","floor":14,"gold_loss":0}],"is_beta":true,"boss_relics":[{"not_picked":["Runesmith:UraniumAnvil","Abe\u0027s Treasure","Velvet Choker"]}],"items_purged_floors":[],"is_endless":true,"potions_floor_spawned":[7,8,12,16,18,27,31],"killed_by":"theJungle:TotemBoss","ascension_level":0}}