{"host":"ymw71f7rc9ndansy","time":1608304188,"event":{"mods":["Aspiration","BaseMod","DeckTracker","Hubris","Library of Ruina","Library of Ruina Extra","Lobotomy","LobotomyExtend","Minty Spire (QoL Compilation)","MostiFishMod","Remove Card Discount Mod","Replay The Spire","StSLib","TestMod","¡¾ÒÅÎï¿¨ÅÆ¡¿REMEMod"],"gold_per_floor":[116,116,135,135,152,192,210,242,295,315,328,344,344,378,378,461,461,482,482,504,603,374,374,411,427,454,495,180,199,215,242,242,323,323,323],"floor_reached":34,"playtime":1046,"items_purged":["LightAttack","LightDefense","LightAttack","LightAttack","Dodge","ChargeAndCover","FocusedStrikes","HighSpeedStabbing","InkOver","RepressedFlesh","WrathOfTorment","LightDefense","Punishment+1"],"score":1035,"play_id":"0c6ed55f-f8ff-46f6-8b8d-5c47086fc3f2","local_time":"20201218230948","is_ascension_mode":true,"campfire_choices":[{"data":"ReplayTheSpireMod:Omega Cannon","floor":13.0,"key":"SMITH"},{"data":"Punishment","floor":15.0,"key":"SMITH"},{"data":"WillOfThePrescript","floor":23.0,"key":"SMITH"},{"data":"Reload","floor":32,"key":"SMITH"}],"circlet_count":0,"master_deck":["AscendersBane","LightDefense+1","LightDefense+1","ReplayTheSpireMod:Omega Cannon+1","Unlock1","RipSpace","SenseQuarry","Quickness","WillOfThePrescript+1","Rewind","Faith+1","Reload+1","EnergyCycle","Overcharge","RulesOfTheBackstreets"],"relics":["PageOfLibrarian","testmod-TestBox","DaveBox","REME_ComplimentaryCards","HereWithMe","testmod-TheFather","NeowsBlessing","Question Card","Regal Pillow","PageOfTheSilentOrchestra","SynthV:C4","Bag of Marbles","ImportantClient","GreenFoldingFan","PageOfAlriune","hubris:SlimyHat","Orrery","Replay:Bottled Eggs","REME_HandOfSuture","GuanYuAspect"],"acts_visited":["Exordium","TheCity","TheBeyond"],"potions_floor_usage":[25],"damage_taken":[{"damage":0.0,"enemies":"Jaw Worm","floor":1.0,"turns":1.0},{"damage":0.0,"enemies":"2 Louse","floor":3.0,"turns":1.0},{"damage":0.0,"enemies":"Cultist","floor":5.0,"turns":1.0},{"damage":6.0,"enemies":"Gremlin Nob","floor":6.0,"turns":3.0},{"damage":0.0,"enemies":"Exordium Wildlife","floor":7.0,"turns":2.0},{"damage":15.0,"enemies":"3 Sentries","floor":8.0,"turns":4.0},{"damage":0.0,"enemies":"2 Fungi Beasts","floor":10.0,"turns":3.0},{"damage":5.0,"enemies":"3 Louse","floor":11.0,"turns":3.0},{"damage":0.0,"enemies":"Exordium Thugs","floor":12.0,"turns":1.0},{"damage":0.0,"enemies":"Gremlin Nob","floor":14.0,"turns":2.0},{"damage":0.0,"enemies":"Hexaghost","floor":16.0,"turns":4.0},{"damage":25.0,"enemies":"3 Byrds","floor":18.0,"turns":3.0},{"damage":12.0,"enemies":"2 Thieves","floor":20.0,"turns":2.0},{"damage":4.0,"enemies":"Gremlin Leader","floor":24.0,"turns":2.0},{"damage":2,"enemies":"Shelled Parasite and Fungi","floor":25,"turns":1},{"damage":4,"enemies":"Slavers","floor":27,"turns":2},{"damage":18,"enemies":"Centurion and Healer","floor":29,"turns":2},{"damage":6,"enemies":"Chosen and Byrds","floor":30,"turns":3},{"damage":8,"enemies":"Book of Stabbing","floor":31,"turns":3},{"damage":14,"enemies":"Champ","floor":33,"turns":7}],"seed_played":"6253593494759839793","potions_obtained":[{"floor":5.0,"key":"Adrenaline Potion"},{"floor":7.0,"key":"testmod-TestPotion"},{"floor":11.0,"key":"testmod-SpacePotion"},{"floor":16.0,"key":"Swift Potion"},{"floor":18.0,"key":"Doom Potion"},{"floor":25,"key":"GamblersBrew"}],"is_trial":false,"path_per_floor":["M","?","M","?","M","E","M","E","T","M","M","M","R","E","R","B",null,"M","?","M","?","$","R","E","M","T","E","$","M","M","E","R","B",null],"character_chosen":"Librarian","items_purchased":["PageOfAlriune","Orrery","Replay:Bottled Eggs"],"campfire_rested":0,"item_purchase_floors":[22,28,28],"current_hp_per_floor":[54,51,51,51,51,45,45,30,30,30,25,25,25,25,25,25,59,44,44,42,42,42,42,48,56,56,62,62,54,58,60,60,56,44,44],"gold":323,"neow_bonus":"THREE_ENEMY_KILL","is_daily":false,"chose_seed":false,"campfire_upgraded":4,"win_rate":0.0,"timestamp":1608304188,"path_taken":["M","?","M","?","M","E","M","E","T","M","?","M","R","E","R","BOSS","M","?","M","?","$","R","E","M","T","E","$","M","M","E","R","BOSS"],"items_purchased_type":["Relic","Relic","Relic"],"build_version":"2020-12-13","purchased_purges":13,"victory":false,"max_hp_per_floor":[60,60,70,70,70,70,70,70,70,70,70,70,70,70,70,70,70,70,70,70,70,70,70,70,70,70,70,70,70,70,70,70,87,44,44],"card_choices":[{"not_picked":["SmokingPipe","MultiHit","Rewind","IronWall","SunsetBlade","WillOfThePrescript","Parry","BindingArms"],"picked":"Unlock1","floor":1.0},{"not_picked":["TimeForALittleTest","Multislash","FierceCharge","GuidanceOfTheGears","SilentMist","SpearedSweep","DestructiveImpact","Bvapour","ClassAndRespect"],"picked":"InkOver","floor":3.0},{"not_picked":["Guardian_lor","DriedUp","FeatherShield","QuickAttack","SturdyDefense","ScatteringSlash","Wallop_lor","BayonetCombat","StrongStrike"],"picked":"WrathOfTorment","floor":5.0},{"not_picked":["Decapitation","DefenseOrder","Juggling","Outburst","BackAttack","Rewind","ClassAndRespect","DeepDrag","SpearedSweep"],"picked":"SenseQuarry","floor":6.0},{"not_picked":["FierceCharge","AsThePrescriptOrders","TheRedNotes","ExtremeEdge","BindingChains","Wallop_lor","FlowOfTheSword","MultiHit","EnergyBeam"],"picked":"Quickness","floor":7.0},{"not_picked":["StrongStrike","WillOfThePrescript","SilentMist","Faith","Unlock1","SuppressingShot","Bvapour","QuickAttack","UpbeatPerformance"],"picked":"Punishment","floor":8.0},{"not_picked":["Unlock1","ShrineToMusic","GuidanceOfTheGears","FlyingSword","FocusFire","DesperateStruggle","Leap_lor","FierceCharge","ClassAndRespect","SkitterAway"],"picked":"SKIP","floor":10.0},{"not_picked":["Pound","SuppressingShot","WaitUp","HighSpeedStabbing","SharpNails","RatsGuideToSurvival","CircusKnives","MindPrepared","SilentMist","Multislash"],"picked":"SKIP","floor":11.0},{"not_picked":["GuardingStance","Thirst","MultiBlock","EnergyShield","Diversion","BladeWhirl","PreemptiveStrike","ToOvercomeCrisis","GuidanceOfTheGears","MultiHit"],"picked":"SKIP","floor":12.0},{"not_picked":["Leap_lor","WaitUp","SunsetBlade","Standoff","PreemptiveStrike","FierceOnslaught","EnergyConversion","MultiHit","AsThePrescriptOrders","HiddenBlade"],"picked":"SKIP","floor":14.0},{"not_picked":["EnergyBeam","Punishment","GutHarvesting"],"picked":"RepressedFlesh","floor":16.0},{"not_picked":["StructuralAnalysis","Fence","Wallop_lor","EndlessBattle+1","UnavoidableGaze","DesperateStruggle","FleetEdge+1","EnergyShield","HandleRequest"],"picked":"WillOfThePrescript","floor":18.0},{"not_picked":["Leap_lor","LossOfSenses","NonstopAssault","SilentMist","UnavoidableGaze","DefenseOrder","WaitUp","GuardingStance","UpbeatPerformance+1"],"picked":"Faith+1","floor":20.0},{"not_picked":["TendonChords+1","Observe","Multislash+1","HandleRequest","QuickAttack","StartinOutLightly+1","InnerArdor","Guardian_lor","Parry+1","UndertakePrescript+1"],"picked":"SKIP","floor":24.0},{"not_picked":["Multislash+1","EndlessBattle","GoinFirst","HandleRequest","StructuralAnalysis","DevastatingThrash+1","DefenseOrder+1","ExtremeEdge+1","FleshFillet"],"picked":"Reload","floor":25},{"not_picked":["CircusKnives","Collision","DefenseOrder","MultiHit","SenseQuarry","MindPrepared","LoosenUp+1","FierceCharge","GuardingStance","Juggling"],"picked":"SKIP","floor":27},{"not_picked":["KeepItFresh","Wallop_lor","BiteOff","Thrust","Pound","WillOfThePrescript","HandleRequest","FrontalAssault","Gamble"],"picked":"EnergyCycle","floor":28},{"not_picked":["HighKick","Unlock1","Outburst","SetFire","Diversion","GuidanceOfTheGears","DefenseOrder","SharpSwipe","FlowOfTheSword"],"picked":"Overcharge","floor":29},{"not_picked":["AutomatedMovement+1","DestructiveImpact","AsThePrescriptOrders","InhaleSmoke+1","EndlessBattle","Retaliate+1","Wallop_lor","Outburst","Pound","HardRehearsal"],"picked":"SKIP","floor":30},{"not_picked":["Rewind","MindPrepared","WaitUp","Gigigig","BlazingStrike","ExtractFuel","BackAttack","RatsGuideToSurvival","DaringDecision"],"picked":"RulesOfTheBackstreets","floor":31}],"player_experience":1011360,"relics_obtained":[{"floor":1.0,"key":"Question Card"},{"floor":8.0,"key":"PageOfTheSilentOrchestra"},{"floor":9.0,"key":"SynthV:C4"},{"floor":14.0,"key":"Bag of Marbles"},{"floor":16.0,"key":"ImportantClient"},{"floor":27,"key":"hubris:SlimyHat"},{"floor":31,"key":"REME_HandOfSuture"}],"event_choices":[{"damage_healed":0.0,"max_hp_gain":0.0,"max_hp_loss":0.0,"gold_gain":0.0,"event_name":"Scrap Ooze","player_choice":"Success","floor":2.0,"gold_loss":0.0,"damage_taken":3.0,"relics_obtained":["Regal Pillow"]},{"damage_healed":0.0,"max_hp_gain":0.0,"max_hp_loss":0.0,"gold_gain":0.0,"event_name":"Match and Keep!","player_choice":"2 cards matched","floor":4.0,"gold_loss":0.0,"damage_taken":0.0,"cards_obtained":["RipSpace","HighSpeedStabbing"]},{"damage_healed":0.0,"max_hp_gain":0.0,"max_hp_loss":0.0,"gold_gain":0.0,"event_name":"The Library","player_choice":"Read","floor":19.0,"gold_loss":0.0,"damage_taken":0.0,"cards_obtained":["Rewind"]},{"damage_healed":0.0,"max_hp_gain":0.0,"max_hp_loss":0.0,"gold_gain":99.0,"event_name":"Nest","player_choice":"Stole From Cult","floor":21.0,"gold_loss":0.0,"damage_taken":0.0}],"is_beta":false,"boss_relics":[{"not_picked":["testmod-Temperance","Runic Dome"],"picked":"GreenFoldingFan"},{"not_picked":["RhineCircuit","JellyFishMachine"],"picked":"GuanYuAspect"}],"items_purged_floors":[22,22,22,22,22,22,22,22,22,22,22,22,28],"is_endless":false,"potions_floor_spawned":[5,7,8,10,11,16,18,25,27,31,33],"ascension_level":14}}