{"host":"kta213tp32cz47du","time":1608288965,"event":{"mods":["BaseMod","Better Altar","Better Note","Better Sensory Stone","Better Skull","Better Third Choice","Colored Map","Colored Powertips","Conspire","Curses Come First","Displayed Cursed Tome","Downfall","Hubris","Infinite Spire","Marisa????????","Minty Spire (QoL Compilation)","Rare Cards Sparkle","Replay The Spire","Shade Mod","Shop Mod","Spikes Relics","StSLib","The Animator","The Blue Laboratory","The Bug Knight","The Cursed","The Servant 0.9.4","vexMod"],"gold_per_floor":[359,370,145,162,24,52,72,84,84,100,100,111,111,125,125,125,125],"floor_reached":16,"playtime":2381,"items_purged":["Strike_R"],"score":106,"play_id":"319ed325-3619-4865-8abb-24aaf7ead982","local_time":"20201218105605","is_ascension_mode":false,"campfire_choices":[{"data":"infinitespire:OneForAll","floor":11,"key":"SMITH"},{"floor":15,"key":"DIG"}],"circlet_count":0,"master_deck":["Strike_R","Strike_R","Strike_R","Strike_R","Defend_R","Defend_R","Defend_R","Defend_R","Bash","Armaments","hubris:ReadiedAction","Thunderclap","Bludgeon","ReplayReversal","Run Through","Shrug It Off","infinitespire:OneForAll+1","Cleave","Eclipse"],"relics":["Burning Blood","MerchantsRug","ReplayTheSpireMod:Lightbulb","ReplayTheSpireMod:TigerMarble","SpikesRelics:DaevaFist"],"acts_visited":["Exordium"],"potions_floor_usage":[6,6,8,16,16],"damage_taken":[{"damage":1,"enemies":"Cultist","floor":1,"turns":4},{"damage":10,"enemies":"Jaw Worm","floor":2,"turns":4},{"damage":0,"enemies":"Small Slimes","floor":4,"turns":5},{"damage":19,"enemies":"Lagavulin","floor":6,"turns":8},{"damage":8,"enemies":"2 Fungi Beasts","floor":7,"turns":5},{"damage":15,"enemies":"Exordium Wildlife","floor":8,"turns":3},{"damage":0,"enemies":"Red Slaver","floor":10,"turns":2},{"damage":22,"enemies":"Exordium Thugs","floor":12,"turns":4},{"damage":6,"enemies":"Looter","floor":14,"turns":2},{"damage":31,"enemies":"The Guardian","floor":16,"turns":4}],"seed_played":"5361321199427736776","potions_obtained":[{"floor":2,"key":"Weak Potion"},{"floor":4,"key":"hexamod:EctoCoolerPotion"},{"floor":7,"key":"blueLaboratory:IronCompound"},{"floor":8,"key":"FearPotion"},{"floor":14,"key":"hexamod:EctoCoolerPotion"}],"is_trial":false,"path_per_floor":["M","M","$","M","$","E","M","M","T","M","R","M","?","M","R_BF","B"],"character_chosen":"IRONCLAD","items_purchased":["MerchantsRug","Bludgeon"],"campfire_rested":0,"item_purchase_floors":[3,5],"current_hp_per_floor":[72,68,68,72,72,59,57,48,48,54,54,38,38,38,38,7,7],"gold":125,"neow_bonus":"TWO_FIFTY_GOLD","is_daily":false,"chose_seed":false,"campfire_upgraded":1,"win_rate":0.0,"timestamp":1608288965,"path_taken":["M","M","$","?","$","E","M","M","T","M","R","M","?","M","R_BF","BOSS"],"items_purchased_type":["Relic","Card"],"build_version":"2020-12-13","purchased_purges":1,"victory":false,"max_hp_per_floor":[72,72,72,72,72,72,72,72,72,72,72,72,72,72,72,72,72],"card_choices":[{"not_picked":["Pummel","Dark Embrace"],"picked":"Armaments","floor":1},{"not_picked":["Rampage","Sentinel"],"picked":"hubris:ReadiedAction","floor":2},{"not_picked":["hubris:ReadiedAction","Havoc"],"picked":"Thunderclap","floor":4},{"not_picked":["conspire:Purge","conspire:ExplosiveBarrier"],"picked":"ReplayReversal","floor":6},{"not_picked":["conspire:ExplosiveBarrier","Heavy Blade"],"picked":"Run Through","floor":7},{"not_picked":["Ghostly Armor","True Grit"],"picked":"Shrug It Off","floor":8},{"not_picked":["Massacre","Life Link"],"picked":"infinitespire:OneForAll","floor":10},{"not_picked":["Twin Strike","infinitespire:OneForAll"],"picked":"Cleave","floor":12},{"not_picked":["Hemokinesis","Invigoration","Heavy Blade"],"picked":"SKIP","floor":14}],"player_experience":251523,"relics_obtained":[{"floor":6,"key":"ReplayTheSpireMod:Lightbulb"},{"floor":9,"key":"ReplayTheSpireMod:TigerMarble"},{"floor":15,"key":"SpikesRelics:DaevaFist"}],"event_choices":[{"damage_healed":0,"gold_gain":0,"player_choice":"1 cards matched","damage_taken":0,"max_hp_gain":0,"max_hp_loss":0,"event_name":"Match and Keep!","floor":13,"gold_loss":0,"cards_obtained":["Eclipse"]}],"is_beta":false,"boss_relics":[],"items_purged_floors":[3],"is_endless":false,"potions_floor_spawned":[2,4,7,8,14],"killed_by":"The Guardian","ascension_level":0}}