{"host":"61r95uy0hn86b9iu","time":1608259742,"event":{"mods":["AchievementEnabler","BaseMod","Better Vampires","BetterRewards","Colored Powertips","Hubris","Minty Spire (QoL Compilation)","Shop Mod","StSLib"],"gold_per_floor":[117,32,45,65,82,82,82,82,82,82,114,124,137,149,149,224,224,241,241,258,94,94,94,123,143,169,169,169,2,15,33,33,33,33],"floor_reached":33,"playtime":1163,"items_purged":["Strike_G"],"score":749,"play_id":"24f4ae26-215d-4643-8d68-60d3a26d1420","local_time":"20201217204902","is_ascension_mode":true,"campfire_choices":[{"floor":6.0,"key":"REST"},{"data":"Noxious Fumes","floor":10.0,"key":"SMITH"},{"floor":15.0,"key":"REST"},{"floor":23.0,"key":"REST"},{"floor":28.0,"key":"REST"},{"floor":32.0,"key":"REST"}],"circlet_count":0,"master_deck":["AscendersBane","Strike_G","Strike_G","Defend_G","Defend_G","Defend_G","Defend_G","Defend_G","Survivor","Neutralize","Noxious Fumes","Dagger Spray","Cloak And Dagger","Noxious Fumes+1","Catalyst","Infinite Blades","Caltrops+1","Backflip","Bane","Corpse Explosion","Calculated Gamble+1","Corpse Explosion","Deadly Poison"],"relics":["Ring of the Serpent","hubris:TenFootPole","hubris:Icosahedron","MealTicket","hubris:SlimyHat","TwistedFunnel","Ancient Tea Set","PreservedInsect","Enchiridion","Tiny Chest"],"acts_visited":[],"potions_floor_usage":[33,33],"damage_taken":[{"damage":3.0,"enemies":"Cultist","floor":1.0,"turns":4.0},{"damage":12.0,"enemies":"Jaw Worm","floor":3.0,"turns":5.0},{"damage":7.0,"enemies":"Small Slimes","floor":4.0,"turns":3.0},{"damage":1.0,"enemies":"3 Louse","floor":5.0,"turns":4.0},{"damage":5.0,"enemies":"Lagavulin","floor":11.0,"turns":6.0},{"damage":12.0,"enemies":"Gremlin Gang","floor":12.0,"turns":3.0},{"damage":14.0,"enemies":"2 Fungi Beasts","floor":13.0,"turns":4.0},{"damage":6.0,"enemies":"Blue Slaver","floor":14.0,"turns":4.0},{"damage":27.0,"enemies":"The Guardian","floor":16.0,"turns":10.0},{"damage":0.0,"enemies":"3 Byrds","floor":18.0,"turns":2.0},{"damage":26.0,"enemies":"2 Thieves","floor":20.0,"turns":3.0},{"damage":18.0,"enemies":"Gremlin Leader","floor":24.0,"turns":5.0},{"damage":9.0,"enemies":"Snecko","floor":25.0,"turns":5.0},{"damage":1.0,"enemies":"Chosen and Byrds","floor":30.0,"turns":2.0},{"damage":20.0,"enemies":"Snake Plant","floor":31.0,"turns":4.0},{"damage":55,"enemies":"hubris:MusketHawk","floor":33,"turns":6}],"seed_played":"-5004971947878687478","potions_obtained":[{"floor":1.0,"key":"BlessingOfTheForge"},{"floor":12.0,"key":"Energy Potion"},{"floor":14.0,"key":"CultistPotion"},{"floor":16.0,"key":"ColorlessPotion"},{"floor":24.0,"key":"Weak Potion"},{"floor":30.0,"key":"AttackPotion"},{"floor":31.0,"key":"AttackPotion"}],"is_trial":false,"path_per_floor":["M","$","M","M","M","R","?","?","T","R","E","M","M","M","R","B",null,"M","?","M","$","?","R","E","M","T","?","R","$","M","M","R","B"],"character_chosen":"THE_SILENT","items_purchased":["Noxious Fumes","hubris:TenFootPole","Dagger Spray","Noxious Fumes","TwistedFunnel","Tiny Chest"],"campfire_rested":5,"item_purchase_floors":[0,0,0,2,21,29],"current_hp_per_floor":[56,56,44,37,36,55,52,52,52,52,47,35,21,15,34,7,51,51,51,25,40,40,59,41,32,32,23,42,57,56,36,55,0,0],"gold":33,"neow_bonus":"","is_daily":false,"chose_seed":false,"campfire_upgraded":1,"win_rate":0.0,"timestamp":1608259742,"path_taken":["M","$","?","M","M","R","?","?","T","R","E","M","M","M","R","BOSS","M","?","?","$","?","R","E","M","T","?","R","?","?","M","R","BOSS"],"items_purchased_type":["Card","Relic","Card","Card","Relic","Relic"],"build_version":"2020-12-13","purchased_purges":1,"victory":false,"max_hp_per_floor":[66,66,66,66,66,66,66,66,66,66,66,66,66,66,66,66,66,66,66,66,66,66,66,66,66,66,66,66,66,66,66,66,66,66],"card_choices":[{"not_picked":["Deflect","Acrobatics"],"picked":"Cloak And Dagger","floor":1.0},{"not_picked":["Deflect","All Out Attack","Reflex"],"picked":"SKIP","floor":3.0},{"not_picked":["Dagger Throw","Bane"],"picked":"Catalyst","floor":4.0},{"not_picked":["hubris:SlightOfHand","Skewer"],"picked":"Infinite Blades","floor":5.0},{"not_picked":["Quick Slash","Leg Sweep"],"picked":"Caltrops","floor":11.0},{"not_picked":["Choke","Quick Slash"],"picked":"Backflip","floor":12.0},{"not_picked":["Backflip","Slice","Endless Agony"],"picked":"SKIP","floor":13.0},{"not_picked":["Prepared","PiercingWail"],"picked":"Bane","floor":14.0},{"not_picked":["Venomology","Storm of Steel"],"picked":"Corpse Explosion","floor":16.0},{"not_picked":["Slice","Dagger Throw"],"picked":"Calculated Gamble+1","floor":18.0},{"not_picked":["Dagger Spray","Underhanded Strike","Flying Knee"],"picked":"SKIP","floor":20.0},{"not_picked":["Choke","Endless Agony","Grand Finale"],"picked":"SKIP","floor":24.0},{"not_picked":["Deflect","Slice","Infinite Blades"],"picked":"SKIP","floor":25.0},{"not_picked":["Underhanded Strike","Dagger Throw+1","hubris:SlightOfHand"],"picked":"SKIP","floor":30.0},{"not_picked":["Cloak And Dagger","hubris:SlightOfHand"],"picked":"Deadly Poison","floor":31.0}],"player_experience":3148693,"relics_obtained":[{"floor":9.0,"key":"MealTicket"},{"floor":11.0,"key":"hubris:SlimyHat"},{"floor":24.0,"key":"Ancient Tea Set"},{"floor":26.0,"key":"PreservedInsect"},{"floor":27.0,"key":"Enchiridion"}],"event_choices":[{"cards_removed":["Strike_G"],"damage_healed":0.0,"max_hp_gain":0.0,"max_hp_loss":0.0,"gold_gain":0.0,"event_name":"Golden Wing","player_choice":"Card Removal","floor":7.0,"gold_loss":0.0,"damage_taken":7.0},{"damage_healed":0.0,"max_hp_gain":0.0,"max_hp_loss":0.0,"gold_gain":0.0,"cards_transformed":["Strike_G"],"event_name":"Transmorgrifier","player_choice":"Transformed","floor":19.0,"gold_loss":0.0,"damage_taken":0.0,"cards_obtained":["Corpse Explosion"]},{"damage_healed":0.0,"max_hp_gain":0.0,"max_hp_loss":0.0,"gold_gain":0.0,"event_name":"Cursed Tome","player_choice":"Obtained Book","floor":27.0,"gold_loss":0.0,"damage_taken":21.0}],"is_beta":false,"boss_relics":[{"not_picked":["hubris:GrandSneckoEye","hubris:HollowSoul"],"picked":"Ring of the Serpent"}],"items_purged_floors":[0],"is_endless":false,"potions_floor_spawned":[1,12,14,16,24,30,31],"killed_by":"hubris:MusketHawk","ascension_level":18}}