{"host":"m1rjttoroz33xrz1","time":1608250381,"event":{"mods":["BaseMod","Colored Map","Downfall","Hermit","Mad Scientist","Marisa????????","Minty Spire (QoL Compilation)","StSLib","The Construct","The Cursed","The Druid","The Jungle","The Servant 0.9.4"],"gold_per_floor":[99,109,129,146,180,180,250,250,281,281,298,315,315,415,431,535,535,535,385,385,420,434,444,444,478,403,437,537,279,296,311,322,419,419,419,438,438,438,468,480,492,504,542,554,371,386,81,81,94,94],"floor_reached":51,"playtime":12492,"items_purged":["champ:Strike"],"score":1045,"play_id":"9591e56a-f0eb-4ee9-9bb1-a51e12d22944","local_time":"20201217191301","is_ascension_mode":false,"campfire_choices":[{"data":"champ:Execute","floor":1.0,"key":"SMITH"},{"floor":6.0,"key":"REST"},{"data":"champ:IronFortress","floor":8.0,"key":"SMITH"},{"data":"champ:VampiricStrike","floor":18.0,"key":"SMITH"},{"data":"champ:RisingSlash","floor":20.0,"key":"SMITH"},{"floor":26.0,"key":"DIG"},{"floor":35.0,"key":"DIG"},{"floor":38,"key":"DIG"},{"floor":40,"key":"DIG"},{"floor":42,"key":"DIG"},{"floor":44,"key":"DIG"}],"circlet_count":0,"master_deck":["champ:Strike","champ:Defend+1","champ:Defend","champ:Defend+1","champ:Execute+1","champ:Taunt","champ:FocusedDefense+1","champ:IronFortress+1","champ:HeartStrike","champ:GladiatorStyle","champ:TornadoPunch","champ:EnragedBash","champ:FlashCut","champ:RisingSlash+1","champ:RecklessLeap","champ:FlashCut","champ:Circumvent","champ:VampiricStrike+1","Ghostly","champ:MurderStrike","champ:RisingSlash","champ:CrookedStrike","champ:DefensiveStyle","champ:ViciousMockery","champ:DefensiveStyle","champ:Lariat","champ:CalledShot+1","champ:ShieldSlam","champ:SteelEdge","champ:FocusedGladiator","champ:HoldFirm","champ:IronFortress+1","champ:PerfectForm+1","champ:ArenaPreparation","Metamorphosis","champ:RapidStrikes","champ:Improvising+1","champ:CalledShot+1","Transmutation","champ:Backstep+1"],"relics":["champ:ChampionCrown","champ:DefensiveTrainingManual","Mercury Hourglass","Ancient Tea Set","champ:LiftRelic","champ:ChampionCrownUpgraded","War Paint","Shovel","Calipers","downfall:HeartBlessingGreen","Eternal Feather","Thread and Needle","Frozen Egg 2","construct:ClawGrip","MawBank","Happy Flower","Bottled Flame","Ice Cream","StoneCalendar","Blood Vial","Mango"],"acts_visited":["Exordium","TheCity","TheBeyond"],"potions_floor_usage":[43,45,46,46,46,50,50],"damage_taken":[{"damage":5.0,"enemies":"Small Slimes","floor":2.0,"turns":5.0},{"damage":9.0,"enemies":"Cultist","floor":3.0,"turns":4.0},{"damage":10.0,"enemies":"2 Louse","floor":4.0,"turns":4.0},{"damage":39.0,"enemies":"Gremlin Nob","floor":5.0,"turns":5.0},{"damage":19.0,"enemies":"3 Sentries","floor":9.0,"turns":6.0},{"damage":6.0,"enemies":"2 Fungi Beasts","floor":11.0,"turns":2.0},{"damage":7.0,"enemies":"Blue Slaver","floor":12.0,"turns":4.0},{"damage":19.0,"enemies":"downfall:Heads","floor":14.0,"turns":6.0},{"damage":7.0,"enemies":"Red Slaver","floor":15.0,"turns":2.0},{"damage":36.0,"enemies":"downfall:Silent","floor":16.0,"turns":9.0},{"damage":10.0,"enemies":"Slavers","floor":21.0,"turns":4.0},{"damage":26.0,"enemies":"Shell Parasite","floor":22.0,"turns":2.0},{"damage":17.0,"enemies":"Centurion and Healer","floor":23.0,"turns":4.0},{"damage":12.0,"enemies":"Gremlin Leader","floor":25.0,"turns":6.0},{"damage":8.0,"enemies":"Slavers","floor":27.0,"turns":3.0},{"damage":35.0,"enemies":"downfall:FleeingMerchant","floor":29.0,"turns":4.0},{"damage":14.0,"enemies":"Snake Plant","floor":30.0,"turns":3.0},{"damage":16.0,"enemies":"Chosen and Byrds","floor":31.0,"turns":5.0},{"damage":18.0,"enemies":"Centurion and Healer","floor":32.0,"turns":4.0},{"damage":54.0,"enemies":"downfall:Watcher","floor":33.0,"turns":8.0},{"damage":20.0,"enemies":"Orb Walker","floor":36.0,"turns":2.0},{"damage":21,"enemies":"3 Shapes","floor":39,"turns":4},{"damage":42,"enemies":"Nemesis","floor":43,"turns":7},{"damage":23,"enemies":"downfall:FleeingMerchant","floor":45,"turns":4},{"damage":25,"enemies":"Transient","floor":46,"turns":5},{"damage":17,"enemies":"downfall:FleeingMerchant","floor":47,"turns":2},{"damage":17,"enemies":"Sphere and 2 Shapes","floor":49,"turns":4},{"damage":44,"enemies":"downfall:Defect","floor":50,"turns":5}],"seed_played":"-9192624312146079485","potions_obtained":[{"floor":4.0,"key":"SteroidPotion"},{"floor":11.0,"key":"BlessingOfTheForge"},{"floor":15.0,"key":"SteroidPotion"},{"floor":16.0,"key":"PowerPotion"},{"floor":21.0,"key":"SpeedPotion"},{"floor":23.0,"key":"SpeedPotion"},{"floor":30.0,"key":"PowerPotion"},{"floor":31.0,"key":"EntropicBrew"},{"floor":32.0,"key":"Fire Potion"},{"floor":33.0,"key":"champ:OpenerPotion"},{"floor":43,"key":"LiquidBronze"},{"floor":46,"key":"SteroidPotion"},{"floor":49,"key":"DistilledChaos"}],"is_trial":false,"path_per_floor":["R","M","M","M","E","R","T","R","E","?","M","M","?","?","M","B",null,"R","?","R","E","M","M","T","E","R","E","?","$","M","M","M","B",null,"R","M","?","R","M","R","T","R","E","R","$","M","$","?","M","B",null],"character_chosen":"THE_CHAMP","items_purchased":["Frozen Egg 2","Metamorphosis","Mango","champ:CalledShot+1","Transmutation"],"campfire_rested":1,"item_purchase_floors":[29,45,47,47,47],"current_hp_per_floor":[99,99,95,90,61,90,90,90,76,76,75,73,73,70,68,44,99,99,99,99,99,99,97,97,99,99,99,99,99,99,99,99,94,99,99,99,99,99,99,99,99,99,85,99,99,99,113,113,113,113],"gold":94,"neow_bonus":"TEN_PERCENT_HP_BONUS","is_daily":false,"chose_seed":false,"campfire_upgraded":4,"win_rate":0.0,"timestamp":1608250381,"path_taken":["R","M","M","M","E","R","T","R","E","?","M","?","?","?","M","BOSS","R","?","R","E","M","M","T","E","R","E","?","$","?","M","M","BOSS","R","M","?","R","M","R","T","R","E","R","?","M","$","?","M","BOSS"],"items_purchased_type":["Relic","Card","Relic","Card","Card"],"build_version":"2020-12-13","purchased_purges":1,"victory":true,"max_hp_per_floor":[99,99,99,99,99,99,99,99,99,99,99,99,99,99,99,99,99,99,99,99,99,99,99,99,99,99,99,99,99,99,99,99,99,99,99,99,99,99,99,99,99,99,99,99,99,99,113,113,113,113],"card_choices":[{"not_picked":["champ:FlashCut","champ:Circumvent"],"picked":"champ:FocusedDefense","floor":2.0},{"not_picked":["champ:DefensiveShout","champ:ArenaPreparation"],"picked":"champ:IronFortress","floor":3.0},{"not_picked":["champ:FanOfKnives","champ:BerserkerStyle"],"picked":"champ:HeartStrike","floor":4.0},{"not_picked":["champ:HeavySlash","champ:PerfectedStrike"],"picked":"champ:GladiatorStyle","floor":5.0},{"not_picked":["champ:AdrenalArmor","champ:HeavySlash"],"picked":"champ:TornadoPunch","floor":9.0},{"not_picked":["champ:FalseCounter","champ:StanceDance"],"picked":"champ:FlashCut","floor":11.0},{"not_picked":["champ:Encircle","champ:GladiatorsShout"],"picked":"champ:RisingSlash","floor":12.0},{"not_picked":["champ:PerfectedStrike","champ:AdrenalArmor"],"picked":"champ:FlashCut","floor":14.0},{"not_picked":["champ:RecklessLeap","champ:FanOfKnives"],"picked":"champ:Circumvent","floor":15.0},{"not_picked":["champ:ShieldThrow","champ:SteelEdge"],"picked":"champ:VampiricStrike","floor":16.0},{"not_picked":["champ:DefensiveStyle","champ:GladiatorStyle"],"picked":"champ:MurderStrike","floor":21.0},{"not_picked":["champ:DefensiveStyle","champ:PerfectedStrike"],"picked":"champ:RisingSlash","floor":22.0},{"not_picked":["champ:GladiatorsShout","champ:Circumvent"],"picked":"champ:CrookedStrike","floor":23.0},{"not_picked":["champ:RecklessLeap","champ:BringItOn+1"],"picked":"champ:DefensiveStyle","floor":25.0},{"not_picked":["champ:DefensiveShout","champ:Circumvent"],"picked":"champ:ViciousMockery","floor":27.0},{"not_picked":["champ:FightOn","champ:AdrenalArmor"],"picked":"champ:DefensiveStyle","floor":29.0},{"not_picked":["champ:Haymaker","champ:PreciseThrust"],"picked":"champ:Lariat","floor":30.0},{"not_picked":["champ:Backstep","champ:BerserkersShout+1"],"picked":"champ:CalledShot+1","floor":31.0},{"not_picked":["champ:Circumvent","champ:BringItOn"],"picked":"champ:ShieldSlam","floor":32.0},{"not_picked":["champ:MurderStrike","champ:LastStand+1"],"picked":"champ:SteelEdge","floor":33.0},{"not_picked":["champ:Circumvent","champ:BringItOn"],"picked":"champ:FocusedGladiator","floor":36.0},{"not_picked":["champ:Haymaker","champ:BerserkersShout+1"],"picked":"champ:IronFortress+1","floor":39},{"not_picked":["champ:AdrenalArmor+1","champ:IronFortress+1"],"picked":"champ:PerfectForm+1","floor":43},{"not_picked":["champ:TornadoPunch+1","champ:FanOfKnives+1"],"picked":"champ:ArenaPreparation","floor":45},{"not_picked":["champ:CrookedStrike+1","champ:HeartStrike+1"],"picked":"champ:RapidStrikes","floor":46},{"not_picked":["champ:Riposte","champ:CalledShot+1"],"picked":"champ:Improvising+1","floor":47},{"not_picked":["champ:AdrenalArmor","champ:CrookedStrike+1"],"picked":"champ:Backstep+1","floor":49}],"player_experience":1256931,"relics_obtained":[{"floor":5.0,"key":"champ:DefensiveTrainingManual"},{"floor":7.0,"key":"Mercury Hourglass"},{"floor":9.0,"key":"Ancient Tea Set"},{"floor":21.0,"key":"War Paint"},{"floor":24.0,"key":"Shovel"},{"floor":25.0,"key":"Calipers"},{"floor":26.0,"key":"Eternal Feather"},{"floor":27.0,"key":"Thread and Needle"},{"floor":35.0,"key":"Bag of Marbles"},{"floor":38,"key":"MawBank"},{"floor":40,"key":"Happy Flower"},{"floor":41,"key":"Bottled Flame"},{"floor":42,"key":"Ice Cream"},{"floor":43,"key":"StoneCalendar"},{"floor":44,"key":"Blood Vial"}],"event_choices":[{"damage_healed":0.0,"max_hp_gain":0.0,"max_hp_loss":0.0,"gold_gain":0.0,"cards_transformed":["champ:Strike"],"event_name":"Transmorgrifier","player_choice":"Transformed","floor":10.0,"gold_loss":0.0,"damage_taken":0.0,"cards_obtained":["champ:EnragedBash"]}],"is_beta":false,"boss_relics":[{"not_picked":["Fusion Hammer","construct:WeddingRing"],"picked":"champ:ChampionCrownUpgraded"},{"not_picked":["Coffee Dripper","Runic Dome"],"picked":"construct:ClawGrip"}],"items_purged_floors":[47],"is_endless":false,"potions_floor_spawned":[4,11,15,16,21,23,30,31,32,33,43,46,49],"ascension_level":0}}