{"host":"li2oyy8xcjugrjw6","time":1608270712,"event":{"mods":["AchievementEnabler","BaseMod","Colored Map","Minty Spire (QoL Compilation)","Permanent Neow","Replay The Spire","StSLib"],"gold_per_floor":[110,35,50,125,24,24,58,58,103,178,190,190,190,205,205,205,205],"floor_reached":16,"playtime":763,"items_purged":["Defend_G"],"score":147,"play_id":"739f91b7-33a5-4aee-8cac-edadd0d15d4b","local_time":"20201217215152","is_ascension_mode":true,"campfire_choices":[{"data":"Neutralize","floor":6,"key":"SMITH"},{"data":"Noxious Fumes","floor":8,"key":"SMITH"},{"floor":12,"key":"REST"},{"data":"Noxious Fumes","floor":15,"key":"SMITH"}],"circlet_count":0,"master_deck":["AscendersBane","Strike_G","Strike_G","Strike_G","Strike_G","Defend_G","Defend_G","Defend_G","Defend_G","Survivor","Neutralize+1","Noxious Fumes+1","Hidden Blade","Noxious Fumes+1","Footwork","Sucker Punch","PiercingWail"],"relics":["Ring of the Snake","Potion Belt","Happy Flower","Strawberry"],"acts_visited":["Exordium"],"potions_floor_usage":[16],"damage_taken":[{"damage":1.0,"enemies":"2 Louse","floor":1.0,"turns":3.0},{"damage":4.0,"enemies":"Cultist","floor":3.0,"turns":5.0},{"damage":46,"enemies":"Lagavulin","floor":7,"turns":7},{"damage":0,"enemies":"Jaw Worm","floor":11,"turns":4},{"damage":0,"enemies":"Blue Slaver","floor":14,"turns":5},{"damage":32,"enemies":"Fading Forest","floor":16,"turns":7}],"seed_played":"578423473972372853","potions_obtained":[{"floor":11,"key":"SpeedPotion"}],"is_trial":false,"path_per_floor":["M","$","M","?","$","R","E","R","T","?","M","R","?","M","R","B"],"character_chosen":"THE_SILENT","items_purchased":["PowerPotion","Dexterity Potion"],"campfire_rested":1,"item_purchase_floors":[5,5],"current_hp_per_floor":[62,62,58,51,51,51,5,5,12,1,1,24,24,24,24,0,0],"gold":205,"neow_bonus":"RANDOM_COMMON_RELIC","is_daily":false,"chose_seed":false,"campfire_upgraded":3,"win_rate":0.0,"timestamp":1608270712,"path_taken":["M","$","M","?","?","R","E","R","T","?","?","R","?","M","R","BOSS"],"items_purchased_type":["Potion","Potion"],"build_version":"2020-12-13","purchased_purges":1,"victory":false,"max_hp_per_floor":[70,70,70,70,70,70,70,70,77,77,77,77,77,77,77,77,77],"card_choices":[{"not_picked":["Deflect","Blade Dance"],"picked":"Noxious Fumes","floor":1.0},{"not_picked":["Outmaneuver","Flying Knee"],"picked":"Hidden Blade","floor":3.0},{"not_picked":["Deflect","ReplayTheSpireMod:Shiv Toss"],"picked":"Noxious Fumes","floor":7},{"not_picked":["Slice","Backflip"],"picked":"Footwork","floor":11},{"not_picked":["Endless Agony","Deflect"],"picked":"PiercingWail","floor":14}],"player_experience":923995,"relics_obtained":[{"floor":7,"key":"Happy Flower"},{"floor":9,"key":"Strawberry"}],"event_choices":[{"damage_healed":0,"gold_gain":75,"player_choice":"Touch","damage_taken":7,"max_hp_gain":0,"max_hp_loss":0,"event_name":"FaceTrader","floor":4,"gold_loss":0},{"damage_healed":0,"gold_gain":75,"player_choice":"Gather Gold","damage_taken":11,"max_hp_gain":0,"max_hp_loss":0,"event_name":"World of Goop","floor":10,"gold_loss":0},{"damage_healed":0,"gold_gain":0,"cards_transformed":["Strike_G"],"player_choice":"Transformed","damage_taken":0,"max_hp_gain":0,"max_hp_loss":0,"event_name":"Transmorgrifier","floor":13,"gold_loss":0,"cards_obtained":["Sucker Punch"]}],"is_beta":false,"boss_relics":[],"items_purged_floors":[2],"is_endless":false,"potions_floor_spawned":[11],"killed_by":"Fading Forest","ascension_level":10}}