{"host":"00yob6u0fiu7ehgs","time":1608317857,"event":{"mods":["Act Like it!","Art Attack!","BaseMod","Chen","Colored Powertips","Duelist Mod","Elementarium","Gensokyo","GifTheSpireLib","Jorbs\u0027s Wanderer Trilogy","Koishi","Marisa????????","Minty Spire (QoL Compilation)","Rare Cards Sparkle","Reimu??????","Remilia??????","Replay The Spire","StSLib","The Alterego","The Cursed","The Forsaken","The Servant 0.9.4","Wandering Minibosses"],"gold_per_floor":[116,134,161,161,161,186,201,201,201],"floor_reached":8,"playtime":324,"items_purged":[],"score":85,"play_id":"d4ea799a-413b-4673-9ded-f67873788daa","local_time":"20201218115737","is_ascension_mode":true,"campfire_choices":[],"circlet_count":0,"master_deck":["Strike_Lin:ReiMu","Strike_Lin:ReiMu","Strike_Lin:ReiMu","Strike_Lin:ReiMu","Defend_Lin:ReiMu","Defend_Lin:ReiMu+1","Defend_Lin:ReiMu","Defend_Lin:ReiMu","NB:ReiMu","Stagnation:ReiMu","Meditation:ReiMu","Intuition:ReiMu","CleanRite:ReiMu"],"relics":["FlyPower:ReiMu","NeowsBlessing","Mastiff:ReiMu","BodyOfKamiR:ReiMu"],"acts_visited":["Exordium"],"potions_floor_usage":[],"damage_taken":[{"damage":0,"enemies":"Cultist","floor":1,"turns":1},{"damage":0,"enemies":"2 Louse","floor":2,"turns":1},{"damage":0,"enemies":"Gremlin Nob","floor":6,"turns":1},{"damage":5,"enemies":"Small Slimes","floor":7,"turns":5},{"damage":60,"enemies":"3 Sentries","floor":8,"turns":7}],"seed_played":"-7904691413606006286","potions_obtained":[{"floor":6,"key":"SpeedPotion"}],"is_trial":false,"path_per_floor":["M","M","T","?","?","E","M","E"],"character_chosen":"REIMU","items_purchased":[],"campfire_rested":0,"item_purchase_floors":[],"current_hp_per_floor":[65,65,65,65,65,65,60,0,0],"gold":201,"neow_bonus":"THREE_ENEMY_KILL","is_daily":false,"chose_seed":false,"campfire_upgraded":0,"win_rate":0.0,"timestamp":1608317857,"path_taken":["M","M","?","?","?","E","M","E"],"items_purchased_type":[],"build_version":"2020-12-13","purchased_purges":0,"victory":false,"max_hp_per_floor":[65,65,65,65,65,65,65,65,65],"card_choices":[{"not_picked":["AlertArray:ReiMu","AirStrike:ReiMu"],"picked":"Meditation:ReiMu","floor":1},{"not_picked":["SubcavityInstant:ReiMu","WonderfulDomain:ReiMu"],"picked":"Intuition:ReiMu","floor":2},{"not_picked":["AlertArray:ReiMu","CollectionFlower2:ReiMu"],"picked":"CleanRite:ReiMu","floor":6},{"not_picked":["AlertArray:ReiMu","Conquer:ReiMu","WonderfulDomain:ReiMu"],"picked":"SKIP","floor":7}],"player_experience":357599,"relics_obtained":[{"floor":3,"key":"Mastiff:ReiMu"},{"floor":6,"key":"BodyOfKamiR:ReiMu"}],"event_choices":[],"is_beta":false,"boss_relics":[],"items_purged_floors":[],"is_endless":false,"potions_floor_spawned":[6],"killed_by":"3 Sentries","ascension_level":1}}