{"host":"5ezk7t18wcb10u1o","time":1608298814,"event":{"mods":["BaseMod","Bestiary","Colored Powertips","Minty Spire (QoL Compilation)","Relic Sorter"],"gold_per_floor":[109,109,121,86,96,96,131,131,131,164,179,196,196,213,213,290,290,308,325,7,24,44,44,44,44,91,117,129,141,167,92,92,165,165,182,202,227,272,291,291,302,302,328,328,355,1,35,54,54,54],"floor_reached":51,"playtime":4789,"items_purged":["Defend_B","Strike_B"],"score":1337,"play_id":"7ec33d6a-e1c1-48c9-97a4-c5457a44e98c","local_time":"20201218134014","is_ascension_mode":true,"campfire_choices":[{"data":"Zap","floor":6.0,"key":"SMITH"},{"data":"Dualcast","floor":8.0,"key":"SMITH"},{"data":"Conserve Battery","floor":13.0,"key":"SMITH"},{"data":"Capacitor","floor":15.0,"key":"SMITH"},{"floor":23.0,"key":"REST"},{"data":"Leap","floor":25.0,"key":"SMITH"},{"floor":32.0,"key":"REST"},{"floor":40.0,"key":"REST"},{"data":"Go for the Eyes","floor":42.0,"key":"SMITH"},{"floor":44.0,"key":"REST"},{"floor":49,"key":"REST"}],"circlet_count":0,"master_deck":["AscendersBane","Strike_B","Strike_B","Defend_B","Defend_B","Defend_B","Zap+1","Dualcast+1","Ball Lightning","Chill","Lockon","Capacitor+1","Conserve Battery+1","Coolheaded","Cold Snap","Seek","CurseOfTheBell","Darkness+1","Cold Snap+1","Leap+1","Melter","Sweeping Beam","Barrage","Stack","Echo Form","Machine Learning","Sunder","Beam Cell+1","Stack","Go for the Eyes","Go for the Eyes+1","Coolheaded+1","Loop","Coolheaded+1","Force Field","Steam+1","Seek"],"relics":["Cracked Core","Blood Vial","White Beast Statue","DataDisk","Calling Bell","Anchor","Shuriken","Lizard Tail","Ice Cream","MutagenicStrength","Toy Ornithopter","Red Mask","Centennial Puzzle","Nuclear Battery","Pocketwatch","Dream Catcher","Ancient Tea Set","DollysMirror","Nunchaku"],"acts_visited":["Exordium","TheCity","TheBeyond"],"potions_floor_usage":[47,50,50],"damage_taken":[{"damage":0.0,"enemies":"Small Slimes","floor":1.0,"turns":3.0},{"damage":4.0,"enemies":"Jaw Worm","floor":3.0,"turns":3.0},{"damage":0.0,"enemies":"2 Louse","floor":5.0,"turns":2.0},{"damage":13.0,"enemies":"Lagavulin","floor":7.0,"turns":5.0},{"damage":23.0,"enemies":"3 Sentries","floor":10.0,"turns":7.0},{"damage":0.0,"enemies":"Large Slime","floor":11.0,"turns":1.0},{"damage":0.0,"enemies":"Exordium Wildlife","floor":12.0,"turns":3.0},{"damage":5.0,"enemies":"Blue Slaver","floor":14.0,"turns":3.0},{"damage":0.0,"enemies":"Slime Boss","floor":16.0,"turns":5.0},{"damage":18.0,"enemies":"Chosen","floor":18.0,"turns":5.0},{"damage":8.0,"enemies":"3 Byrds","floor":19.0,"turns":6.0},{"damage":41.0,"enemies":"Cultist and Chosen","floor":21.0,"turns":8.0},{"damage":24.0,"enemies":"Snecko","floor":22.0,"turns":7.0},{"damage":33.0,"enemies":"Masked Bandits","floor":27.0,"turns":7.0},{"damage":12.0,"enemies":"Chosen and Byrds","floor":28.0,"turns":7.0},{"damage":6.0,"enemies":"Centurion and Healer","floor":29.0,"turns":8.0},{"damage":9.0,"enemies":"Slavers","floor":30.0,"turns":6.0},{"damage":38.0,"enemies":"Collector","floor":33.0,"turns":9.0},{"damage":0.0,"enemies":"Orb Walker","floor":35.0,"turns":3.0},{"damage":0.0,"enemies":"3 Shapes","floor":36.0,"turns":3.0},{"damage":0.0,"enemies":"Mind Bloom Boss Battle","floor":37.0,"turns":5.0},{"damage":73.0,"enemies":"2 Orb Walkers","floor":38.0,"turns":6.0},{"damage":7.0,"enemies":"Transient","floor":39.0,"turns":6.0},{"damage":7.0,"enemies":"Writhing Mass","floor":41.0,"turns":5.0},{"damage":21,"enemies":"Reptomancer","floor":47,"turns":7},{"damage":6,"enemies":"3 Darklings","floor":48,"turns":5},{"damage":9,"enemies":"Donu and Deca","floor":50,"turns":7}],"seed_played":"8149832993563780158","potions_obtained":[{"floor":3.0,"key":"Weak Potion"},{"floor":7.0,"key":"SteroidPotion"},{"floor":10.0,"key":"Fire Potion"},{"floor":11.0,"key":"PowerPotion"},{"floor":12.0,"key":"BlessingOfTheForge"},{"floor":14.0,"key":"Explosive Potion"},{"floor":16.0,"key":"PotionOfCapacity"},{"floor":18.0,"key":"Swift Potion"},{"floor":19.0,"key":"SpeedPotion"},{"floor":21.0,"key":"Swift Potion"},{"floor":22.0,"key":"Strength Potion"},{"floor":27.0,"key":"SmokeBomb"},{"floor":28.0,"key":"FocusPotion"},{"floor":29.0,"key":"Dexterity Potion"},{"floor":30.0,"key":"Ancient Potion"},{"floor":33.0,"key":"EssenceOfSteel"},{"floor":35.0,"key":"Block Potion"},{"floor":36.0,"key":"Dexterity Potion"},{"floor":37.0,"key":"Ancient Potion"},{"floor":38.0,"key":"SneckoOil"},{"floor":39.0,"key":"FocusPotion"},{"floor":41.0,"key":"LiquidBronze"},{"floor":47,"key":"AttackPotion"},{"floor":48,"key":"PowerPotion"}],"is_trial":false,"path_per_floor":["M","?","M","?","M","R","E","R","T","E","M","M","R","M","R","B",null,"M","M","$","M","M","R","?","R","T","?","M","M","E","$","R","B",null,"M","M","?","?","M","R","M","R","T","R","T","$","E","M","R","B",null],"character_chosen":"DEFECT","items_purchased":["Ice Cream","Loop","DollysMirror"],"campfire_rested":5,"item_purchase_floors":[20,46,46],"current_hp_per_floor":[71,64,60,78,78,78,65,65,65,44,46,48,48,45,45,47,70,54,48,48,9,38,61,61,61,61,30,25,26,24,24,47,16,63,65,67,78,10,10,33,33,33,33,56,56,56,42,38,61,64],"gold":54,"neow_bonus":"TEN_PERCENT_HP_BONUS","is_daily":false,"chose_seed":false,"campfire_upgraded":6,"win_rate":0.0,"timestamp":1608298814,"path_taken":["M","?","M","?","M","R","E","R","T","E","M","M","R","M","R","BOSS","M","M","$","M","M","R","?","R","T","?","M","M","E","?","R","BOSS","M","M","?","?","M","R","M","R","T","R","?","$","E","M","R","BOSS"],"items_purchased_type":["Relic","Card","Relic"],"build_version":"2020-12-13","purchased_purges":2,"victory":true,"max_hp_per_floor":[78,78,78,78,78,78,78,78,78,78,78,78,78,78,78,78,78,78,78,78,78,78,78,78,78,78,78,78,78,78,78,78,78,78,78,78,78,78,78,78,78,78,78,78,78,78,78,78,78,78],"card_choices":[{"not_picked":["Compile Driver","Hologram"],"picked":"Ball Lightning","floor":1.0},{"not_picked":["Chaos","Consume","Heatsinks"],"picked":"SKIP","floor":3.0},{"not_picked":["Chaos","Hologram"],"picked":"Chill","floor":5.0},{"not_picked":["Creative AI","Chill"],"picked":"Lockon","floor":7.0},{"not_picked":["Steam Power","Conserve Battery"],"picked":"Capacitor","floor":10.0},{"not_picked":["Storm","Steam Power"],"picked":"Conserve Battery","floor":11.0},{"not_picked":["Rip and Tear","Chaos"],"picked":"Coolheaded","floor":12.0},{"not_picked":["Rebound","Barrage"],"picked":"Cold Snap","floor":14.0},{"not_picked":["Multi-Cast","Fission"],"picked":"Seek","floor":16.0},{"not_picked":["Force Field","Recycle"],"picked":"Darkness+1","floor":18.0},{"not_picked":["Conserve Battery","Skim"],"picked":"Cold Snap+1","floor":19.0},{"not_picked":["Cold Snap","Beam Cell"],"picked":"Leap","floor":21.0},{"not_picked":["Seek","Leap"],"picked":"Melter","floor":22.0},{"not_picked":["Heatsinks","Force Field"],"picked":"Sweeping Beam","floor":27.0},{"not_picked":["Stack","Leap"],"picked":"Barrage","floor":28.0},{"not_picked":["Undo","Leap"],"picked":"Stack","floor":29.0},{"not_picked":["Consume","Tempest"],"picked":"Echo Form","floor":30.0},{"not_picked":["Hyperbeam","Creative AI"],"picked":"Machine Learning","floor":33.0},{"not_picked":["Genetic Algorithm","Coolheaded"],"picked":"Sunder","floor":35.0},{"not_picked":["Hologram","Glacier+1"],"picked":"Beam Cell+1","floor":36.0},{"not_picked":["Cold Snap","Gash"],"picked":"Stack","floor":38.0},{"not_picked":["Hologram","Cold Snap"],"picked":"Go for the Eyes","floor":39.0},{"not_picked":["Undo+1","Consume"],"picked":"Go for the Eyes","floor":41.0},{"not_picked":["Chaos","Beam Cell"],"picked":"Coolheaded+1","floor":44.0},{"not_picked":["Heatsinks","Rip and Tear"],"picked":"Force Field","floor":47},{"not_picked":["Leap","Streamline"],"picked":"Steam+1","floor":48},{"not_picked":["Skim","Tempest+1"],"picked":"Seek","floor":49}],"player_experience":1043693,"relics_obtained":[{"floor":7.0,"key":"Blood Vial"},{"floor":9.0,"key":"White Beast Statue"},{"floor":10.0,"key":"DataDisk"},{"floor":17.0,"key":"Anchor"},{"floor":17.0,"key":"Shuriken"},{"floor":17.0,"key":"Lizard Tail"},{"floor":26.0,"key":"Toy Ornithopter"},{"floor":27.0,"key":"Red Mask"},{"floor":30.0,"key":"Centennial Puzzle"},{"floor":38.0,"key":"Pocketwatch"},{"floor":43.0,"key":"Dream Catcher"},{"floor":45.0,"key":"Ancient Tea Set"},{"floor":47,"key":"Nunchaku"}],"event_choices":[{"cards_removed":["Strike_B"],"damage_healed":0.0,"max_hp_gain":0.0,"max_hp_loss":0.0,"gold_gain":0.0,"event_name":"Golden Wing","player_choice":"Card Removal","floor":2.0,"gold_loss":0.0,"damage_taken":7.0},{"damage_healed":19.0,"max_hp_gain":0.0,"max_hp_loss":0.0,"gold_gain":0.0,"event_name":"The Cleric","player_choice":"Healed","floor":4.0,"gold_loss":35.0,"damage_taken":0.0},{"damage_healed":0.0,"max_hp_gain":0.0,"max_hp_loss":0.0,"gold_gain":0.0,"event_name":"Drug Dealer","player_choice":"Inject Mutagens","floor":24.0,"gold_loss":0.0,"damage_taken":0.0,"relics_obtained":["MutagenicStrength"]},{"damage_healed":0.0,"max_hp_gain":0.0,"max_hp_loss":0.0,"gold_gain":0.0,"event_name":"Masked Bandits","player_choice":"Fought Bandits","floor":27.0,"gold_loss":0.0,"damage_taken":0.0},{"damage_healed":0.0,"max_hp_gain":0.0,"max_hp_loss":0.0,"gold_gain":0.0,"event_name":"MindBloom","player_choice":"Fight","floor":37.0,"gold_loss":0.0,"damage_taken":0.0},{"damage_healed":0.0,"max_hp_gain":0.0,"max_hp_loss":0.0,"gold_gain":0.0,"event_name":"Mysterious Sphere","player_choice":"Fight","floor":38.0,"gold_loss":0.0,"damage_taken":0.0}],"is_beta":false,"boss_relics":[{"not_picked":["Runic Pyramid","Philosopher\u0027s Stone"],"picked":"Calling Bell"},{"not_picked":["Inserter","Cursed Key"],"picked":"Nuclear Battery"}],"items_purged_floors":[31,46],"is_endless":false,"potions_floor_spawned":[3,7,10,11,12,14,16,18,19,21,22,27,28,29,30,33,35,36,37,38,39,41,47,48],"ascension_level":17}}