{"host":"d61vkvf8c80cu18y","time":1608273412,"event":{"mods":["2.2 Compatiblity","AchievementEnabler","AlwaysNeverKeys","Aspiration","BaseMod","Better Altar","Better Note","Better Sensory Stone","Better Skull","Better Third Choice","BetterRewards","Challenge The Spire","Conspire","Custom Start","Energized Spire","GifTheSpireLib","Hermit","Highlight Path","Hubris","Infinite Spire","Ironclad Rager","Marked Mod","Minty Spire (QoL Compilation)","Quick Restart","Rare Cards Sparkle","Relic Filter","Replay The Spire","Retaliation","Shade Mod","Shop Mod","Spicy Shops","Spikes Relics","StSLib","Stuff the Spire","The Blue Laboratory","The Cursed","The Runesmith","The Sage","The Servant 0.9.4","TheVacant","Thieving Mod","Virulent Crown","thorton"],"gold_per_floor":[113,128,176,176,78,78,90,90,172,187,199,43,43,18,18,114,114,133,148,148,165,165,200,211,211,260,295,315,29,29,57,57,160,160,179,290,176,276,296,330,330,343,366,366,416,431,465,483,483,483,483,483,483,518,518],"floor_reached":56,"playtime":3961,"items_purged":["Regret","Shame"],"score":1605,"play_id":"57fd9755-fd60-4e13-b4a9-2c31515fee51","local_time":"20201218003652","is_ascension_mode":false,"campfire_choices":[{"floor":6.0,"key":"REST"},{"data":"Shade:SensePrey","floor":8.0,"key":"SMITH"},{"data":"Shade:SpectralStrikes","floor":13.0,"key":"SMITH"},{"data":"Shade:TouchOfTheGrave","floor":15.0,"key":"SMITH"},{"data":"Shade:SensePrey","floor":25.0,"key":"SMITH"},{"data":"Shade:Frenzy","floor":30.0,"key":"SMITH"},{"data":"Shade:CommandSoldier","floor":32.0,"key":"SMITH"},{"data":"Shade:SpectralStrikes","floor":41.0,"key":"SMITH"},{"data":"Shade:SensePrey","floor":49.0,"key":"SMITH"},{"data":"Shade:OpenGraves","floor":52,"key":"SMITH"}],"circlet_count":0,"master_deck":["Shade:Strike_Shade","Shade:Strike_Shade","Shade:Strike_Shade","Shade:Strike_Shade","Shade:Defend_Shade","Shade:Defend_Shade","Shade:Defend_Shade","Shade:AnimateDead","Shade:CarefulCut","Shade:Frenzy+1","Shade:CommandSoldier+1","Shade:SpectralStrikes+1","Shade:FeralStrike","Shade:FeralStrike","Shade:FeralStrike","Shade:SensePrey+1","Shade:SensePrey+1","Shade:FeralStrike","Shade:ScuttlingHand+1","Shade:FeralStrike+1","Shade:TouchOfTheGrave+1","Shade:OpenGraves","Shade:OpenGraves+1","ReplayTheSpireMod:Private Reserves","Shade:ExtraLimbs","Shade:SensePrey+1","Shade:AuraOfUnlife+1","Shade:SensePrey+1","Shade:SpectralStrikes+1","Shade:FeralStrike+1"],"relics":["Shade:YorickSkull","Sling","Blue Doll","Replay:Wax Seal","SnailShell","hubris:TenFootPole","StuffTheSpire:RedRose","SpikesRelics:ToyHorsey","ReplayTheSpireMod:CursedCoin","Black Star","MealTicket","Potion Belt","Dream Catcher","Replay:WaspNest","Strawberry","Replay:Rubber Ducky","Matryoshka","Ring of Chaos","Gremlin Food","hubris:BottledRain","Blood Vial","StuffTheSpire:ForceGauntlet","StuffTheSpire:NeowsTribute","Whetstone","Bag of Marbles","StuffTheSpire:HeavyRock","aspiration:FetidBarrel"],"acts_visited":["Exordium","TheCity","TheBeyond","TheEnding"],"potions_floor_usage":[50,55,55,55,55],"damage_taken":[{"damage":0.0,"enemies":"Cultist","floor":1.0,"turns":2.0},{"damage":0.0,"enemies":"Small Slimes","floor":2.0,"turns":2.0},{"damage":2.0,"enemies":"Jaw Worm","floor":7.0,"turns":2.0},{"damage":0.0,"enemies":"Large Slime","floor":10.0,"turns":3.0},{"damage":1.0,"enemies":"Exordium Wildlife","floor":11.0,"turns":2.0},{"damage":23.0,"enemies":"The Guardian","floor":16.0,"turns":4.0},{"damage":0.0,"enemies":"3 Byrds","floor":18.0,"turns":3.0},{"damage":0.0,"enemies":"conspire:FuzzyDice","floor":19.0,"turns":3.0},{"damage":0.0,"enemies":"3 Cultists","floor":21.0,"turns":3.0},{"damage":0.0,"enemies":"Nightmare","floor":23.0,"turns":5.0},{"damage":1.0,"enemies":"Centurion and Healer","floor":24.0,"turns":3.0},{"damage":0.0,"enemies":"Gremlin Leader","floor":27.0,"turns":3.0},{"damage":0.0,"enemies":"Snecko","floor":28.0,"turns":3.0},{"damage":0.0,"enemies":"Slavers","floor":31.0,"turns":2.0},{"damage":0.0,"enemies":"Automaton","floor":33.0,"turns":5.0},{"damage":0.0,"enemies":"3 Darklings","floor":35.0,"turns":3.0},{"damage":0.0,"enemies":"Orb Walker","floor":39.0,"turns":2.0},{"damage":0.0,"enemies":"R_Hoarder","floor":40.0,"turns":4.0},{"damage":0.0,"enemies":"Sphere and 2 Shapes","floor":42.0,"turns":2.0},{"damage":7.0,"enemies":"Mind Bloom Boss Battle","floor":45.0,"turns":4.0},{"damage":0.0,"enemies":"3 Darklings","floor":46.0,"turns":2.0},{"damage":0.0,"enemies":"Reptomancer","floor":47.0,"turns":3.0},{"damage":0.0,"enemies":"Spire Growth","floor":48.0,"turns":3.0},{"damage":0,"enemies":"infinitespire:MassOfShapes","floor":50,"turns":6},{"damage":0,"enemies":"Shield and Spear","floor":54,"turns":3},{"damage":83,"enemies":"The Heart","floor":55,"turns":6}],"seed_played":"2575547405393618841","potions_obtained":[{"floor":1.0,"key":"blueLaboratory:BottleOfRum"},{"floor":2.0,"key":"Languid Potion"},{"floor":10.0,"key":"Toxic Potion"},{"floor":24.0,"key":"blueLaboratory:RememoryPotion"},{"floor":27.0,"key":"LiquidBronze"},{"floor":28.0,"key":"Reflective Coating"},{"floor":31.0,"key":"BlessingOfTheForge"},{"floor":36.0,"key":"conspire:TimeTravelPotion"},{"floor":46.0,"key":"blueLaboratory:BottleOfRum"}],"is_trial":false,"path_per_floor":["M","M","T","?","$","R","M","R","T","M","M","$","R","$","R","B",null,"M","M","AVR","M","?","NM","M","R","T","E","M","$","R","E","R","B",null,"M","?","$","?","M","E","R","M","T","?","?","M","E","M","R","B",null,"R","$","E","B",null],"character_chosen":"SHADE","items_purchased":["Shade:Frenzy","Shade:CommandSoldier","Sling","Blue Doll","Shade:SpectralStrikes","Shade:FeralStrike","Replay:Wax Seal","SnailShell","Shade:SensePrey+1","Shade:FeralStrike","Shade:OpenGraves","ReplayTheSpireMod:Private Reserves","ReplayTheSpireMod:CursedCoin","blueLaboratory:FruitPreserves","Shade:SpectralStrikes"],"campfire_rested":1,"item_purchase_floors":[0,0,0,0,0,0,0,0,5,5,12,12,14,29,37],"current_hp_per_floor":[34,34,34,34,34,53,51,51,51,51,50,50,50,50,50,27,65,65,65,65,65,65,65,64,64,64,71,71,72,72,72,72,72,72,72,63,72,72,72,72,72,72,72,72,65,67,69,71,71,72,72,72,72,72,54],"gold":518,"neow_bonus":"","is_daily":false,"chose_seed":false,"campfire_upgraded":9,"win_rate":0.0,"timestamp":1608273412,"path_taken":["M","M","?","?","$","R","M","R","T","M","M","?","R","$","R","BOSS","M","M","AVR","M","?","NM","M","R","T","E","M","$","R","E","R","BOSS","M","?","$","?","?","E","R","M","T","?","?","M","E","M","R","BOSS","R","$","E","BOSS"],"items_purchased_type":["Card","Card","Relic","Relic","Card","Card","Relic","Relic","Card","Card","Card","Card","Relic","Potion","Card"],"build_version":"2020-12-13","purchased_purges":2,"victory":true,"max_hp_per_floor":[65,65,65,65,65,65,65,65,65,65,65,65,65,65,65,65,65,65,65,65,65,65,65,65,65,65,72,72,72,72,72,72,72,72,72,72,72,72,72,72,72,72,72,72,72,72,72,72,72,72,72,72,72,72,72],"card_choices":[{"not_picked":["Shade:OpenGraves","Shade:ExtraLimbs"],"picked":"Shade:FeralStrike","floor":1.0},{"not_picked":["Shade:FingerOfDeath","Shade:BoneShards"],"picked":"Shade:SensePrey","floor":2.0},{"not_picked":["Shade:BoneShards","Shade:StitchTogether"],"picked":"Shade:ScuttlingHand","floor":7.0},{"not_picked":["Shade:AuraOfUnlife","Shade:WallOfFlesh"],"picked":"Shade:FeralStrike","floor":10.0},{"not_picked":["Shade:CallOfTheGrave","Shade:GreyBargain"],"picked":"Shade:TouchOfTheGrave","floor":11.0},{"not_picked":["Shade:CoffinDance","Shade:AncientSpear"],"picked":"Shade:ExtraLimbs","floor":18.0},{"not_picked":["Shade:GoDigging","Shade:FingerOfDeath"],"picked":"Shade:SensePrey","floor":19.0},{"not_picked":["Shade:RavenousHorde+1","Shade:ClawBack+1","Shade:CommandSoldier+1"],"picked":"SKIP","floor":21.0},{"not_picked":["Shade:CommandSoldier+1","Shade:LoseControl","Shade:GraveStillness+1"],"picked":"SKIP","floor":23.0},{"not_picked":["Shade:AblativeArmor","Shade:Brains","Shade:CommandSoldier"],"picked":"SKIP","floor":24.0},{"not_picked":["Shade:Brains","Shade:FingerOfDeath","Shade:FeralStrike"],"picked":"SKIP","floor":27.0},{"not_picked":["Shade:Premonition","Shade:GreyBargain+1","Shade:AncientSpear+1"],"picked":"SKIP","floor":28.0},{"not_picked":["Shade:GoDigging","Shade:CommandSoldier"],"picked":"Shade:AuraOfUnlife+1","floor":31.0},{"not_picked":["Shade:FuneraryArmor","Shade:AncientSpear+1","Shade:PoundOfFlesh"],"picked":"SKIP","floor":35.0},{"not_picked":["Shade:Trample+1","Shade:FuneraryArmor+1"],"picked":"Shade:SensePrey","floor":36.0},{"not_picked":["Shade:FleshToFlesh","Shade:FuneraryArmor"],"picked":"Shade:FeralStrike+1","floor":39.0},{"not_picked":["Shade:Coordination","Shade:OpenGraves+1","Shade:ClawBack+1"],"picked":"SKIP","floor":40.0},{"not_picked":["Shade:FuneraryArmor","Shade:SkeletonArmy+1","Shade:GreyBargain"],"picked":"SKIP","floor":42.0},{"not_picked":["Shade:PotionOfRestlessness+1","Shade:FleshLikeOak","Shade:CloudOfShrapnel"],"picked":"SKIP","floor":46.0},{"not_picked":["Shade:PotionOfRestlessness+1","Shade:FleshLikeOak","Shade:CloudOfShrapnel"],"picked":"SKIP","floor":46.0},{"not_picked":["Shade:CoffinDance","Shade:AuraOfUnlife","Shade:Premonition+1"],"picked":"SKIP","floor":47.0},{"not_picked":["Shade:Premonition+1","Shade:PoundOfFlesh+1","Shade:AncientSpear"],"picked":"SKIP","floor":48.0},{"not_picked":["Shade:Doomsay","Shade:CoffinDance","Shade:BoneShards+1"],"picked":"SKIP","floor":54}],"player_experience":375117,"relics_obtained":[{"floor":3.0,"key":"hubris:TenFootPole"},{"floor":9.0,"key":"SpikesRelics:ToyHorsey"},{"floor":23.0,"key":"MealTicket"},{"floor":23.0,"key":"Potion Belt"},{"floor":26.0,"key":"Dream Catcher"},{"floor":27.0,"key":"Replay:WaspNest"},{"floor":27.0,"key":"Strawberry"},{"floor":31.0,"key":"Replay:Rubber Ducky"},{"floor":31.0,"key":"Matryoshka"},{"floor":36.0,"key":"Gremlin Food"},{"floor":40.0,"key":"hubris:BottledRain"},{"floor":43.0,"key":"Blood Vial"},{"floor":43.0,"key":"StuffTheSpire:ForceGauntlet"},{"floor":45.0,"key":"StuffTheSpire:NeowsTribute"},{"floor":47.0,"key":"Whetstone"},{"floor":47.0,"key":"Bag of Marbles"},{"floor":54,"key":"StuffTheSpire:HeavyRock"},{"floor":54,"key":"aspiration:FetidBarrel"}],"event_choices":[{"cards_removed":["Shade:Defend_Shade"],"damage_healed":0.0,"max_hp_gain":0.0,"max_hp_loss":0.0,"gold_gain":0.0,"event_name":"Wheel of Change","player_choice":"Card Removal","floor":22.0,"gold_loss":0.0,"damage_taken":0.0},{"damage_healed":0.0,"max_hp_gain":0.0,"max_hp_loss":0.0,"gold_gain":100.0,"event_name":"Golden Shrine","player_choice":"Pray","floor":38.0,"gold_loss":0.0,"damage_taken":0.0},{"damage_healed":0.0,"max_hp_gain":0.0,"max_hp_loss":0.0,"gold_gain":0.0,"event_name":"Tomb of Lord Red Mask","player_choice":"Ignored","floor":44.0,"gold_loss":0.0,"damage_taken":0.0},{"damage_healed":0.0,"max_hp_gain":0.0,"max_hp_loss":0.0,"gold_gain":0.0,"event_name":"MindBloom","player_choice":"Fight","floor":45.0,"gold_loss":0.0,"damage_taken":0.0}],"is_beta":false,"boss_relics":[{"not_picked":["ReplayTheSpireMod:SealedPack","Velvet Choker","Runesmith:UraniumAnvil"]},{"not_picked":["Painkiller Herb","aspiration:SilentSkillbook"],"picked":"Ring of Chaos"}],"items_purged_floors":[14,14],"is_endless":false,"potions_floor_spawned":[1,2,10,24,27,28,31,39,40,42,46],"ascension_level":0}}