{"host":"l4kdldlios54gl54","time":1608277960,"event":{"mods":["AchievementEnabler","BaseMod","Colored Map","Colored Powertips","Minty Spire (QoL Compilation)","Random Character Button"],"gold_per_floor":[119,138,158,53,53,92,92,6,31,31,69,93,112,131,131,225,225,245,160,33,54,54,54,54,54,79,100,100,100,100,119,119,119,119],"floor_reached":33,"playtime":1259,"items_purged":["Strike_G","Strike_G"],"score":497,"play_id":"01c8a0bd-d54a-4a5b-a162-9f41b8179904","local_time":"20201218085240","is_ascension_mode":true,"campfire_choices":[{"data":"Poisoned Stab","floor":7,"key":"SMITH"},{"data":"Dagger Throw","floor":10,"key":"SMITH"},{"floor":15,"key":"REST"},{"data":"Footwork","floor":23,"key":"SMITH"},{"data":"Noxious Fumes","floor":25,"key":"SMITH"},{"floor":30,"key":"REST"},{"data":"Caltrops","floor":32,"key":"SMITH"}],"circlet_count":0,"master_deck":["AscendersBane","Strike_G","Defend_G","Defend_G","Defend_G","Defend_G","Defend_G","Survivor","Neutralize","Endless Agony","Dagger Spray","Dagger Throw+1","Poisoned Stab+1","Dodge and Roll","Noxious Fumes+1","Footwork+1","Dodge and Roll","Leg Sweep","Prepared","Venomology","Dodge and Roll+1","Caltrops+1"],"relics":["Ring of the Snake","Bag of Preparation","Golden Idol","Happy Flower","Smiling Mask","Oddly Smooth Stone","Sozu","Bag of Marbles","Tiny Chest","Bottled Tornado"],"acts_visited":["Exordium","TheCity"],"potions_floor_usage":[3,11,11,16],"damage_taken":[{"damage":0,"enemies":"Small Slimes","floor":1,"turns":4},{"damage":0,"enemies":"2 Louse","floor":2,"turns":3},{"damage":1,"enemies":"Jaw Worm","floor":3,"turns":2},{"damage":24,"enemies":"3 Sentries","floor":6,"turns":9},{"damage":4,"enemies":"Gremlin Nob","floor":11,"turns":3},{"damage":13,"enemies":"Large Slime","floor":12,"turns":7},{"damage":0,"enemies":"3 Louse","floor":13,"turns":4},{"damage":1,"enemies":"Blue Slaver","floor":14,"turns":4},{"damage":28,"enemies":"Hexaghost","floor":16,"turns":12},{"damage":26,"enemies":"Chosen","floor":18,"turns":6},{"damage":0,"enemies":"Shell Parasite","floor":21,"turns":7},{"damage":0,"enemies":"Centurion and Healer","floor":27,"turns":8},{"damage":0,"enemies":"Snake Plant","floor":31,"turns":6},{"damage":48,"enemies":"Champ","floor":33,"turns":15}],"seed_played":"-6632696771243552282","potions_obtained":[{"floor":1,"key":"DistilledChaos"},{"floor":3,"key":"Energy Potion"},{"floor":13,"key":"Weak Potion"},{"floor":16,"key":"CultistPotion"}],"is_trial":false,"path_per_floor":["M","M","M","$","?","E","R","$","T","R","E","M","M","M","R","B",null,"M","?","$","M","?","R","?","R","T","M","?","T","R","M","R","B"],"character_chosen":"THE_SILENT","items_purchased":["Poisoned Stab","Ancient Potion","Leg Sweep"],"campfire_rested":2,"item_purchase_floors":[4,8,20],"current_hp_per_floor":[59,59,58,58,58,34,34,34,34,34,30,17,17,16,34,6,47,21,21,21,21,21,21,21,21,21,21,21,21,39,39,39,0,0],"gold":119,"neow_bonus":"RANDOM_COMMON_RELIC","is_daily":false,"chose_seed":false,"campfire_upgraded":5,"win_rate":0.0,"timestamp":1608277960,"path_taken":["M","M","M","$","?","E","R","$","T","R","E","M","M","M","R","BOSS","M","?","$","M","?","R","?","R","T","M","?","?","R","M","R","BOSS"],"items_purchased_type":["Card","Potion","Card"],"build_version":"2020-12-13","purchased_purges":2,"victory":false,"max_hp_per_floor":[66,66,66,66,60,60,60,60,60,60,60,60,60,60,60,60,60,60,60,60,60,60,60,60,60,60,60,60,60,60,60,60,60,60],"card_choices":[{"not_picked":["Caltrops","Concentrate"],"picked":"Endless Agony","floor":1},{"not_picked":["Terror","Acrobatics"],"picked":"Dagger Spray","floor":2},{"not_picked":["Outmaneuver","Prepared"],"picked":"Dagger Throw","floor":3},{"not_picked":["Catalyst","Prepared"],"picked":"Dodge and Roll","floor":6},{"not_picked":["Bouncing Flask","Underhanded Strike"],"picked":"Noxious Fumes","floor":11},{"not_picked":["Unload","Cloak And Dagger"],"picked":"Footwork","floor":12},{"not_picked":["Outmaneuver","Blade Dance"],"picked":"Dodge and Roll","floor":13},{"not_picked":["Caltrops","Infinite Blades","Choke"],"picked":"SKIP","floor":14},{"not_picked":["Heel Hook","Skewer","Dagger Throw+1"],"picked":"SKIP","floor":18},{"not_picked":["Leg Sweep","Reflex","Catalyst"],"picked":"SKIP","floor":21},{"not_picked":["Deflect","Quick Slash"],"picked":"Dodge and Roll+1","floor":27},{"not_picked":["Accuracy","Well Laid Plans"],"picked":"Caltrops","floor":31}],"player_experience":839950,"relics_obtained":[{"floor":6,"key":"Happy Flower"},{"floor":9,"key":"Smiling Mask"},{"floor":11,"key":"Oddly Smooth Stone"},{"floor":26,"key":"Tiny Chest"},{"floor":29,"key":"Bottled Tornado"}],"event_choices":[{"damage_healed":0,"gold_gain":0,"player_choice":"Lose Max HP","damage_taken":0,"relics_obtained":["Golden Idol"],"max_hp_gain":0,"max_hp_loss":6,"event_name":"Golden Idol","floor":5,"gold_loss":0},{"damage_healed":0,"gold_gain":0,"player_choice":"Obtained Relic","damage_taken":0,"relics_obtained":["Bag of Marbles"],"max_hp_gain":0,"max_hp_loss":0,"event_name":"Addict","floor":19,"gold_loss":85},{"damage_healed":0,"gold_gain":0,"player_choice":"Ignored","damage_taken":0,"max_hp_gain":0,"max_hp_loss":0,"event_name":"Cursed Tome","floor":22,"gold_loss":0},{"damage_healed":0,"gold_gain":0,"cards_transformed":["Strike_G","Strike_G"],"player_choice":"Became Test Subject","damage_taken":0,"max_hp_gain":0,"max_hp_loss":0,"event_name":"Drug Dealer","floor":24,"gold_loss":0,"cards_obtained":["Prepared","Venomology"]},{"damage_healed":0,"gold_gain":0,"player_choice":"Ignored","damage_taken":0,"max_hp_gain":0,"max_hp_loss":0,"event_name":"The Mausoleum","floor":28,"gold_loss":0}],"is_beta":false,"boss_relics":[{"not_picked":["WristBlade","Astrolabe"],"picked":"Sozu"}],"items_purged_floors":[4,20],"is_endless":false,"potions_floor_spawned":[1,3,13,16,21,27],"killed_by":"Champ","ascension_level":19}}