{"host":"49c2zf0lajbcs427","time":1608276695,"event":{"mods":["AchievementEnabler","BaseMod","Colored Map","Colored Powertips","Highlight Path","Minty Spire (QoL Compilation)","Relic Stats","StSLib"],"gold_per_floor":[114,114,39,52,68,68,100,25,25,53,53,81,81,96,96,174,174,189,239,254,267,267,280,280,313,313,313,55,55,96,96,96,169,169,195,204,227,227,245,245,254,281,281,294,294,323,332,355,364,364],"floor_reached":51,"playtime":3135,"items_purged":["Strike_P","Defend_P"],"score":1463,"play_id":"14f3e9cb-fbd8-4125-aa5d-4359f6566519","local_time":"20201218203135","is_ascension_mode":true,"campfire_choices":[{"data":"SignatureMove","floor":6.0,"key":"SMITH"},{"data":"CrushJoints","floor":13.0,"key":"SMITH"},{"data":"Wireheading","floor":15.0,"key":"SMITH"},{"data":"Vigilance","floor":24.0,"key":"SMITH"},{"floor":29,"key":"REST"},{"floor":32,"key":"REST"},{"floor":41,"key":"REST"},{"floor":45,"key":"REST"},{"floor":47,"key":"REST"},{"floor":49,"key":"REST"}],"circlet_count":0,"master_deck":["AscendersBane","Strike_P","Defend_P","Defend_P","Defend_P","Eruption","Vigilance+1","SignatureMove+1","CrushJoints+1","Swivel","Wireheading+1","Evaluate+1","WaveOfTheHand+1","Prostrate+1","Blasphemy+1","Protect+1","Prostrate+1","Pray+1","MentalFortress","MentalFortress","Wireheading+1","Adaptation","Flash of Steel","Sadistic Nature","Bandage Up+1","BattleHymn","ThirdEye+1","ReachHeaven"],"relics":["PureWater","Toxic Egg 2","Strawberry","MealTicket","Ancient Tea Set","Busted Crown","Yang","Tiny Chest","Juzu Bracelet","Happy Flower","CeramicFish","Philosopher\u0027s Stone","Dream Catcher","Kunai","Orichalcum"],"acts_visited":["Exordium","TheCity","TheBeyond"],"potions_floor_usage":[25,44,44],"damage_taken":[{"damage":4.0,"enemies":"Jaw Worm","floor":1.0,"turns":4.0},{"damage":0.0,"enemies":"Small Slimes","floor":4.0,"turns":2.0},{"damage":3.0,"enemies":"2 Louse","floor":5.0,"turns":2.0},{"damage":0.0,"enemies":"Lagavulin","floor":7.0,"turns":4.0},{"damage":9.0,"enemies":"3 Sentries","floor":10.0,"turns":5.0},{"damage":10.0,"enemies":"Gremlin Nob","floor":12.0,"turns":3.0},{"damage":0.0,"enemies":"Exordium Thugs","floor":14.0,"turns":4.0},{"damage":0.0,"enemies":"The Guardian","floor":16.0,"turns":9.0},{"damage":7.0,"enemies":"2 Thieves","floor":18.0,"turns":4.0},{"damage":0.0,"enemies":"3 Byrds","floor":20.0,"turns":3.0},{"damage":0.0,"enemies":"Centurion and Healer","floor":21.0,"turns":5.0},{"damage":0.0,"enemies":"3 Cultists","floor":23.0,"turns":5.0},{"damage":35,"enemies":"Slavers","floor":25,"turns":10},{"damage":30,"enemies":"Gremlin Leader","floor":30,"turns":9},{"damage":0,"enemies":"Champ","floor":33,"turns":10},{"damage":0,"enemies":"3 Darklings","floor":35,"turns":7},{"damage":0,"enemies":"Orb Walker","floor":39,"turns":5},{"damage":25,"enemies":"Transient","floor":44,"turns":5},{"damage":68,"enemies":"3 Darklings","floor":46,"turns":6},{"damage":73,"enemies":"Donu and Deca","floor":50,"turns":9}],"seed_played":"2276035732948819450","potions_obtained":[{"floor":5.0,"key":"Explosive Potion"},{"floor":11.0,"key":"Regen Potion"},{"floor":11.0,"key":"LiquidBronze"},{"floor":20.0,"key":"DuplicationPotion"},{"floor":33,"key":"SkillPotion"},{"floor":35,"key":"Swift Potion"}],"is_trial":false,"path_per_floor":["M","?","?","M","M","R","E","$","T","E","?","E","R","M","R","B",null,"M","?","M","M","?","M","R","E","T","T","$","R","E","$","R","B",null,"M","?","T","?","M","?","R","?","T","M","R","M","R","T","R","B",null],"character_chosen":"WATCHER","items_purchased":["Happy Flower"],"campfire_rested":6,"item_purchase_floors":[28],"current_hp_per_floor":[63,56,56,56,53,53,53,53,60,51,51,41,41,41,41,41,71,64,64,64,64,41,41,41,21,21,21,36,61,31,46,71,71,82,82,82,82,82,82,86,86,76,76,57,82,20,45,45,70,3],"gold":364,"neow_bonus":"TEN_PERCENT_HP_BONUS","is_daily":false,"chose_seed":false,"campfire_upgraded":4,"win_rate":0.0,"timestamp":1608276695,"path_taken":["M","?","?","M","M","R","E","$","T","E","?","E","R","M","R","BOSS","M","?","?","M","?","M","R","E","T","?","?","R","E","$","R","BOSS","M","?","?","?","M","?","R","?","T","M","R","M","R","?","R","BOSS"],"items_purchased_type":["Relic"],"build_version":"2020-12-13","purchased_purges":2,"victory":true,"max_hp_per_floor":[74,74,74,74,74,74,74,74,81,81,81,81,81,81,81,81,81,81,81,81,81,86,86,86,86,86,86,86,86,86,86,86,86,86,86,86,86,86,86,86,86,86,86,86,86,86,86,86,86,86],"relic_stats":{"Dream Catcher":4,"Busted Crown":36,"Happy Flower":[17],"counters":[20,111],"CeramicFish":90,"MealTicket":30,"Yang":[74],"Tiny Chest":2,"Juzu Bracelet":1,"Kunai":[5],"Orichalcum":[0],"obtain_stats":[{"Happy Flower":28,"CeramicFish":30,"Yang":25,"Juzu Bracelet":27,"Orichalcum":48,"Ancient Tea Set":12,"Dream Catcher":37,"Busted Crown":17,"Strawberry":9,"MealTicket":10,"Tiny Chest":26,"Philosopher\u0027s Stone":34,"Kunai":43,"PureWater":0,"Toxic Egg 2":7},{"Happy Flower":13,"CeramicFish":14,"Yang":13,"Juzu Bracelet":13,"Orichalcum":19,"Ancient Tea Set":6,"Dream Catcher":16,"Busted Crown":8,"Strawberry":4,"MealTicket":5,"Tiny Chest":13,"Philosopher\u0027s Stone":15,"Kunai":17,"PureWater":0,"Toxic Egg 2":4},{"Happy Flower":60,"CeramicFish":69,"Yang":60,"Juzu Bracelet":60,"Orichalcum":102,"Ancient Tea Set":20,"Dream Catcher":86,"Busted Crown":33,"Strawberry":12,"MealTicket":17,"Tiny Chest":60,"Philosopher\u0027s Stone":79,"Kunai":91,"PureWater":0,"Toxic Egg 2":12}]},"card_choices":[{"not_picked":["FlurryOfBlows","Protect"],"picked":"SignatureMove","floor":1.0},{"not_picked":["ThirdEye","WaveOfTheHand"],"picked":"CrushJoints","floor":4.0},{"not_picked":["Fasting2","ClearTheMind"],"picked":"Swivel","floor":5.0},{"not_picked":["EmptyBody+1","ReachHeaven"],"picked":"Wireheading","floor":7.0},{"not_picked":["Protect+1","Fasting2"],"picked":"Evaluate+1","floor":10.0},{"not_picked":["Perseverance+1","ThirdEye+1"],"picked":"WaveOfTheHand+1","floor":12.0},{"not_picked":["JustLucky","FollowUp"],"picked":"Prostrate+1","floor":14.0},{"not_picked":["Brilliance","DevaForm"],"picked":"Blasphemy+1","floor":16.0},{"not_picked":[],"picked":"Protect+1","floor":18.0},{"not_picked":["Consecrate"],"picked":"SKIP","floor":20.0},{"not_picked":[],"picked":"Prostrate+1","floor":21.0},{"not_picked":[],"picked":"Pray+1","floor":23.0},{"not_picked":["CrushJoints"],"picked":"SKIP","floor":25},{"not_picked":[],"picked":"MentalFortress","floor":30},{"not_picked":[],"picked":"MentalFortress","floor":35},{"not_picked":["CarveReality"],"picked":"SKIP","floor":39},{"not_picked":[],"picked":"Adaptation","floor":41},{"not_picked":[],"picked":"Flash of Steel","floor":42},{"not_picked":[],"picked":"Sadistic Nature","floor":42},{"not_picked":[],"picked":"Bandage Up+1","floor":42},{"not_picked":["ThirdEye+1"],"picked":"SKIP","floor":44},{"not_picked":[],"picked":"BattleHymn","floor":46},{"not_picked":[],"picked":"ThirdEye+1","floor":47},{"not_picked":[],"picked":"ReachHeaven","floor":49}],"player_experience":2106202,"relics_obtained":[{"floor":7.0,"key":"Toxic Egg 2"},{"floor":9.0,"key":"Strawberry"},{"floor":10.0,"key":"MealTicket"},{"floor":12.0,"key":"Ancient Tea Set"},{"floor":25,"key":"Yang"},{"floor":26,"key":"Tiny Chest"},{"floor":27,"key":"Juzu Bracelet"},{"floor":30,"key":"CeramicFish"},{"floor":37,"key":"Dream Catcher"},{"floor":43,"key":"Kunai"},{"floor":48,"key":"Orichalcum"}],"event_choices":[{"cards_removed":["Strike_P"],"damage_healed":0.0,"max_hp_gain":0.0,"max_hp_loss":0.0,"gold_gain":0.0,"event_name":"Golden Wing","player_choice":"Card Removal","floor":2.0,"gold_loss":0.0,"damage_taken":7.0},{"cards_removed":["Strike_P"],"damage_healed":0.0,"max_hp_gain":0.0,"max_hp_loss":0.0,"gold_gain":0.0,"event_name":"The Cleric","player_choice":"Card Removal","floor":3.0,"gold_loss":75.0,"damage_taken":0.0},{"damage_healed":0.0,"max_hp_gain":0.0,"max_hp_loss":0.0,"gold_gain":0.0,"event_name":"Lab","player_choice":"Got Potions","floor":11.0,"gold_loss":0.0,"damage_taken":0.0},{"damage_healed":0.0,"max_hp_gain":0.0,"max_hp_loss":0.0,"gold_gain":100.0,"event_name":"The Joust","player_choice":"Bet on Murderer","floor":19.0,"gold_loss":50.0,"damage_taken":0.0},{"damage_healed":0.0,"max_hp_gain":5.0,"max_hp_loss":0.0,"gold_gain":0.0,"event_name":"Forgotten Altar","player_choice":"Shed Blood","floor":22.0,"gold_loss":0.0,"damage_taken":28.0},{"damage_healed":0,"gold_gain":0,"player_choice":"Copied","damage_taken":0,"max_hp_gain":0,"max_hp_loss":0,"event_name":"Duplicator","floor":36,"gold_loss":0,"cards_obtained":["Wireheading"]},{"damage_healed":0,"gold_gain":0,"player_choice":"Ignored","damage_taken":0,"max_hp_gain":0,"max_hp_loss":0,"event_name":"Mysterious Sphere","floor":38,"gold_loss":0},{"damage_healed":4,"gold_gain":0,"player_choice":"Full Heal","damage_taken":0,"max_hp_gain":0,"max_hp_loss":0,"event_name":"Wheel of Change","floor":40,"gold_loss":0},{"damage_healed":0,"gold_gain":0,"player_choice":"Memory 3","damage_taken":10,"max_hp_gain":0,"max_hp_loss":0,"event_name":"SensoryStone","floor":42,"gold_loss":0}],"is_beta":false,"boss_relics":[{"not_picked":["Tiny House","Cursed Key"],"picked":"Busted Crown"},{"not_picked":["Runic Dome","Snecko Eye"],"picked":"Philosopher\u0027s Stone"}],"items_purged_floors":[8,28],"is_endless":false,"potions_floor_spawned":[5,12,14,16,20,21,33,35,39],"ascension_level":16}}