{"host":"qoai0zeca0j4yswu","time":1608285100,"event":{"mods":["BaseMod","Downfall","Minty Spire (QoL Compilation)","StSLib","The Animator"],"gold_per_floor":[149,169,188,221,146,163,163,178,196,221,221,221,274,284,294,391,391,241,241,73,89,89,108,108,122,122,122,122,122,122,133,147,245,245,245,245,245,52,52,52,78,78,78,111,111,123,33,50,60,60],"floor_reached":51,"playtime":6215,"items_purged":["Normality"],"score":835,"play_id":"75ba488a-d146-4389-8044-0071c46d0a3f","local_time":"20201218015140","is_ascension_mode":false,"campfire_choices":[{"floor":1,"key":"RECALL"},{"floor":5,"key":"REST"},{"data":"Guardian:Planning","floor":18,"key":"SMITH"},{"data":"Guardian:TimeBomb","floor":22,"key":"SMITH"},{"data":"Guardian:DecasProtection","floor":27,"key":"SMITH"},{"data":"Guardian:StasisField","floor":35,"key":"SMITH"},{"data":"Guardian:ConstructionForm","floor":37,"key":"SMITH"},{"data":"Guardian:ShieldSpikes","floor":40,"key":"SMITH"},{"data":"Guardian:Defend_Guardian","floor":42,"key":"SMITH"}],"circlet_count":0,"master_deck":["Guardian:Strike_Guardian","Guardian:Strike_Guardian","Guardian:Defend_Guardian+1","Guardian:Defend_Guardian","Guardian:Defend_Guardian+1","Guardian:Defend_Guardian","Guardian:CurlUp+1","Guardian:TwinSlam","Guardian:ArmoredProtocol","Guardian:DecasProtection+1","Guardian:Planning+1","Guardian:ConstructionForm+1","Guardian:TimeBomb+1","Guardian:Suspension","Guardian:Harden+1","Guardian:StasisField+1","Guardian:BronzeArmor+1","Guardian:ShieldSpikes+1","Injury","Guardian:AncientConstruct"],"relics":["Tiny House","Pantograph","downfall:HeartBlessingRed","Bag of Preparation","Orichalcum","Runic Pyramid","downfall:HeartBlessingBlue","downfall:HeartBlessingGreen","Bronze Scales","Toy Ornithopter","Juzu Bracelet","Cursed Key","PreservedInsect","Happy Flower","Shuriken"],"acts_visited":["Exordium","TheCity","TheBeyond"],"potions_floor_usage":[],"damage_taken":[{"damage":5,"enemies":"2 Louse","floor":2,"turns":3},{"damage":0,"enemies":"Jaw Worm","floor":3,"turns":4},{"damage":41,"enemies":"Gremlin Nob","floor":4,"turns":6},{"damage":3,"enemies":"Cultist","floor":6,"turns":4},{"damage":1,"enemies":"Exordium Thugs","floor":8,"turns":7},{"damage":0,"enemies":"Gremlin Gang","floor":9,"turns":8},{"damage":13,"enemies":"3 Sentries","floor":10,"turns":12},{"damage":1,"enemies":"Blue Slaver","floor":14,"turns":4},{"damage":1,"enemies":"Large Slime","floor":15,"turns":8},{"damage":0,"enemies":"downfall:Watcher","floor":16,"turns":21},{"damage":0,"enemies":"downfall:FleeingMerchant","floor":20,"turns":4},{"damage":0,"enemies":"Chosen","floor":21,"turns":6},{"damage":1,"enemies":"Shell Parasite","floor":23,"turns":6},{"damage":0,"enemies":"Snecko","floor":25,"turns":10},{"damage":0,"enemies":"Chosen and Byrds","floor":31,"turns":5},{"damage":0,"enemies":"3 Cultists","floor":32,"turns":4},{"damage":11,"enemies":"downfall:Defect","floor":33,"turns":12},{"damage":0,"enemies":"downfall:FleeingMerchant","floor":38,"turns":4},{"damage":0,"enemies":"Nemesis","floor":44,"turns":13},{"damage":0,"enemies":"Orb Walker","floor":46,"turns":5},{"damage":0,"enemies":"downfall:FleeingMerchant","floor":47,"turns":4},{"damage":0,"enemies":"3 Darklings","floor":48,"turns":4},{"damage":0,"enemies":"4 Shapes","floor":49,"turns":7},{"damage":22,"enemies":"downfall:Silent","floor":50,"turns":17}],"seed_played":"-1032489650642107211","potions_obtained":[{"floor":0,"key":"Guardian:DefensiveModePotion"},{"floor":2,"key":"LiquidMemories"},{"floor":3,"key":"Explosive Potion"}],"is_trial":false,"path_per_floor":["R","M","M","E","R","M","T","M","M","E","?","?","T","M","M","B",null,"R","?","$","M","R","M","T","M","?","R","?","T","?","M","M","B",null,"R","?","R","$","?","R","T","R","?","E","?","M","$","M","M","B",null],"character_chosen":"GUARDIAN","items_purchased":["Bronze Scales","FairyPotion","Guardian:ShieldSpikes"],"campfire_rested":1,"item_purchase_floors":[20,38,38],"current_hp_per_floor":[85,80,80,39,64,61,61,60,60,47,47,47,47,46,45,70,85,95,95,95,95,95,94,94,94,94,94,94,94,94,94,94,84,95,95,95,95,95,95,95,95,95,95,95,95,95,95,95,95,73],"gold":60,"neow_bonus":"BOSS_RELIC","is_daily":false,"chose_seed":false,"campfire_upgraded":7,"win_rate":0.0,"timestamp":1608285100,"path_taken":["R","M","M","E","R","M","T","M","M","E","?","?","?","M","M","BOSS","R","?","?","?","R","M","T","M","?","R","?","?","?","M","M","BOSS","R","?","R","$","?","R","T","R","?","E","?","M","$","M","M","BOSS"],"items_purchased_type":["Relic","Potion","Card"],"build_version":"2020-12-13","purchased_purges":1,"victory":true,"max_hp_per_floor":[85,85,85,85,85,85,85,85,85,85,85,85,85,85,85,85,85,95,95,95,95,95,95,95,95,95,95,95,95,95,95,95,95,95,95,95,95,95,95,95,95,95,95,95,95,95,95,95,95,95],"card_choices":[{"not_picked":["Guardian:TemporalShield","Guardian:Reroute"],"picked":"Guardian:ArmoredProtocol","floor":0},{"not_picked":["Guardian:Recover","Guardian:ShieldCharger"],"picked":"Guardian:Gem_Lightblue","floor":2},{"not_picked":["Guardian:ChargeCore","Guardian:HyperBeam_Guardian"],"picked":"Guardian:DecasProtection","floor":3},{"not_picked":["Guardian:Gem_Crimson","Guardian:PrismaticBeam"],"picked":"Guardian:Gem_Cyan","floor":4},{"not_picked":["Guardian:ChargeCore","Guardian:Reroute"],"picked":"Guardian:Gem_Cyan","floor":6},{"not_picked":["Guardian:Recover","Guardian:TemporalShield"],"picked":"Guardian:Planning","floor":8},{"not_picked":["Guardian:ChargeCore","Guardian:BronzeArmor"],"picked":"Guardian:Gem_Lightblue","floor":9},{"not_picked":["Guardian:Gem_Cyan","Guardian:Gem_Fragmented"],"picked":"Guardian:Gem_Synthetic","floor":10},{"not_picked":["Guardian:Emergency","Guardian:Planning","Guardian:FloatingOrbs"],"picked":"SKIP","floor":14},{"not_picked":["Guardian:Preprogram","Guardian:Recover"],"picked":"Guardian:Gem_Green","floor":15},{"not_picked":["Guardian:SphericShield","Guardian:Gem_Synthetic"],"picked":"Guardian:ConstructionForm","floor":16},{"not_picked":["Guardian:ChargeCore","Guardian:Planning"],"picked":"Guardian:TimeBomb","floor":20},{"not_picked":["Guardian:Gem_Red","Guardian:PrismaticBeam","Guardian:TemporalStrike+1"],"picked":"SKIP","floor":21},{"not_picked":["Guardian:MultiBeam","Guardian:ChargeCore+1","Guardian:Gem_Lightblue"],"picked":"SKIP","floor":23},{"not_picked":["Guardian:CrystalBeam","Guardian:BaubleBeam","Guardian:PrimingBeam"],"picked":"SKIP","floor":25},{"not_picked":["Guardian:Gem_Lightblue","Guardian:CrystalBeam","Guardian:Gem_Green"],"picked":"SKIP","floor":31},{"not_picked":["Guardian:TimeBomb","Guardian:Gem_Lightblue"],"picked":"Guardian:Harden+1","floor":32},{"not_picked":["Guardian:TimeSifter","Guardian:HyperBeam_Guardian"],"picked":"Guardian:StasisField","floor":33},{"not_picked":["Guardian:Recover","Guardian:Harden"],"picked":"Guardian:BronzeArmor+1","floor":38},{"not_picked":["Guardian:GuardianWhirl+1","Guardian:TemporalStrike+1","Guardian:Gem_Cyan"],"picked":"SKIP","floor":44},{"not_picked":["Guardian:Gem_Cyan","Guardian:VentSteam+1","Guardian:Planning+1"],"picked":"SKIP","floor":46},{"not_picked":["Guardian:DonusPower","Guardian:ShieldSpikes+1"],"picked":"Guardian:AncientConstruct","floor":47},{"not_picked":["Guardian:Reroute+1","Guardian:RollAttack","Guardian:Suspension+1"],"picked":"SKIP","floor":48},{"not_picked":["Guardian:Planning","Guardian:Gem_Red","Guardian:Gem_Purple"],"picked":"SKIP","floor":49}],"player_experience":706276,"relics_obtained":[{"floor":4,"key":"Pantograph"},{"floor":10,"key":"Bag of Preparation"},{"floor":13,"key":"Orichalcum"},{"floor":24,"key":"Toy Ornithopter"},{"floor":29,"key":"Juzu Bracelet"},{"floor":39,"key":"PreservedInsect"},{"floor":41,"key":"Happy Flower"},{"floor":44,"key":"Shuriken"}],"event_choices":[{"damage_healed":0,"gold_gain":0,"player_choice":"Upgraded","damage_taken":0,"max_hp_gain":0,"max_hp_loss":0,"event_name":"Upgrade Shrine","floor":19,"gold_loss":0,"cards_upgraded":["Guardian:CurlUp"]},{"damage_healed":0,"gold_gain":0,"player_choice":"Read","damage_taken":0,"max_hp_gain":0,"max_hp_loss":0,"event_name":"The Library","floor":30,"gold_loss":0,"cards_obtained":["Guardian:Suspension"]},{"cards_removed":["Guardian:Strike_Guardian"],"damage_healed":0,"gold_gain":0,"player_choice":"Removed Attack","damage_taken":0,"max_hp_gain":0,"max_hp_loss":0,"event_name":"Falling","floor":43,"gold_loss":0}],"is_beta":false,"boss_relics":[{"not_picked":["Runic Dome","Pandora\u0027s Box"],"picked":"Runic Pyramid"},{"not_picked":["Snecko Eye","Guardian:StasisSlotReductionRelic"],"picked":"Cursed Key"}],"items_purged_floors":[47],"is_endless":false,"potions_floor_spawned":[2,3,6,14,15,23,25,31,44,46,48],"ascension_level":0}}