{"host":"pletss163z7s8pvv","time":1608271954,"event":{"mods":["AchievementEnabler","BaseMod","Colored Map","Colored Powertips","Minty Spire (QoL Compilation)"],"gold_per_floor":[144,189,189,234,279,9,9,54,79,124,169,214,331,376,376,676,676,721,23,23,68,113,158,158,203,203,15,15,15,40,85,85,385,385,430,730,775,66,111,111,111,111,111,111,156,201,201,201],"floor_reached":47,"playtime":1593,"items_purged":["Decay"],"score":550,"play_id":"ce83e595-f9cd-439e-86df-dc654d9fdb4d","local_time":"20201218001234","daily_mods":["Draft","Colorless Cards","Midas"],"is_ascension_mode":false,"campfire_choices":[{"floor":7,"key":"REST"},{"floor":15,"key":"REST"},{"floor":24,"key":"REST"},{"floor":29,"key":"REST"},{"floor":32,"key":"REST"},{"floor":40,"key":"REST"},{"floor":42,"key":"REST"}],"circlet_count":0,"master_deck":["Vengeance","FlurryOfBlows","SashWhip","Indignation","EmptyMind","JustLucky","ClearTheMind","EmptyFist","Discovery","JustLucky","FollowUp","EmptyFist","FlurryOfBlows","Consecrate","Blind","FearNoEvil","ThirdEye","CrushJoints","Panacea","Mind Blast","Worship","SashWhip","Trip","FollowUp","FlurryOfBlows","Weave","Consecrate","Consecrate","Alpha","CutThroughFate","Discovery","ReachHeaven","Swivel","Weave","Enlightenment+1","Swift Strike","Consecrate","Establishment","Panache","EmptyFist+1","Protect+1","Discovery","Adaptation","Conclude","JustLucky","WreathOfFlame","PathToVictory","Violence","FollowUp","Writhe","Adaptation+1","ClearTheMind+1"],"relics":["PureWater","Oddly Smooth Stone","Lantern","SacredBark","Potion Belt","MealTicket","Sundial","Membership Card","Art of War","Black Star","Old Coin","Melange","Girya","Meat on the Bone","Shovel"],"acts_visited":["Exordium","TheCity","TheBeyond"],"potions_floor_usage":[16,16,19,25,33,33,33,39,45,46,46,46,46,46,46,47],"damage_taken":[{"damage":0,"enemies":"Small Slimes","floor":1,"turns":3},{"damage":0,"enemies":"Cultist","floor":2,"turns":2},{"damage":21,"enemies":"2 Louse","floor":4,"turns":2},{"damage":14,"enemies":"Blue Slaver","floor":5,"turns":2},{"damage":15,"enemies":"Exordium Thugs","floor":8,"turns":4},{"damage":0,"enemies":"Large Slime","floor":10,"turns":3},{"damage":9,"enemies":"Blue Slaver","floor":11,"turns":2},{"damage":6,"enemies":"Gremlin Gang","floor":12,"turns":3},{"damage":9,"enemies":"3 Sentries","floor":13,"turns":3},{"damage":0,"enemies":"Red Slaver","floor":14,"turns":1},{"damage":36,"enemies":"The Guardian","floor":16,"turns":7},{"damage":14,"enemies":"2 Thieves","floor":18,"turns":4},{"damage":20,"enemies":"3 Byrds","floor":21,"turns":4},{"damage":18,"enemies":"Snake Plant","floor":22,"turns":4},{"damage":10,"enemies":"Centurion and Healer","floor":23,"turns":3},{"damage":9,"enemies":"3 Cultists","floor":25,"turns":4},{"damage":38,"enemies":"Shelled Parasite and Fungi","floor":31,"turns":4},{"damage":49,"enemies":"Collector","floor":33,"turns":7},{"damage":24,"enemies":"Orb Walker","floor":35,"turns":3},{"damage":16,"enemies":"3 Darklings","floor":37,"turns":5},{"damage":52,"enemies":"4 Shapes","floor":39,"turns":4},{"damage":79,"enemies":"Writhing Mass","floor":45,"turns":6},{"damage":5,"enemies":"Maw","floor":46,"turns":5}],"seed_played":"4511563792049188764","potions_obtained":[{"floor":1,"key":"SpeedPotion"},{"floor":2,"key":"Dexterity Potion"},{"floor":10,"key":"Strength Potion"},{"floor":16,"key":"SteroidPotion"},{"floor":21,"key":"Explosive Potion"},{"floor":23,"key":"Fire Potion"},{"floor":25,"key":"Block Potion"},{"floor":33,"key":"LiquidMemories"},{"floor":45,"key":"SkillPotion"},{"floor":46,"key":"Dexterity Potion"}],"is_trial":false,"path_per_floor":["M","M","?","M","M","$","R","M","T","M","M","M","?","M","R","B",null,"M","$","?","M","M","M","R","M","T","$","?","R","T","M","R","B",null,"M","T","M","$","M","R","?","R","T","?","M","M","M"],"character_chosen":"WATCHER","items_purchased":["Mind Blast","Worship","SashWhip","Fruit Juice","Potion Belt","EntropicBrew","MealTicket","Discovery","ReachHeaven","Swivel","Membership Card","DuplicationPotion","Melange","Girya","Discovery","Adaptation","Meat on the Bone","PowerPotion","LiquidMemories","Conclude","JustLucky","WreathOfFlame","PathToVictory","Violence"],"campfire_rested":7,"item_purchase_floors":[6,6,6,19,19,19,19,19,19,19,27,27,38,38,38,38,38,38,38,38,38,38,38,38],"current_hp_per_floor":[72,72,72,51,37,37,58,43,43,43,34,28,19,19,40,4,72,58,68,68,48,30,20,44,35,35,50,50,74,74,36,60,11,82,58,58,42,57,17,41,41,65,65,82,15,49,0,0],"gold":201,"neow_bonus":"","is_daily":true,"chose_seed":false,"campfire_upgraded":0,"win_rate":0.0,"timestamp":1608271954,"path_taken":["M","M","?","M","?","$","R","M","T","M","M","M","?","M","R","BOSS","M","$","?","?","M","M","R","M","T","$","?","R","?","?","R","BOSS","M","?","M","$","M","R","?","R","T","?","M","M","M"],"items_purchased_type":["Card","Card","Card","Potion","Relic","Potion","Relic","Card","Card","Card","Relic","Potion","Relic","Relic","Card","Card","Relic","Potion","Potion","Card","Card","Card","Card","Card"],"build_version":"2020-12-13","purchased_purges":1,"victory":false,"max_hp_per_floor":[72,72,72,72,72,72,72,72,72,72,72,72,72,72,72,72,72,72,82,82,82,82,82,82,82,82,82,82,82,82,82,82,82,82,82,82,82,82,82,82,82,82,82,82,82,82,82,82],"card_choices":[{"not_picked":["Conclude","Adaptation"],"picked":"Vengeance","floor":0},{"not_picked":["CrushJoints","Weave"],"picked":"FlurryOfBlows","floor":0},{"not_picked":["Crescendo","PathToVictory"],"picked":"SashWhip","floor":0},{"not_picked":["PathToVictory","ThirdEye"],"picked":"Indignation","floor":0},{"not_picked":["WheelKick","Nirvana"],"picked":"EmptyMind","floor":0},{"not_picked":["Fasting2","ThirdEye"],"picked":"JustLucky","floor":0},{"not_picked":["ReachHeaven","Evaluate"],"picked":"ClearTheMind","floor":0},{"not_picked":["PathToVictory","SignatureMove"],"picked":"EmptyFist","floor":0},{"not_picked":["SashWhip","FlurryOfBlows"],"picked":"Discovery","floor":0},{"not_picked":["Evaluate","EmptyMind"],"picked":"JustLucky","floor":0},{"not_picked":["JustLucky","ThirdEye"],"picked":"FollowUp","floor":0},{"not_picked":["BowlingBash","MentalFortress"],"picked":"EmptyFist","floor":0},{"not_picked":["PathToVictory","EmptyBody"],"picked":"FlurryOfBlows","floor":0},{"not_picked":["ThirdEye","FlurryOfBlows"],"picked":"Consecrate","floor":0},{"not_picked":["WindmillStrike","Protect"],"picked":"Blind","floor":0},{"not_picked":["SashWhip","BowlingBash"],"picked":"FearNoEvil","floor":1},{"not_picked":["Protect","BowlingBash"],"picked":"ThirdEye","floor":2},{"not_picked":["Study","Finesse"],"picked":"CrushJoints","floor":4},{"not_picked":["FearNoEvil","Crescendo"],"picked":"Panacea","floor":5},{"not_picked":["SashWhip","PathToVictory"],"picked":"Trip","floor":8},{"not_picked":["Good Instincts","InnerPeace"],"picked":"FollowUp","floor":10},{"not_picked":["Sanctity","Halt"],"picked":"FlurryOfBlows","floor":11},{"not_picked":["Blind","SashWhip"],"picked":"Weave","floor":12},{"not_picked":["BowlingBash","FlyingSleeves"],"picked":"Consecrate","floor":13},{"not_picked":["SashWhip","CrushJoints"],"picked":"Consecrate","floor":14},{"not_picked":["Violence","Secret Technique"],"picked":"Alpha","floor":16},{"not_picked":["PathToVictory","Swivel"],"picked":"CutThroughFate","floor":18},{"not_picked":["Perseverance","FlyingSleeves"],"picked":"Weave","floor":21},{"not_picked":["Prostrate","Weave"],"picked":"Enlightenment+1","floor":22},{"not_picked":["ThirdEye","CrushJoints+1"],"picked":"Swift Strike","floor":23},{"not_picked":["Weave","JustLucky+1"],"picked":"Consecrate","floor":25},{"not_picked":["Worship","EmptyBody"],"picked":"Establishment","floor":31},{"not_picked":["Omniscience","Violence"],"picked":"Panache","floor":33},{"not_picked":["CutThroughFate+1","Vengeance"],"picked":"EmptyFist+1","floor":35},{"not_picked":["SignatureMove","CrushJoints"],"picked":"Protect+1","floor":37},{"not_picked":["Collect","EmptyBody"],"picked":"FollowUp","floor":39},{"not_picked":["Trip","Blind"],"picked":"Adaptation+1","floor":45},{"not_picked":["FollowUp+1","Impatience"],"picked":"ClearTheMind+1","floor":46}],"player_experience":387268,"relics_obtained":[{"floor":9,"key":"Oddly Smooth Stone"},{"floor":13,"key":"Lantern"},{"floor":26,"key":"Sundial"},{"floor":30,"key":"Art of War"},{"floor":36,"key":"Old Coin"},{"floor":43,"key":"Shovel"}],"event_choices":[{"damage_healed":0,"gold_gain":0,"player_choice":"Cursed","damage_taken":0,"max_hp_gain":0,"max_hp_loss":0,"event_name":"Wheel of Change","floor":3,"gold_loss":0,"cards_obtained":["Decay"]},{"damage_healed":0,"gold_gain":30,"player_choice":"Searched \u00272\u0027 times","damage_taken":0,"max_hp_gain":0,"max_hp_loss":0,"event_name":"Dead Adventurer","floor":13,"gold_loss":0},{"damage_healed":0,"gold_gain":0,"player_choice":"Ignored","damage_taken":0,"max_hp_gain":0,"max_hp_loss":0,"event_name":"N\u0027loth","floor":20,"gold_loss":0},{"damage_healed":0,"gold_gain":0,"player_choice":"Simplicity","damage_taken":0,"max_hp_gain":0,"max_hp_loss":0,"event_name":"Back to Basics","floor":28,"gold_loss":0,"cards_upgraded":[]},{"damage_healed":0,"gold_gain":0,"player_choice":"Ignored","damage_taken":0,"max_hp_gain":0,"max_hp_loss":0,"event_name":"Mysterious Sphere","floor":41,"gold_loss":0},{"damage_healed":21,"gold_gain":0,"player_choice":"Writhe","damage_taken":0,"max_hp_gain":0,"max_hp_loss":0,"event_name":"Winding Halls","floor":44,"gold_loss":0,"cards_obtained":["Writhe"]}],"is_beta":false,"boss_relics":[{"not_picked":["Tiny House","Ectoplasm"],"picked":"SacredBark"},{"not_picked":["Runic Pyramid","Busted Crown"],"picked":"Black Star"}],"items_purged_floors":[6],"is_endless":false,"potions_floor_spawned":[1,2,10,12,16,21,23,25,33,45,46],"killed_by":"Sphere and 2 Shapes","ascension_level":0}}