{"host":"4cz9gr89nglr7k8k","time":1608323466,"event":{"mods":["BaseMod","Minty Spire (QoL Compilation)","Relic Stats","Slay-I"],"gold_per_floor":[110,110,32,47,122,122,140,140,167,201,201,166,191,206,206,301,301,314,314,314],"floor_reached":19,"playtime":526,"items_purged":[],"score":326,"play_id":"0b769c85-252c-4785-aa28-e88bbcab0e57","local_time":"20201218213106","is_ascension_mode":true,"campfire_choices":[{"data":"Defragment","floor":6,"key":"SMITH"},{"floor":11,"key":"REST"},{"floor":15,"key":"REST"}],"circlet_count":0,"master_deck":["AscendersBane","Strike_B","Strike_B","Strike_B","Strike_B","Defend_B","Defend_B","Defend_B","Defend_B","Zap","Dualcast","Leap","Injury","Static Discharge","Defragment+1","Biased Cognition","Sweeping Beam","Go for the Eyes","Fusion","Rainbow","Hologram"],"relics":["Cracked Core","Golden Idol","Turnip","Blood Vial","Art of War","Inserter"],"acts_visited":["Exordium","TheCity"],"potions_floor_usage":[10,14,16,16,19],"damage_taken":[{"damage":1,"enemies":"2 Louse","floor":1,"turns":4},{"damage":10,"enemies":"Small Slimes","floor":4,"turns":4},{"damage":7,"enemies":"Jaw Worm","floor":7,"turns":4},{"damage":16,"enemies":"Lagavulin","floor":10,"turns":6},{"damage":0,"enemies":"2 Fungi Beasts","floor":13,"turns":3},{"damage":9,"enemies":"Lots of Slimes","floor":14,"turns":3},{"damage":17,"enemies":"Slime Boss","floor":16,"turns":8},{"damage":54,"enemies":"2 Thieves","floor":18,"turns":4},{"damage":25,"enemies":"Shell Parasite","floor":19,"turns":3}],"seed_played":"6196663217672585873","potions_obtained":[{"floor":1,"key":"LiquidMemories"},{"floor":7,"key":"Swift Potion"},{"floor":13,"key":"ColorlessPotion"},{"floor":14,"key":"PowerPotion"},{"floor":16,"key":"Energy Potion"},{"floor":18,"key":"Energy Potion"}],"is_trial":false,"path_per_floor":["M","?","$","M","?","R","M","?","T","E","R","?","M","M","R","B",null,"M","M"],"character_chosen":"DEFECT","items_purchased":["Static Discharge"],"campfire_rested":2,"item_purchase_floors":[3],"current_hp_per_floor":[70,70,70,60,49,49,42,37,37,23,46,65,67,60,78,61,74,22,0,0],"gold":314,"neow_bonus":"TEN_PERCENT_HP_BONUS","is_daily":false,"chose_seed":false,"campfire_upgraded":1,"win_rate":0.0,"timestamp":1608323466,"path_taken":["M","?","$","M","?","R","M","?","T","E","R","?","M","?","R","BOSS","M","M"],"items_purchased_type":["Card"],"build_version":"2020-12-13","purchased_purges":0,"victory":false,"max_hp_per_floor":[78,78,78,78,78,78,78,78,78,78,78,78,78,78,78,78,78,78,78,78],"relic_stats":{"Blood Vial":10,"Inserter":[3],"counters":[9,39],"Golden Idol":44,"Turnip":[4],"Art of War":[6],"obtain_stats":[{"Blood Vial":9,"Inserter":17,"Golden Idol":2,"Turnip":8,"Art of War":10,"Cracked Core":0},{"Blood Vial":3,"Inserter":7,"Golden Idol":1,"Turnip":3,"Art of War":4,"Cracked Core":0},{"Blood Vial":12,"Inserter":32,"Golden Idol":4,"Turnip":12,"Art of War":18,"Cracked Core":0}]},"card_choices":[{"not_picked":["Hologram","Genetic Algorithm"],"picked":"Leap","floor":1},{"not_picked":["Blizzard","Leap"],"picked":"Defragment","floor":4},{"not_picked":["Reprogram","Scrape"],"picked":"Biased Cognition","floor":7},{"not_picked":["Redo","Heatsinks"],"picked":"Sweeping Beam","floor":10},{"not_picked":["Turbo","Redo"],"picked":"Go for the Eyes","floor":13},{"not_picked":["Barrage","Loop"],"picked":"Fusion","floor":14},{"not_picked":["Machine Learning","Thunder Strike"],"picked":"Rainbow","floor":16},{"not_picked":["Compile Driver","Leap"],"picked":"Hologram","floor":18}],"player_experience":1450144,"relics_obtained":[{"floor":9,"key":"Blood Vial"},{"floor":10,"key":"Art of War"}],"event_choices":[{"damage_healed":0,"gold_gain":0,"player_choice":"Take Wound","damage_taken":0,"relics_obtained":["Golden Idol"],"max_hp_gain":0,"max_hp_loss":0,"event_name":"Golden Idol","floor":2,"gold_loss":0,"cards_obtained":["Injury"]},{"damage_healed":0,"gold_gain":75,"player_choice":"Gather Gold","damage_taken":11,"max_hp_gain":0,"max_hp_loss":0,"event_name":"World of Goop","floor":5,"gold_loss":0},{"damage_healed":0,"gold_gain":0,"player_choice":"Success","damage_taken":5,"relics_obtained":["Turnip"],"max_hp_gain":0,"max_hp_loss":0,"event_name":"Scrap Ooze","floor":8,"gold_loss":0},{"damage_healed":19,"gold_gain":0,"player_choice":"Healed","damage_taken":0,"max_hp_gain":0,"max_hp_loss":0,"event_name":"The Cleric","floor":12,"gold_loss":35}],"is_beta":false,"boss_relics":[{"not_picked":["Cursed Key","Philosopher\u0027s Stone"],"picked":"Inserter"}],"items_purged_floors":[],"is_endless":false,"potions_floor_spawned":[1,7,13,14,16,18],"killed_by":"Shell Parasite","ascension_level":19}}