{"host":"xi8yg1ddhptuxb9d","time":1608262307,"event":{"mods":["AchievementEnabler","AlwaysNeverKeys","BaseMod","Block Reminder","Minty Spire (QoL Compilation)","Relic Sorter","StSLib"],"gold_per_floor":[110,110,128,128,128,128,156,156,156,170,181,181,199,15,15,111,111,64,64,8,32,57,57,81,81,81,122,122,122,122],"floor_reached":29,"playtime":1317,"items_purged":[],"score":486,"play_id":"6157db42-1095-4f53-b61f-c39d8159392b","local_time":"20201217223147","is_ascension_mode":true,"campfire_choices":[{"data":"Eruption","floor":6.0,"key":"SMITH"},{"floor":8.0,"key":"REST"},{"floor":15.0,"key":"REST"},{"floor":25,"key":"REST"}],"circlet_count":0,"master_deck":["AscendersBane","Strike_P","Strike_P","Strike_P","Defend_P","Defend_P","Defend_P","Defend_P","Eruption+1","Vigilance","ThirdEye","Evaluate","MentalFortress","Crescendo","Prostrate","Injury","Protect","Metamorphosis","SpiritShield","CurseOfTheBell","Wallop+1","Consecrate","Meditate","WheelKick+1","EmptyBody"],"relics":["PureWater","Mercury Hourglass","Damaru","Matryoshka","Golden Idol","Calling Bell","Orichalcum","Question Card","TungstenRod","Akabeko","InkBottle","Pen Nib","MutagenicStrength"],"acts_visited":["Exordium","TheCity"],"potions_floor_usage":[16,16,22,29],"damage_taken":[{"damage":4.0,"enemies":"2 Louse","floor":1.0,"turns":3.0},{"damage":7.0,"enemies":"Jaw Worm","floor":3.0,"turns":2.0},{"damage":42.0,"enemies":"Lagavulin","floor":7.0,"turns":8.0},{"damage":0.0,"enemies":"Cultist","floor":10.0,"turns":3.0},{"damage":5.0,"enemies":"Blue Slaver","floor":11.0,"turns":4.0},{"damage":16.0,"enemies":"Large Slime","floor":13.0,"turns":8.0},{"damage":14,"enemies":"Slime Boss","floor":16,"turns":7},{"damage":24,"enemies":"2 Thieves","floor":18,"turns":5},{"damage":6,"enemies":"Shell Parasite","floor":21,"turns":5},{"damage":0,"enemies":"Centurion and Healer","floor":22,"turns":4},{"damage":33,"enemies":"Snake Plant","floor":24,"turns":6},{"damage":16,"enemies":"Gremlin Leader","floor":27,"turns":6},{"damage":31,"enemies":"Chosen and Byrds","floor":29,"turns":4}],"seed_played":"-5170843680062340993","potions_obtained":[{"floor":1.0,"key":"Energy Potion"},{"floor":10.0,"key":"BottledMiracle"},{"floor":13.0,"key":"Regen Potion"},{"floor":21,"key":"DuplicationPotion"},{"floor":27,"key":"LiquidMemories"}],"is_trial":false,"path_per_floor":["M","?","M","?","?","R","E","R","T","M","M","?","M","$","R","B",null,"M","?","$","M","M","?","M","R","T","E","?","M"],"character_chosen":"WATCHER","items_purchased":["Metamorphosis","Consecrate"],"campfire_rested":3,"item_purchase_floors":[14,20],"current_hp_per_floor":[63,58,51,51,51,51,9,31,31,31,26,26,10,10,32,33,64,40,40,40,34,34,34,1,23,23,7,7,0,0],"gold":122,"neow_bonus":"TEN_PERCENT_HP_BONUS","is_daily":false,"chose_seed":false,"campfire_upgraded":1,"win_rate":0.0,"timestamp":1608262307,"path_taken":["M","?","M","?","?","R","E","R","T","?","M","?","M","$","R","BOSS","M","?","$","?","M","?","M","R","T","E","?","M"],"items_purchased_type":["Card","Card"],"build_version":"2020-12-13","purchased_purges":0,"victory":false,"max_hp_per_floor":[74,74,74,74,74,74,74,74,74,74,74,74,74,74,74,74,74,74,74,74,74,74,74,74,74,74,74,74,74,74],"card_choices":[{"not_picked":["Vengeance","Fasting2"],"picked":"ThirdEye","floor":1.0},{"not_picked":["JustLucky","SashWhip"],"picked":"Evaluate","floor":3.0},{"not_picked":["Indignation","CrushJoints"],"picked":"MentalFortress","floor":7.0},{"not_picked":["Swivel","Weave"],"picked":"Crescendo","floor":10.0},{"not_picked":["Evaluate","ForeignInfluence"],"picked":"Prostrate","floor":11.0},{"not_picked":["MentalFortress","CutThroughFate"],"picked":"Protect","floor":13.0},{"not_picked":["Alpha","Blasphemy"],"picked":"SpiritShield","floor":16},{"not_picked":["WaveOfTheHand","Prostrate","CrushJoints"],"picked":"Wallop","floor":18},{"not_picked":["FlyingSleeves","Nirvana","Evaluate"],"picked":"Meditate","floor":21},{"not_picked":["CutThroughFate","Worship","CrushJoints"],"picked":"WheelKick+1","floor":22},{"not_picked":["ThirdEye","SignatureMove","ClearTheMind"],"picked":"EmptyBody","floor":24},{"not_picked":["Halt","Perseverance","SignatureMove","ReachHeaven"],"picked":"SKIP","floor":27}],"player_experience":631746,"relics_obtained":[{"floor":7.0,"key":"Damaru"},{"floor":9.0,"key":"Matryoshka"},{"floor":17,"key":"Orichalcum"},{"floor":17,"key":"Question Card"},{"floor":17,"key":"TungstenRod"},{"floor":26,"key":"Akabeko"},{"floor":26,"key":"InkBottle"},{"floor":27,"key":"Pen Nib"}],"event_choices":[{"damage_healed":0.0,"max_hp_gain":0.0,"max_hp_loss":0.0,"gold_gain":0.0,"event_name":"Scrap Ooze","player_choice":"Success","floor":2.0,"gold_loss":0.0,"damage_taken":5.0,"relics_obtained":["Mercury Hourglass"]},{"damage_healed":0.0,"max_hp_gain":0.0,"max_hp_loss":0.0,"gold_gain":0.0,"event_name":"The Cleric","player_choice":"Leave","floor":4.0,"gold_loss":0.0,"damage_taken":0.0},{"cards_removed":["Strike_P"],"damage_healed":0.0,"max_hp_gain":0.0,"max_hp_loss":0.0,"gold_gain":0.0,"event_name":"Purifier","player_choice":"Purged","floor":5.0,"gold_loss":0.0,"damage_taken":0.0},{"damage_healed":0.0,"max_hp_gain":0.0,"max_hp_loss":0.0,"gold_gain":0.0,"event_name":"Golden Idol","player_choice":"Take Wound","floor":12.0,"gold_loss":0.0,"damage_taken":0.0,"relics_obtained":["Golden Idol"],"cards_obtained":["Injury"]},{"damage_healed":0,"gold_gain":0,"player_choice":"Upgraded","damage_taken":0,"max_hp_gain":0,"max_hp_loss":0,"event_name":"Upgrade Shrine","floor":19,"gold_loss":0,"cards_upgraded":["Wallop"]},{"damage_healed":0,"gold_gain":0,"player_choice":"Ignored","damage_taken":0,"max_hp_gain":0,"max_hp_loss":0,"event_name":"The Mausoleum","floor":23,"gold_loss":0},{"damage_healed":0,"gold_gain":0,"player_choice":"Inject Mutagens","damage_taken":0,"relics_obtained":["MutagenicStrength"],"max_hp_gain":0,"max_hp_loss":0,"event_name":"Drug Dealer","floor":28,"gold_loss":0}],"is_beta":false,"boss_relics":[{"not_picked":["VioletLotus","Astrolabe"],"picked":"Calling Bell"}],"items_purged_floors":[],"is_endless":false,"potions_floor_spawned":[1,10,13,21,27],"killed_by":"Chosen and Byrds","ascension_level":20}}