{"host":"jgyoyy5iuhtvyvtg","time":1608268936,"event":{"mods":["2.2 Compatiblity","BaseMod","Challenge The Spire","Colored Map","Conspire","Downfall","Hermit","Highlight Path","Infinite Spire","Lobotomy","LobotomyExtend","Minty Spire (QoL Compilation)","Quick Restart","Replay The Spire","Spikes Relics","StSLib","The Construct","The Disciple","The Jungle","Yuri Mod"],"gold_per_floor":[117,135,8,8,8,36,36,67,94,94,106,139,159,159,159,265,265,281,281,301,301,315,315,334,347,347,372,391,434,434,434,434,534,534,547,611,186,186,265,299,349,349,376,444,453,489,489,517,517,522,522],"floor_reached":52,"playtime":2548,"items_purged":["hermit:Strike_Hermit"],"score":1153,"play_id":"b4ad88f6-22c1-4e0b-8d26-af6233a86a15","local_time":"20201217212216","is_ascension_mode":true,"campfire_choices":[{"floor":7,"key":"REST"},{"data":"Replay:SS_fish_2","floor":10,"key":"SMITH"},{"floor":15,"key":"REST"},{"data":"hermit:Determination","floor":23,"key":"SMITH"},{"data":"hermit:Determination","floor":30,"key":"SMITH"},{"data":"hermit:WideOpen","floor":32,"key":"SMITH"},{"data":"hermit:ShadowCloak","floor":42,"key":"SMITH"},{"data":"hermit:HeroicBravado","floor":47,"key":"SMITH"},{"data":"hermit:Spite","floor":49,"key":"SMITH"}],"circlet_count":0,"master_deck":["conspire:GhostlyStrike+1","conspire:GhostlyDefend","conspire:GhostlyDefend","conspire:GhostlyDefend","hermit:Snapshot","hermit:Covet","Replay:SS_fish_2+1","hermit:ShadowCloak+1","hermit:SprayPray","hermit:Scavenge","hermit:WideOpen+1","hermit:Determination+1","hermit:Spite+1","hermit:HeroicBravado+1","Sickly","Guardian:CurlUp","hermit:FinalCanter","Blind","ReplayTheSpireMod:Book of Names","hermit:Manifest","hermit:Determination+1","hermit:SprayPray+1","hermit:Gestalt","hermit:Desperado+1","hermit:Virtue+1","hermit:Gestalt","hermit:Grudge","hermit:Grudge","ReplayTheSpireMod:Splinters","hermit:SprayPray+1","hermit:Glare+1","CurseOfTheBell","hermit:HoleUp+1","hermit:HoleUp"],"relics":["hermit:Momento","LetterFromLob","Dream Catcher","Ancient Tea Set","Strawberry","Blue Doll","Replay:Grab Bag","ChewingGum","ReplayTheSpireMod:Onyx Gauntlets","Replay:Drink Me","ReplayTheSpireMod:SealedPack","Shuriken","Garlic","CeramicFish","ZombieTooth","hermit:BartenderGlass","ClockworkSouvenir","SacredBark","Bird Faced Urn","Gremlin Horn","Lee\u0027s Waffle","Blue Candle","BlackRope","FossilizedHelix","Lantern","Gremlin Food","Calling Bell","Pen Nib","InkBottle","Replay:Kaleidoscope","Replay:WaspNest"],"acts_visited":["Exordium","Exordium","TheBeyond"],"potions_floor_usage":[12,13,16,25,33,33,35,35,40,40,41,41,44,44,46,46,48,48,50,50,50,50],"damage_taken":[{"damage":8,"enemies":"2 Louse","floor":1,"turns":3},{"damage":2,"enemies":"Jaw Worm","floor":2,"turns":4},{"damage":41,"enemies":"3 Sentries","floor":6,"turns":9},{"damage":22,"enemies":"Gremlin Nob","floor":8,"turns":6},{"damage":0,"enemies":"Small Slimes","floor":11,"turns":2},{"damage":18,"enemies":"3 Sentries","floor":12,"turns":10},{"damage":18,"enemies":"Exordium Thugs","floor":13,"turns":4},{"damage":31,"enemies":"Hexaghost","floor":16,"turns":11},{"damage":7,"enemies":"theJungle:Flameango_and_Byrd","floor":18,"turns":4},{"damage":0,"enemies":"theJungle:MUSHROOMGANG","floor":20,"turns":4},{"damage":0,"enemies":"theJungle:Lyon","floor":22,"turns":4},{"damage":1,"enemies":"theJungle:SlimyTreeVines","floor":24,"turns":5},{"damage":1,"enemies":"theJungle:2_Snecko_Cultists","floor":25,"turns":3},{"damage":2,"enemies":"theJungle:2_Phrogs","floor":27,"turns":4},{"damage":6,"enemies":"theJungle:Snecko_Cultist_And_Trap","floor":28,"turns":4},{"damage":0,"enemies":"theJungle:MamaSnecko","floor":29,"turns":5},{"damage":0,"enemies":"theJungle:FunGuy","floor":33,"turns":6},{"damage":14,"enemies":"3 Shapes","floor":35,"turns":3},{"damage":0,"enemies":"Mind Bloom Boss Battle","floor":36,"turns":7},{"damage":5,"enemies":"Nemesis","floor":40,"turns":7},{"damage":28,"enemies":"2 Orb Walkers","floor":41,"turns":4},{"damage":7,"enemies":"R_Hoarder","floor":44,"turns":5},{"damage":0,"enemies":"Giant Head","floor":46,"turns":4},{"damage":0,"enemies":"Orb Walker","floor":48,"turns":1},{"damage":0,"enemies":"Awakened One","floor":50,"turns":5}],"seed_played":"-4211411621332705740","potions_obtained":[{"floor":11,"key":"FearPotion"},{"floor":12,"key":"champ:CounterPotion"},{"floor":13,"key":"FearPotion"},{"floor":18,"key":"Dexterity Potion"},{"floor":22,"key":"GamblersBrew"},{"floor":29,"key":"PowerPotion"},{"floor":35,"key":"LifebloodPotion"},{"floor":40,"key":"Dexterity Potion"}],"is_trial":false,"path_per_floor":["M","M","$","?","?","E","R","E","T","R","M","E","M","?","R","B",null,"M","?","M","M","M","R","M","M","T","E","M","E","R","AVR","R","B",null,"M","?","$","?","?","E","?","R","T","E","AVR","E","R","M","R","B",null,null],"character_chosen":"HERMIT","items_purchased":["hermit:SprayPray","hermit:Grudge","Gremlin Horn","Lee\u0027s Waffle"],"campfire_rested":2,"item_purchase_floors":[3,37,37,37],"current_hp_per_floor":[67,65,65,65,65,32,54,40,47,47,47,43,25,9,33,16,62,55,55,62,62,62,62,62,61,61,59,62,62,62,62,62,62,62,48,62,69,69,69,69,57,57,57,66,66,69,69,69,69,69,69],"gold":522,"neow_bonus":"RANDOM_COLORLESS","is_daily":false,"chose_seed":false,"campfire_upgraded":7,"win_rate":0.0,"timestamp":1608268936,"path_taken":["M","M","$","?","?","E","R","E","T","R","M","E","M","?","R","BOSS","M","?","M","M","M","R","M","?","T","E","M","E","R","AVR","R","BOSS","M","?","$","?","?","E","?","R","T","E","AVR","E","R","M","R","BOSS"],"items_purchased_type":["Card","Card","Relic","Relic"],"build_version":"2020-12-13","purchased_purges":1,"victory":true,"max_hp_per_floor":[75,75,75,75,75,75,75,75,82,82,82,82,82,82,82,82,62,62,62,62,62,62,62,62,62,62,62,62,62,62,62,62,62,62,62,62,69,69,69,69,69,69,69,69,69,69,69,69,69,69,69],"card_choices":[{"not_picked":["expansioncontent:TimeRipple","expansioncontent:GoopSpray"],"picked":"Replay:SS_fish_2","floor":0},{"not_picked":["hermit:Dive","hermit:Glare","hermit:Roulette"],"picked":"SKIP","floor":1},{"not_picked":["hermit:Headshot","hermit:Vantage"],"picked":"hermit:ShadowCloak","floor":2},{"not_picked":["hermit:Roulette","hermit:Ricochet","hermit:Roughhouse"],"picked":"SKIP","floor":6},{"not_picked":["hermit:Coalescence","hermit:Spite"],"picked":"hermit:Scavenge","floor":7},{"not_picked":["hermit:GhostlyPresence","hermit:Feint"],"picked":"hermit:WideOpen","floor":8},{"not_picked":["hermit:Snipe","hermit:Ricochet","hermit:WideOpen"],"picked":"SKIP","floor":11},{"not_picked":["hermit:PistolWhip","hermit:TrackingShot"],"picked":"hermit:Determination","floor":12},{"not_picked":["hermit:Maintenance","hermit:Roulette","hermit:EyeOfTheStorm"],"picked":"SKIP","floor":13},{"not_picked":["hermit:Vantage","hermit:FullyLoaded"],"picked":"hermit:Spite","floor":15},{"not_picked":["hermit:Gambit","hermit:OverwhelmingPower"],"picked":"hermit:HeroicBravado","floor":16},{"not_picked":["Guardian:TwinSlam","yuri:yuriStab"],"picked":"Guardian:CurlUp","floor":17},{"not_picked":["hermit:BlackWind","hermit:Purgatory"],"picked":"hermit:FinalCanter","floor":17},{"not_picked":["Mind Blast","expansioncontent:TimeRipple"],"picked":"Blind","floor":17},{"not_picked":["infinitespire:SealOfDarkness+","ReplayTheSpireMod:Echoes of Time"],"picked":"ReplayTheSpireMod:Book of Names","floor":17},{"not_picked":["hermit:Magnum","hermit:Roulette"],"picked":"hermit:Manifest","floor":18},{"not_picked":["hermit:Deadeye","hermit:FullyLoaded"],"picked":"hermit:Determination","floor":20},{"not_picked":["hermit:Ricochet+1","hermit:Spite+1"],"picked":"hermit:SprayPray+1","floor":22},{"not_picked":["hermit:Snipe+1","hermit:Ricochet+1"],"picked":"hermit:Gestalt","floor":24},{"not_picked":["hermit:NoHoldsBarred","hermit:HighCaliber+1","hermit:Glare"],"picked":"SKIP","floor":25},{"not_picked":["hermit:Ricochet","hermit:LoneWolf","hermit:TakeAim"],"picked":"SKIP","floor":27},{"not_picked":["hermit:PistolWhip","hermit:CursedWeapon"],"picked":"hermit:Desperado+1","floor":28},{"not_picked":["hermit:HighCaliber","hermit:CalledShot"],"picked":"hermit:Virtue+1","floor":29},{"not_picked":["hermit:Vantage+1","hermit:Feint","hermit:Shortfuse"],"picked":"SKIP","floor":35},{"not_picked":["hermit:HighCaliber+1","hermit:Manifest+1"],"picked":"hermit:Gestalt","floor":36},{"not_picked":["hermit:Horror+1","hermit:Snipe+1"],"picked":"hermit:SprayPray+1","floor":39},{"not_picked":["hermit:WideOpen+1","hermit:PistolWhip+1"],"picked":"hermit:Glare+1","floor":40},{"not_picked":["hermit:Dive","hermit:OverwhelmingPower","hermit:Quickdraw"],"picked":"SKIP","floor":44},{"not_picked":["hermit:ItchyTrigger+1","hermit:FullyLoaded"],"picked":"hermit:HoleUp+1","floor":46},{"not_picked":["hermit:HighCaliber","hermit:TakeCover"],"picked":"hermit:HoleUp","floor":48}],"player_experience":3153069,"relics_obtained":[{"floor":1,"key":"LetterFromLob"},{"floor":6,"key":"Dream Catcher"},{"floor":8,"key":"Ancient Tea Set"},{"floor":9,"key":"Strawberry"},{"floor":12,"key":"Blue Doll"},{"floor":19,"key":"Shuriken"},{"floor":26,"key":"Garlic"},{"floor":27,"key":"CeramicFish"},{"floor":29,"key":"ZombieTooth"},{"floor":36,"key":"Bird Faced Urn"},{"floor":39,"key":"Blue Candle"},{"floor":40,"key":"BlackRope"},{"floor":41,"key":"FossilizedHelix"},{"floor":43,"key":"Lantern"},{"floor":44,"key":"Gremlin Food"},{"floor":45,"key":"Pen Nib"},{"floor":45,"key":"InkBottle"},{"floor":45,"key":"Replay:Kaleidoscope"},{"floor":46,"key":"Replay:WaspNest"}],"event_choices":[{"damage_healed":0,"gold_gain":0,"player_choice":"Agree","damage_taken":0,"max_hp_gain":0,"max_hp_loss":0,"event_name":"conspire:LoneGhost","floor":5,"gold_loss":0},{"damage_healed":0,"gold_gain":0,"player_choice":"Entered Light","damage_taken":16,"max_hp_gain":0,"max_hp_loss":0,"event_name":"Shining Light","floor":14,"gold_loss":0,"cards_upgraded":["conspire:GhostlyStrike","conspire:GhostlyStrike"]},{"damage_healed":0,"gold_gain":0,"player_choice":"Relic","damage_taken":0,"max_hp_gain":0,"max_hp_loss":0,"event_name":"Wheel of Change","floor":19,"gold_loss":0},{"damage_healed":0,"gold_gain":0,"player_choice":"Fight","damage_taken":0,"max_hp_gain":0,"max_hp_loss":0,"event_name":"MindBloom","floor":36,"gold_loss":0},{"damage_healed":0,"gold_gain":0,"player_choice":"Fight","damage_taken":0,"max_hp_gain":0,"max_hp_loss":0,"event_name":"Mysterious Sphere","floor":41,"gold_loss":0}],"is_beta":false,"boss_relics":[{"not_picked":["Empty Cage","Sozu"],"picked":"Replay:Grab Bag"},{"not_picked":["Velvet Choker","Replay:Fungal Core"],"picked":"ChewingGum"},{"not_picked":["Busted Crown","Coffee Dripper"],"picked":"ReplayTheSpireMod:Onyx Gauntlets"},{"not_picked":["Sandwich","SlaversCollar"],"picked":"Replay:Drink Me"},{"not_picked":["Snecko Eye","construct:WeddingRing"],"picked":"ReplayTheSpireMod:SealedPack"},{"not_picked":["hermit:ClaspedLocket","Astrolabe"],"picked":"SacredBark"}],"items_purged_floors":[3],"is_endless":false,"potions_floor_spawned":[11,12,13,18,22,29,35,40,46],"ascension_level":3}}