{"host":"7gewg82ormp6yt4e","time":1608291479,"event":{"mods":["BaseMod","Block Reminder","Colored Map","Colored Powertips","DeckTracker","Highlight Path","Minty Spire (QoL Compilation)","Relic Stats","StSLib"],"gold_per_floor":[112,122,41,41,41,76,76,104,104,104,104,119,145,165,165,165,165],"floor_reached":16,"playtime":492,"items_purged":[],"score":266,"play_id":"90421737-ad81-4d8f-990e-dd7dab03a373","local_time":"20201218203759","is_ascension_mode":true,"campfire_choices":[{"data":"Deadly Poison","floor":7,"key":"SMITH"},{"floor":11,"key":"REST"},{"floor":15,"key":"REST"}],"circlet_count":0,"master_deck":["AscendersBane","Strike_G","Strike_G","Strike_G","Strike_G","Defend_G","Defend_G","Defend_G","Defend_G","Defend_G","Survivor","Neutralize","Crippling Poison","Deadly Poison+1","Well Laid Plans","Burst","Crippling Poison","Well Laid Plans"],"relics":["Ring of the Snake","NeowsBlessing","Torii","Art of War","Darkstone Periapt","Odd Mushroom"],"acts_visited":["Exordium"],"potions_floor_usage":[12,16,16],"damage_taken":[{"damage":0,"enemies":"Small Slimes","floor":1,"turns":1},{"damage":0,"enemies":"2 Louse","floor":2,"turns":1},{"damage":0,"enemies":"3 Sentries","floor":6,"turns":2},{"damage":74,"enemies":"Gremlin Nob","floor":8,"turns":5},{"damage":2,"enemies":"Jaw Worm","floor":12,"turns":5},{"damage":21,"enemies":"The Mushroom Lair","floor":13,"turns":6},{"damage":8,"enemies":"Looter","floor":14,"turns":4},{"damage":27,"enemies":"The Guardian","floor":16,"turns":2}],"seed_played":"-817034435070297794","potions_obtained":[{"floor":1,"key":"FairyPotion"},{"floor":2,"key":"EntropicBrew"},{"floor":13,"key":"Swift Potion"}],"is_trial":false,"path_per_floor":["M","M","$","?","?","E","R","E","T","?","R","M","?","M","R","B"],"character_chosen":"THE_SILENT","items_purchased":["Well Laid Plans"],"campfire_rested":2,"item_purchase_floors":[3],"current_hp_per_floor":[59,59,59,64,64,64,64,21,21,14,35,33,12,4,25,0,0],"gold":165,"neow_bonus":"THREE_ENEMY_KILL","is_daily":false,"chose_seed":false,"campfire_upgraded":1,"win_rate":0.0,"timestamp":1608291479,"path_taken":["M","M","$","?","?","E","R","E","T","?","R","M","?","?","R","BOSS"],"items_purchased_type":["Card"],"build_version":"2020-12-13","purchased_purges":0,"victory":false,"max_hp_per_floor":[66,66,66,71,71,71,71,71,71,71,71,71,71,71,71,71,71],"relic_stats":{"Darkstone Periapt":0,"Torii":2,"counters":[8,26],"Art of War":[7],"obtain_stats":[{"Darkstone Periapt":9,"NeowsBlessing":0,"Torii":6,"Art of War":8,"Odd Mushroom":13,"Ring of the Snake":0},{"Darkstone Periapt":4,"NeowsBlessing":0,"Torii":3,"Art of War":4,"Odd Mushroom":6,"Ring of the Snake":0},{"Darkstone Periapt":9,"NeowsBlessing":0,"Torii":4,"Art of War":9,"Odd Mushroom":20,"Ring of the Snake":0}],"Ring of the Snake":[16]},"card_choices":[{"not_picked":["Finisher","Bane"],"picked":"Crippling Poison","floor":1},{"not_picked":["Flying Knee","Dagger Spray"],"picked":"Deadly Poison","floor":2},{"not_picked":["Accuracy","Backflip"],"picked":"Burst","floor":6},{"not_picked":["Poisoned Stab","Accuracy"],"picked":"Crippling Poison","floor":8},{"not_picked":["Quick Slash","Dodge and Roll"],"picked":"Well Laid Plans","floor":12},{"not_picked":["Escape Plan","Sucker Punch","Cloak And Dagger"],"picked":"SKIP","floor":14}],"player_experience":2392470,"relics_obtained":[{"floor":6,"key":"Torii"},{"floor":8,"key":"Art of War"},{"floor":9,"key":"Darkstone Periapt"},{"floor":13,"key":"Odd Mushroom"}],"event_choices":[{"damage_healed":0,"gold_gain":0,"player_choice":"Donut","damage_taken":0,"max_hp_gain":5,"max_hp_loss":0,"event_name":"Big Fish","floor":4,"gold_loss":0},{"damage_healed":0,"gold_gain":0,"player_choice":"Leave","damage_taken":0,"max_hp_gain":0,"max_hp_loss":0,"event_name":"The Cleric","floor":5,"gold_loss":0},{"cards_removed":["Strike_G"],"damage_healed":0,"gold_gain":0,"player_choice":"Card Removal","damage_taken":7,"max_hp_gain":0,"max_hp_loss":0,"event_name":"Golden Wing","floor":10,"gold_loss":0},{"damage_healed":0,"gold_gain":0,"player_choice":"Fought Mushrooms","damage_taken":0,"max_hp_gain":0,"max_hp_loss":0,"event_name":"Mushrooms","floor":13,"gold_loss":0}],"is_beta":false,"boss_relics":[],"items_purged_floors":[],"is_endless":false,"potions_floor_spawned":[1,2,13],"killed_by":"The Guardian","ascension_level":20}}