{"host":"0azimyi6n3ugndj4","time":1608299629,"event":{"mods":["BaseMod","Bestiary","Conspire","Curses Come First","Defuse TimeMaze Blight","Hyrulean Relics","Infinite Spire","Minty Spire (QoL Compilation)","Relic Sorter","Relic Stats","Replay The Spire","StSLib","SuperFastMode","Uncapped","¡¼?Úª?ø«¡½REMEMod"],"gold_per_floor":[99,159,159,213,51,51,51,51,51,51,1,1,1,37,37,248,248,296,296,496,496,2,86,86,143,195,195,195,195,252,282,378,50,50,7,7],"floor_reached":35,"playtime":524,"items_purged":["Eruption"],"score":733,"play_id":"0aa86699-a3fa-442e-8f20-a637f6fe8f5a","local_time":"20201218225349","daily_mods":["Draft","Hoarder","Chimera","Shiny","Specialized","Vintage","ControlledChaos","Allstar","Diverse","Colorless Cards","Heirloom","Time Dilation","Flight","Binary","Elite Swarm","Lethality","Midas","Binary"],"is_ascension_mode":true,"campfire_choices":[{"floor":6,"key":"REST"},{"floor":10,"key":"REST"},{"floor":12,"key":"REST"},{"floor":15,"key":"REST"},{"floor":24,"key":"DIG"},{"data":"Replay:AllIn","floor":29,"key":"PURGE"}],"circlet_count":0,"master_deck":["Demon Form","Wraith Form v2","Echo Form","DevaForm","AscendersBane","Bash","Survivor","Zap","Strike_R","Strike_G","Strike_B","Defend_R","Defend_G","Defend_P","Brilliance","Devotion","LessonLearned","Vault","Alpha","Establishment","REME_WorshipGod","Replay:LoomingThreat","DeusExMachina","Judgement","ConjureBlade","REME_EmptyShield","MasterReality","Blasphemy","Ragnarok","REME_CRH","Scrawl","Wish","Omniscience","SpiritShield","DevaForm","Hyperbeam","REME_ForAll","Machine Learning","Buffer","Mirror Shield","Seek","Echo Form","All For One","Reboot","Fission","Core Surge","Multi-Cast","Thunder Strike","Biased Cognition","REME_Shoggoth","Electrodynamics","ReplayRNGCard","ReplayTheSpireMod:Omega Cannon","Rainbow","Meteor Strike","Amplify","Creative AI","REME_ShadowForm","ReplayTheSpireMod:Necrosis","Corpse Explosion","Die Die Die","Atom Bomb","ReplayTheSpireMod:From All Sides","Adrenaline","Envenom","Doppelganger","Burst","Wraith Form v2","REME_SpectralBlade","Tools of the Trade","REME_CopyPotion","After Image","Poison Darts","A Thousand Cuts","Venomology","Replay:Bag of Tricks","Malaise","Phantasmal Killer","Night Terror","infinitespire:Neurotoxin","Unload","REME_GrazeFinale","Bullet Time","Storm of Steel","Glass Knife","Grand Finale","Double Tap","Demon Form","REME_ACTH","Fiend Fire","Eclipse","conspire:Purge","Berserk","Impervious","Juggernaut","Brutality","Demonic Infusion","conspire:HitWhereItHurts","Exhume","Offering","REME_Fury","Bludgeon","Feed","Replay:Many Hands","Limit Break","Corruption","Barricade","Hemogenesis","REME_TheLastStrike","Reaper","Immolate","Thinking Ahead","Metamorphosis","Master of Strategy","Magnetism","Chrysalis","Mayhem","REME_PuzzleBox","Secret Weapon","Midas Touch","ReplayTheSpireMod:Brewmster","REME_AllRoundStrike","Poisoned Strike","Sadistic Nature","Replay:Dark Deal","REME_Flogging","ReplayUltimateDefense","Transmutation","REME_BattleFury","HandOfGreed","ReplayTheSpireMod:Necrogeddon","Apotheosis","Panache+1","Violence","Secret Technique","The Bomb","Crow Ritual","REME_BuildACard","REME_ProfessionalPlagiarism","REME_Compress","REME_Compress","REME_Compress","REME_Compress","REME_Compress","REME_Compress","REME_Compress","REME_Compress","REME_Compress","REME_Compress","REME_Compress","REME_Compress","REME_Compress","REME_Compress","REME_Compress","Warcry","Warcry","Warcry","Bane","Bane","Bane","REME_Cut","REME_Cut","REME_Cut","BowlingBash","BowlingBash","BowlingBash","Deadly Poison","Deadly Poison","Deadly Poison","Stack","Stack","Stack","Replay:Undeath\u0027s Touch","Replay:Undeath\u0027s Touch","Replay:Undeath\u0027s Touch","Heavy Blade","Heavy Blade","Heavy Blade","Replay:BluntJabs","Replay:BluntJabs","Replay:BluntJabs","Tempest","Tempest","Tempest","Turbo","Turbo","Turbo","Flying Knee","Flying Knee","Flying Knee","CrushJoints","CrushJoints","CrushJoints","SignatureMove","SignatureMove","SignatureMove","Storm","Storm","Storm","Brilliance","Brilliance","Brilliance","Replay:Parry","Replay:Parry","Replay:Parry","Replay:Parry","Replay:Parry","Replay:Parry","Replay:Parry","Replay:Parry","Replay:Parry","Replay:Parry","Replay:Parry","Replay:Parry","Replay:Parry","Replay:Parry","Replay:Parry","Sword Boomerang","Sword Boomerang","Sword Boomerang","Deep Breath","Deep Breath","Deep Breath","SashWhip","SashWhip","SashWhip","Panic Button","Panic Button","Panic Button","Dark Embrace","Dark Embrace","Dark Embrace","Sunder","Sunder","Sunder","Outmaneuver","Outmaneuver","Outmaneuver","Sweeping Beam","Sweeping Beam","Sweeping Beam","Go for the Eyes","Go for the Eyes","Go for the Eyes","Acrobatics","Acrobatics","Acrobatics","Ball Lightning","Ball Lightning","Ball Lightning","SashWhip","SashWhip","SashWhip","Defy Death","Defy Death","Defy Death","Evaluate","Evaluate","BowlingBash","BowlingBash","BowlingBash","Swift Strike+1","Swift Strike+1","Swift Strike+1","conspire:SpireCoStock","conspire:SpireCoStock","conspire:SpireCoStock","infinitespire:TheBestDefense","infinitespire:TheBestDefense","infinitespire:TheBestDefense"],"relics":["Cracked Core","Frozen Eye","Busted Crown","REME_ComplimentaryCards","Pocketwatch","Pondfish Scales","Centennial Puzzle","Replay:Ringing Soul","REME_OnlineShoppingPlatform","zeldaRelics:BlueTunic","zeldaRelics:CourageTriforce","Meat on the Bone","conspire:RoyalGoblet","HornCleat","infinitespire:Cupcake","Shovel","Lee\u0027s Waffle","infinitespire:Magic Flask","Prayer Wheel","Replay:Multitool","Boot","ReplayFunnel","infinitespire:Satchel","zeldaRelics:WisdomPiece","CaptainsWheel"],"acts_visited":["Exordium","TheCity"],"potions_floor_usage":[16,35,35],"damage_taken":[{"damage":0,"enemies":"Cultist","floor":2,"turns":2},{"damage":13,"enemies":"Jaw Worm","floor":4,"turns":2},{"damage":17,"enemies":"Jaw Worm","floor":7,"turns":3},{"damage":0,"enemies":"2 Louse","floor":14,"turns":1},{"damage":75,"enemies":"Hexaghost","floor":16,"turns":7},{"damage":0,"enemies":"Spheric Guardian","floor":18,"turns":2},{"damage":44,"enemies":"Replay:Snechameleon","floor":23,"turns":4},{"damage":0,"enemies":"2 Thieves","floor":25,"turns":1},{"damage":13,"enemies":"Centurion and Healer","floor":30,"turns":5},{"damage":0,"enemies":"Shelled Parasite and Fungi","floor":31,"turns":1},{"damage":17,"enemies":"Nightmare","floor":32,"turns":4},{"damage":49,"enemies":"Champ","floor":35,"turns":5}],"seed_played":"-3553073458742651324","potions_obtained":[{"floor":2,"key":"EssenceOfSteel"}],"is_trial":true,"path_per_floor":["WH","M","?","M","$","R","?","$","T","R","?","R","?","M","R","B",null,"M","WH","?","AVR","$","E","R","M","T","PTL","PTL","R","M","M","NM","$","R","B"],"character_chosen":"DEFECT","items_purchased":["REME_OnlineShoppingPlatform","Lee\u0027s Waffle","infinitespire:Magic Flask","CaptainsWheel"],"campfire_rested":4,"item_purchase_floors":[5,22,22,33],"current_hp_per_floor":[64,64,64,51,51,71,54,54,54,71,74,74,79,79,79,16,63,63,70,70,70,93,58,58,58,58,58,58,58,57,57,55,55,49,0,0],"gold":7,"neow_bonus":"TEN_PERCENT_HP_BONUS","is_daily":false,"chose_seed":false,"campfire_upgraded":0,"win_rate":0.0,"timestamp":1608299629,"path_taken":["WH","M","?","M","$","R","?","$","T","R","?","R","?","M","R","BOSS","M","WH","?","AVR","?","E","R","M","T","PTL","PTL","R","M","?","NM","$","R","BOSS"],"items_purchased_type":["Relic","Relic","Relic","Relic"],"build_version":"2020-12-13","purchased_purges":1,"victory":false,"max_hp_per_floor":[71,71,71,71,71,71,71,71,71,71,74,74,79,79,79,79,79,79,86,86,86,93,93,93,93,93,93,93,93,93,93,96,96,96,96,96],"relic_stats":{"Centennial Puzzle":[21],"Lee\u0027s Waffle":23,"Busted Crown":16,"Shovel":1,"counters":[12,37],"Prayer Wheel":0,"Boot":[0],"obtain_stats":[{"zeldaRelics:BlueTunic":7,"ReplayFunnel":30,"conspire:RoyalGoblet":17,"Replay:Multitool":24,"Boot":25,"Frozen Eye":0,"Replay:Ringing Soul":4,"Centennial Puzzle":2,"HornCleat":18,"Shovel":21,"Prayer Wheel":23,"zeldaRelics:CouragePiece":9,"Cracked Core":0,"REME_OnlineShoppingPlatform":5,"Lee\u0027s Waffle":22,"zeldaRelics:WisdomPiece":32,"infinitespire:Magic Flask":22,"zeldaRelics:CourageTriforce":26,"Pondfish Scales":1,"CaptainsWheel":33,"Busted Crown":0,"infinitespire:Satchel":31,"REME_ComplimentaryCards":0,"Pocketwatch":0,"Meat on the Bone":14,"infinitespire:Cupcake":21},{"zeldaRelics:BlueTunic":3,"ReplayFunnel":9,"conspire:RoyalGoblet":5,"Replay:Multitool":7,"Boot":8,"Frozen Eye":0,"Replay:Ringing Soul":2,"Centennial Puzzle":1,"HornCleat":6,"Shovel":6,"Prayer Wheel":7,"zeldaRelics:CouragePiece":3,"Cracked Core":0,"REME_OnlineShoppingPlatform":2,"Lee\u0027s Waffle":6,"zeldaRelics:WisdomPiece":11,"infinitespire:Magic Flask":6,"zeldaRelics:CourageTriforce":8,"Pondfish Scales":0,"CaptainsWheel":11,"Busted Crown":0,"infinitespire:Satchel":10,"REME_ComplimentaryCards":0,"Pocketwatch":0,"Meat on the Bone":4,"infinitespire:Cupcake":6},{"zeldaRelics:BlueTunic":7,"ReplayFunnel":27,"conspire:RoyalGoblet":15,"Replay:Multitool":21,"Boot":22,"Frozen Eye":0,"Replay:Ringing Soul":4,"Centennial Puzzle":2,"HornCleat":17,"Shovel":17,"Prayer Wheel":18,"zeldaRelics:CouragePiece":7,"Cracked Core":0,"REME_OnlineShoppingPlatform":4,"Lee\u0027s Waffle":17,"zeldaRelics:WisdomPiece":32,"infinitespire:Magic Flask":17,"zeldaRelics:CourageTriforce":22,"Pondfish Scales":0,"CaptainsWheel":32,"Busted Crown":0,"infinitespire:Satchel":28,"REME_ComplimentaryCards":0,"Pocketwatch":0,"Meat on the Bone":8,"infinitespire:Cupcake":17}],"Pocketwatch":[11],"Meat on the Bone":36},"card_choices":[{"not_picked":["Scrape","SashWhip"],"picked":"Warcry","floor":0},{"not_picked":["Flex","BowlingBash"],"picked":"Bane","floor":0},{"not_picked":["Conserve Battery","Deflect"],"picked":"REME_Cut","floor":0},{"not_picked":["Gash","Replay:AtTheReady"],"picked":"BowlingBash","floor":0},{"not_picked":["BowlingBash","Hemokinesis"],"picked":"Deadly Poison","floor":0},{"not_picked":["conspire:SharedLibrary","Pommel Strike"],"picked":"Stack","floor":0},{"not_picked":["Replay:ManipulateFuture","Escape Plan"],"picked":"Replay:Undeath\u0027s Touch","floor":0},{"not_picked":["Cleave","Dagger Throw"],"picked":"Heavy Blade","floor":0},{"not_picked":["REME_MagicPocketWatch","Thunderclap"],"picked":"Replay:BluntJabs","floor":0},{"not_picked":["REME_Whirling","CutThroughFate"],"picked":"Tempest","floor":0},{"not_picked":["Deadly Poison","conspire:SharedLibrary"],"picked":"Turbo","floor":0},{"not_picked":["Massacre","FollowUp"],"picked":"Flying Knee","floor":0},{"not_picked":["BowlingBash","JustLucky"],"picked":"CrushJoints","floor":0},{"not_picked":["Headbutt","ClearTheMind"],"picked":"SignatureMove","floor":0},{"not_picked":["Acrobatics","Evolve"],"picked":"Storm","floor":0},{"not_picked":["Hemokinesis","Halt"],"picked":"Sword Boomerang","floor":1},{"not_picked":["Replay:Sssssssssstrike","Replay:ManipulateFuture"],"picked":"Deep Breath","floor":1},{"not_picked":["BasicCrystalCard","Anger"],"picked":"SashWhip","floor":1},{"not_picked":["ReachHeaven","Wild Strike"],"picked":"Panic Button","floor":1},{"not_picked":["Iron Wave","Leap"],"picked":"Dark Embrace","floor":1},{"not_picked":["Static Discharge","Body Slam"],"picked":"Sunder","floor":1},{"not_picked":["Discovery","REME_Repentance"],"picked":"Outmaneuver","floor":1},{"not_picked":["REME_TwoStrings","Massacre"],"picked":"Sweeping Beam","floor":1},{"not_picked":["Heel Hook","FollowUp"],"picked":"Go for the Eyes","floor":1},{"not_picked":["Consecrate","REME_MusicOfDeath"],"picked":"Acrobatics","floor":1},{"not_picked":["FlyingSleeves","JustLucky"],"picked":"Ball Lightning","floor":1},{"not_picked":["Perfected Strike","JustLucky"],"picked":"SashWhip","floor":1},{"not_picked":["Replay:AtTheReady","Conserve Battery"],"picked":"Defy Death","floor":1},{"not_picked":["Anger","Setup"],"picked":"Evaluate","floor":1},{"not_picked":["Evolve","REME_Repentance"],"picked":"BowlingBash","floor":1},{"not_picked":["infinitespire:SealOfDarkness+","ReplayTheSpireMod:Echoes of Time"],"picked":"infinitespire:TheBestDefense","floor":32}],"player_experience":1462497,"relics_obtained":[{"floor":2,"key":"Centennial Puzzle"},{"floor":4,"key":"Replay:Ringing Soul"},{"floor":7,"key":"zeldaRelics:BlueTunic"},{"floor":9,"key":"zeldaRelics:CouragePiece"},{"floor":14,"key":"Meat on the Bone"},{"floor":18,"key":"HornCleat"},{"floor":23,"key":"zeldaRelics:CouragePiece"},{"floor":24,"key":"Replay:Multitool"},{"floor":25,"key":"Boot"},{"floor":26,"key":"zeldaRelics:CouragePiece"},{"floor":30,"key":"ReplayFunnel"},{"floor":31,"key":"infinitespire:Satchel"},{"floor":32,"key":"zeldaRelics:WisdomPiece"}],"event_choices":[{"damage_healed":0,"gold_gain":0,"player_choice":"Invest 1","damage_taken":0,"max_hp_gain":0,"max_hp_loss":0,"event_name":"conspire:Investor","floor":11,"gold_loss":0},{"damage_healed":0,"gold_gain":0,"player_choice":"Donut","damage_taken":0,"max_hp_gain":5,"max_hp_loss":0,"event_name":"Big Fish","floor":13,"gold_loss":0},{"damage_healed":0,"gold_gain":250,"player_choice":"Bet on Owner","damage_taken":0,"max_hp_gain":0,"max_hp_loss":0,"event_name":"The Joust","floor":20,"gold_loss":50},{"damage_healed":0,"gold_gain":0,"player_choice":"","damage_taken":6,"max_hp_gain":0,"max_hp_loss":0,"event_name":"Knowing Skull","floor":34,"potions_obtained":[],"gold_loss":0,"cards_obtained":[]}],"is_beta":false,"boss_relics":[{"not_picked":["Sozu","conspire:SlowCooker"],"picked":"conspire:RoyalGoblet"}],"items_purged_floors":[21],"is_endless":true,"potions_floor_spawned":[2,16,25,31],"killed_by":"Champ","ascension_level":20}}