{"host":"lpze9ywvzk5bsxql","time":1608296997,"event":{"mods":["2.2 Compatiblity","BaseMod","Bestiary","Better Third Choice","Colored Map","Downfall","Ironclad Rager","Minty Spire (QoL Compilation)","Replay The Spire","StSLib"],"gold_per_floor":[116,116,116,137,22,22,66,66,66,106,106,144,162,176,176,302,302,322,19,19,19,40,80,80,123,176,176,196,196,227,240,240,361,361,384,404,418,189,64,103,103,119,119,132,176,176,33,74,74,74,74,74,74,112,112],"floor_reached":56,"playtime":5237,"items_purged":["Strike_G","Injury","Strike_G"],"score":1330,"play_id":"cb100724-c9ef-4156-86b0-88c6a319d7ad","local_time":"20201218140957","is_ascension_mode":true,"campfire_choices":[{"data":"Terror","floor":6,"key":"SMITH"},{"data":"Accuracy","floor":8,"key":"SMITH"},{"floor":11,"key":"REST"},{"data":"Infinite Blades","floor":15,"key":"SMITH"},{"data":"Infinite Blades","floor":24,"key":"SMITH"},{"data":"Phantasmal Killer","floor":24,"key":"SMITH"},{"floor":27,"key":"RECALL"},{"floor":29,"key":"REST"},{"data":"ReplayTheSpireMod:Scrap Shanks","floor":32,"key":"SMITH"},{"data":"Footwork","floor":32,"key":"SMITH"},{"data":"ReplayTheSpireMod:Shiv Toss","floor":41,"key":"SMITH"},{"data":"Deflect","floor":41,"key":"SMITH"},{"data":"Accuracy","floor":52,"key":"SMITH"},{"data":"Prepared","floor":52,"key":"SMITH"}],"circlet_count":0,"master_deck":["Strike_G","Defend_G","Defend_G","Defend_G","Defend_G","Defend_G","Survivor","Neutralize","Dagger Throw","Terror+1","Footwork+1","Blade Dance","Accuracy+1","Infinite Blades+1","Blade Dance","Infinite Blades+1","Phantasmal Killer+1","ReplayTheSpireMod:Shiv Toss+1","ReplayTheSpireMod:Scrap Shanks+1","Bullet Time","Cloak And Dagger+1","Storm of Steel","Deflect+1","Escape Plan","Prepared+1","Tools of the Trade","Dodge and Roll","Blade Dance+1","Accuracy+1","Hidden Blade","Leg Sweep+1","Escape Plan+1","Escape Plan+1","Prepared+1","Terror+1","PiercingWail"],"relics":["Ring of the Snake","Golden Idol","Replay:Bottled Steam","Replay:Rubber Ducky","Mirror","Replay:Bronze Core","Oddly Smooth Stone","MutagenicStrength","Replay:Arrowhead","Replay:Towering Pillar of Hats","Vajra","Bag of Preparation","WristBlade","Replay:Baseball","Pear","TungstenRod","ReplayTheSpireMod:Ring of Collecting","Lantern","Replay:Mystery Machine"],"acts_visited":["Exordium","TheCity","TheBeyond","TheEnding"],"potions_floor_usage":[10,12,14,30,33,40,40,48,50,50,55],"damage_taken":[{"damage":0,"enemies":"2 Louse","floor":1,"turns":3},{"damage":0,"enemies":"Jaw Worm","floor":4,"turns":3},{"damage":2,"enemies":"Replay:BlueRogue","floor":7,"turns":5},{"damage":13,"enemies":"Lagavulin","floor":10,"turns":4},{"damage":0,"enemies":"3 Sentries","floor":12,"turns":5},{"damage":0,"enemies":"Small Slimes","floor":13,"turns":2},{"damage":0,"enemies":"Exordium Wildlife","floor":14,"turns":2},{"damage":20,"enemies":"The Guardian","floor":16,"turns":7},{"damage":0,"enemies":"Chosen","floor":18,"turns":2},{"damage":0,"enemies":"Spheric Guardian","floor":22,"turns":3},{"damage":0,"enemies":"Replay:Snechameleon","floor":23,"turns":4},{"damage":4,"enemies":"Gremlin Leader","floor":25,"turns":4},{"damage":16,"enemies":"Snake Plant","floor":28,"turns":3},{"damage":0,"enemies":"Book of Stabbing","floor":30,"turns":3},{"damage":0,"enemies":"Centurion and Healer","floor":31,"turns":2},{"damage":0,"enemies":"Automaton","floor":33,"turns":5},{"damage":9,"enemies":"3 Darklings","floor":35,"turns":4},{"damage":0,"enemies":"3 Shapes","floor":36,"turns":3},{"damage":0,"enemies":"Spire Growth","floor":37,"turns":3},{"damage":0,"enemies":"Giant Head","floor":40,"turns":3},{"damage":4,"enemies":"Jaw Worm Horde","floor":42,"turns":3},{"damage":0,"enemies":"Transient","floor":44,"turns":5},{"damage":0,"enemies":"R_Hoarder","floor":45,"turns":4},{"damage":1,"enemies":"Donu and Deca","floor":50,"turns":6},{"damage":0,"enemies":"Shield and Spear","floor":54,"turns":3},{"damage":72,"enemies":"The Heart","floor":55,"turns":6}],"seed_played":"-1612373783190674057","potions_obtained":[{"floor":7,"key":"DuplicationPotion"},{"floor":10,"key":"Strength Potion"},{"floor":12,"key":"CunningPotion"},{"floor":22,"key":"champ:CounterPotion"},{"floor":25,"key":"ColorlessPotion"},{"floor":30,"key":"Fire Potion"},{"floor":33,"key":"Poison Potion"},{"floor":37,"key":"AttackPotion"},{"floor":40,"key":"Fire Potion"},{"floor":42,"key":"Elixir"},{"floor":45,"key":"LiquidMemories"},{"floor":48,"key":"Fruit Juice"},{"floor":48,"key":"Doom Potion"}],"is_trial":false,"path_per_floor":["M","?","?","M","$","R","E","R","T","E","R","E","M","M","R","B",null,"M","$","?","?","M","E","R","E","T","R","M","R","E","M","R","B",null,"M","M","M","$","$","E","R","M","T","M","E","?","$","?","R_BF","B",null,"R","$","E","B",null],"character_chosen":"THE_SILENT","items_purchased":["Footwork","Blade Dance","ReplayTheSpireMod:Scrap Shanks","Oddly Smooth Stone","Accuracy","Hidden Blade","Lantern"],"campfire_rested":2,"item_purchase_floors":[5,5,19,19,38,38,47],"current_hp_per_floor":[77,70,70,70,70,70,68,68,68,55,77,77,77,77,77,57,77,77,77,77,77,77,77,77,73,73,73,57,77,77,77,77,77,77,68,68,68,68,68,68,68,64,74,74,74,74,74,46,46,45,92,92,92,92,20],"gold":112,"neow_bonus":"TEN_PERCENT_HP_BONUS","is_daily":false,"chose_seed":false,"campfire_upgraded":11,"win_rate":0.0,"timestamp":1608296997,"path_taken":["M","?","?","M","$","R","E","R","T","E","R","E","M","M","R","BOSS","M","$","?","?","M","E","R","E","T","R","?","R","E","M","R","BOSS","M","M","?","?","$","E","R","M","T","M","E","?","$","?","R_BF","BOSS","R","$","E","BOSS"],"items_purchased_type":["Card","Card","Card","Relic","Card","Card","Relic"],"build_version":"2020-12-13","purchased_purges":3,"victory":true,"max_hp_per_floor":[77,77,77,77,77,77,77,77,77,77,77,77,77,77,77,77,77,77,77,77,77,77,77,77,77,77,77,77,77,77,77,77,77,77,77,77,77,77,77,77,77,77,87,87,87,87,87,92,92,92,92,92,92,92,92],"card_choices":[{"not_picked":["Poisoned Stab","Acrobatics"],"picked":"Dagger Throw","floor":1},{"not_picked":["Deflect","PiercingWail"],"picked":"Terror","floor":4},{"not_picked":["Corpse Explosion","Deadly Poison"],"picked":"Accuracy","floor":7},{"not_picked":["Crippling Poison","Endless Agony"],"picked":"Infinite Blades","floor":10},{"not_picked":["Poisoned Stab","Quick Slash"],"picked":"Blade Dance","floor":12},{"not_picked":["Prepared","Crippling Poison"],"picked":"Infinite Blades","floor":13},{"not_picked":["Underhanded Strike","Caltrops","Tactician"],"picked":"SKIP","floor":14},{"not_picked":["Underhanded Strike","Caltrops","Tactician"],"picked":"SKIP","floor":14},{"not_picked":["Doppelganger","Unload"],"picked":"Phantasmal Killer","floor":16},{"not_picked":["PiercingWail","Dagger Spray"],"picked":"ReplayTheSpireMod:Shiv Toss","floor":18},{"not_picked":["Poisoned Stab+1","Deadly Poison"],"picked":"Cloak And Dagger+1","floor":22},{"not_picked":["PiercingWail","Eviscerate+1"],"picked":"Storm of Steel","floor":23},{"not_picked":["Backflip","Slice"],"picked":"Deflect","floor":25},{"not_picked":["Deadly Poison","Infinite Blades"],"picked":"Escape Plan","floor":28},{"not_picked":["Dagger Spray","Blade Dance"],"picked":"Prepared","floor":30},{"not_picked":["Escape Plan","Bane","Slice"],"picked":"SKIP","floor":31},{"not_picked":["Adrenaline","ReplayTheSpireMod:Necrosis"],"picked":"Tools of the Trade","floor":33},{"not_picked":["Underhanded Strike","Flying Knee+1"],"picked":"Dodge and Roll","floor":35},{"not_picked":["Outmaneuver","Riddle With Holes+1"],"picked":"Blade Dance+1","floor":36},{"not_picked":["Skewer","Flying Knee+1","Setup"],"picked":"SKIP","floor":37},{"not_picked":["Phantasmal Killer","Underhanded Strike"],"picked":"Leg Sweep+1","floor":40},{"not_picked":["Caltrops","Dagger Spray"],"picked":"Escape Plan+1","floor":42},{"not_picked":["Underhanded Strike","Footwork"],"picked":"Escape Plan+1","floor":44},{"not_picked":["Skewer+1","Heel Hook+1"],"picked":"Prepared+1","floor":45},{"not_picked":["Unload","Slice+1"],"picked":"PiercingWail","floor":54}],"player_experience":252961,"relics_obtained":[{"floor":7,"key":"Replay:Bottled Steam"},{"floor":10,"key":"Replay:Rubber Ducky"},{"floor":12,"key":"Mirror"},{"floor":23,"key":"Replay:Arrowhead"},{"floor":25,"key":"Replay:Towering Pillar of Hats"},{"floor":26,"key":"Vajra"},{"floor":30,"key":"Bag of Preparation"},{"floor":40,"key":"Replay:Baseball"},{"floor":43,"key":"Pear"},{"floor":45,"key":"TungstenRod"},{"floor":46,"key":"ReplayTheSpireMod:Ring of Collecting"},{"floor":54,"key":"Replay:Mystery Machine"}],"event_choices":[{"cards_removed":["Strike_G"],"damage_healed":0,"gold_gain":0,"player_choice":"Card Removal","damage_taken":7,"max_hp_gain":0,"max_hp_loss":0,"event_name":"Golden Wing","floor":2,"gold_loss":0},{"damage_healed":0,"gold_gain":0,"player_choice":"Take Wound","damage_taken":0,"relics_obtained":["Golden Idol"],"max_hp_gain":0,"max_hp_loss":0,"event_name":"Golden Idol","floor":3,"gold_loss":0,"cards_obtained":["Injury"]},{"damage_healed":0,"gold_gain":0,"player_choice":"Inject Mutagens","damage_taken":0,"relics_obtained":["MutagenicStrength"],"max_hp_gain":0,"max_hp_loss":0,"event_name":"Drug Dealer","floor":20,"gold_loss":0},{"damage_healed":0,"gold_gain":0,"cards_transformed":["Strike_G"],"player_choice":"Transformed","damage_taken":0,"max_hp_gain":0,"max_hp_loss":0,"event_name":"Transmorgrifier","floor":21,"gold_loss":0,"cards_obtained":["Bullet Time"]},{"damage_healed":0,"gold_gain":0,"player_choice":"Copied","damage_taken":0,"max_hp_gain":0,"max_hp_loss":0,"event_name":"Duplicator","floor":49,"gold_loss":0,"cards_obtained":["Terror"]}],"is_beta":false,"boss_relics":[{"not_picked":["Honey Jar","Snecko Eye"],"picked":"Replay:Bronze Core"},{"not_picked":["ChewingGum","Kintsugi"],"picked":"WristBlade"}],"items_purged_floors":[19,38,39],"is_endless":false,"potions_floor_spawned":[7,10,12,22,25,30,33,37,40,42,45],"ascension_level":1}}