{"host":"wshh0nphwn6jv7vj","time":1608284684,"event":{"mods":["BaseMod","Bestiary","Minty Spire (QoL Compilation)"],"gold_per_floor":[116,116,116,41,41,41,79,99,99,120,120,163,193,213,213,213,213],"floor_reached":16,"playtime":641,"items_purged":["Injury"],"score":189,"play_id":"ccb8b715-1855-43b7-8a8e-fd06206f4ab6","local_time":"20201218044444","is_ascension_mode":true,"campfire_choices":[{"floor":6,"key":"REST"},{"floor":11,"key":"REST"},{"floor":15,"key":"REST"}],"circlet_count":0,"master_deck":["AscendersBane","Strike_B","Strike_B","Strike_B","Defend_B","Defend_B","Defend_B","Defend_B","Zap","Dualcast","Core Surge","Defragment","Blizzard","White Noise","Sweeping Beam","Sweeping Beam","Capacitor","Redo+1"],"relics":["Cracked Core","Orichalcum","Golden Idol","Dead Branch","HornCleat","Toxic Egg 2","Bag of Preparation"],"acts_visited":["Exordium"],"potions_floor_usage":[7,12,14,16],"damage_taken":[{"damage":0,"enemies":"2 Louse","floor":1,"turns":2},{"damage":22,"enemies":"3 Sentries","floor":7,"turns":7},{"damage":0,"enemies":"Jaw Worm","floor":8,"turns":4},{"damage":0,"enemies":"Small Slimes","floor":10,"turns":2},{"damage":28,"enemies":"Gremlin Nob","floor":12,"turns":5},{"damage":6,"enemies":"2 Fungi Beasts","floor":14,"turns":2},{"damage":38,"enemies":"The Guardian","floor":16,"turns":8}],"seed_played":"-6240675528420586538","potions_obtained":[{"floor":1,"key":"BlessingOfTheForge"},{"floor":8,"key":"Fire Potion"},{"floor":10,"key":"SteroidPotion"},{"floor":12,"key":"Energy Potion"}],"is_trial":false,"path_per_floor":["M","?","?","$","?","R","E","M","T","M","R","E","?","M","R","B"],"character_chosen":"DEFECT","items_purchased":[],"campfire_rested":3,"item_purchase_floors":[],"current_hp_per_floor":[64,53,53,53,29,50,28,28,28,28,49,21,21,15,36,0,0],"gold":213,"neow_bonus":"THREE_RARE_CARDS","is_daily":false,"chose_seed":false,"campfire_upgraded":0,"win_rate":0.0,"timestamp":1608284684,"path_taken":["M","?","?","?","?","R","E","M","T","M","R","E","?","M","R","BOSS"],"items_purchased_type":[],"build_version":"2020-12-13","purchased_purges":1,"victory":false,"max_hp_per_floor":[71,71,71,71,71,71,71,71,71,71,71,71,71,71,71,71,71],"card_choices":[{"not_picked":["All For One","Fission"],"picked":"Core Surge","floor":0},{"not_picked":["Glacier","Rip and Tear"],"picked":"Defragment","floor":1},{"not_picked":["FTL","Creative AI"],"picked":"White Noise","floor":7},{"not_picked":["Auto Shields","Hello World"],"picked":"Sweeping Beam","floor":8},{"not_picked":["Rebound","Streamline"],"picked":"Sweeping Beam","floor":10},{"not_picked":["Consume+1","Beam Cell"],"picked":"Capacitor","floor":12},{"not_picked":["Sweeping Beam","Cold Snap"],"picked":"Redo+1","floor":14}],"player_experience":1444942,"relics_obtained":[{"floor":7,"key":"Dead Branch"},{"floor":9,"key":"HornCleat"},{"floor":12,"key":"Toxic Egg 2"}],"event_choices":[{"damage_healed":0,"gold_gain":0,"player_choice":"Success","damage_taken":11,"relics_obtained":["Orichalcum"],"max_hp_gain":0,"max_hp_loss":0,"event_name":"Scrap Ooze","floor":2,"gold_loss":0},{"damage_healed":0,"gold_gain":0,"cards_transformed":["Strike_B"],"player_choice":"Change","damage_taken":0,"max_hp_gain":0,"max_hp_loss":0,"event_name":"Living Wall","floor":3,"gold_loss":0,"cards_obtained":["Blizzard"]},{"damage_healed":0,"gold_gain":0,"player_choice":"Take Damage","damage_taken":24,"relics_obtained":["Golden Idol"],"max_hp_gain":0,"max_hp_loss":0,"event_name":"Golden Idol","floor":5,"gold_loss":0},{"damage_healed":0,"gold_gain":30,"player_choice":"Searched \u00272\u0027 times","damage_taken":0,"relics_obtained":["Bag of Preparation"],"max_hp_gain":0,"max_hp_loss":0,"event_name":"Dead Adventurer","floor":13,"gold_loss":0}],"is_beta":false,"boss_relics":[],"items_purged_floors":[4],"is_endless":false,"potions_floor_spawned":[1,8,10,12],"killed_by":"The Guardian","ascension_level":15}}