{"host":"hn9kwncajibu2nw8","time":1608281855,"event":{"mods":["AchievementEnabler","BaseMod","Block Reminder","Colored Powertips","DeckTracker","Highlight Path","KOR Keyword Fix","Minty Spire (QoL Compilation)","Quick Restart","Rare Cards Sparkle"],"gold_per_floor":[115,135,150,5,5,39,39,371,371,385,403,403,435,446,446,541,541,557,207,207,221,249,287,287,309,332,352,371,381,409,78,78,78,78],"floor_reached":33,"playtime":1879,"items_purged":["Strike_R","Strike_R","Defend_R"],"score":528,"play_id":"ba3e5c31-2d1f-41bc-8b0a-a17535b81810","local_time":"20201218175735","is_ascension_mode":true,"campfire_choices":[{"data":"Berserk","floor":7.0,"key":"SMITH"},{"floor":12.0,"key":"REST"},{"data":"True Grit","floor":15,"key":"SMITH"},{"floor":24,"key":"REST"},{"floor":32,"key":"REST"}],"circlet_count":0,"master_deck":["Defend_R+1","Defend_R","Defend_R","Bash","Ghostly Armor","Spot Weakness","Iron Wave","Evolve+1","Berserk+1","Combust","Shrug It Off","Body Slam","True Grit+1","Flame Barrier","Offering","Power Through+1","Fire Breathing+1","Shockwave+1","Havoc+1","Dark Embrace","Feel No Pain","Feel No Pain","Exhume","Second Wind","Disarm+1","Body Slam","Feel No Pain"],"relics":["Burning Blood","Darkstone Periapt","Old Coin","CaptainsWheel","PreservedInsect","Astrolabe","Question Card","Red Mask","CeramicFish","Blood Vial","Bag of Marbles","Frozen Eye"],"acts_visited":["Exordium","TheCity"],"potions_floor_usage":[16,22,22,23,30],"damage_taken":[{"damage":1.0,"enemies":"Cultist","floor":1.0,"turns":3.0},{"damage":5.0,"enemies":"Small Slimes","floor":2.0,"turns":4.0},{"damage":7.0,"enemies":"2 Louse","floor":3.0,"turns":3.0},{"damage":27.0,"enemies":"Lagavulin","floor":6.0,"turns":6.0},{"damage":15.0,"enemies":"3 Sentries","floor":8.0,"turns":7.0},{"damage":4.0,"enemies":"Exordium Thugs","floor":10.0,"turns":5.0},{"damage":7.0,"enemies":"Red Slaver","floor":11.0,"turns":5.0},{"damage":4,"enemies":"Lagavulin","floor":13,"turns":6},{"damage":4,"enemies":"Looter","floor":14,"turns":4},{"damage":30,"enemies":"The Guardian","floor":16,"turns":13},{"damage":8,"enemies":"Spheric Guardian","floor":18,"turns":4},{"damage":5,"enemies":"Chosen","floor":21,"turns":5},{"damage":24,"enemies":"Masked Bandits","floor":22,"turns":5},{"damage":64,"enemies":"Gremlin Leader","floor":23,"turns":8},{"damage":19,"enemies":"Sentry and Sphere","floor":25,"turns":6},{"damage":17,"enemies":"Snake Plant","floor":27,"turns":9},{"damage":12,"enemies":"Centurion and Healer","floor":28,"turns":12},{"damage":14,"enemies":"Shelled Parasite and Fungi","floor":29,"turns":6},{"damage":10,"enemies":"Slavers","floor":30,"turns":5},{"damage":26,"enemies":"Champ","floor":33,"turns":10}],"seed_played":"-6502197643402533329","potions_obtained":[{"floor":1.0,"key":"Energy Potion"},{"floor":2.0,"key":"DuplicationPotion"},{"floor":8.0,"key":"FearPotion"},{"floor":13,"key":"Regen Potion"},{"floor":14,"key":"DistilledChaos"},{"floor":22,"key":"Explosive Potion"},{"floor":23,"key":"Fire Potion"},{"floor":25,"key":"ElixirPotion"}],"is_trial":false,"path_per_floor":["M","M","M","$","?","E","R","E","T","M","M","R","E","M","R","B",null,"M","$","?","M","?","E","R","M","T","M","M","M","E","$","R","B"],"character_chosen":"IRONCLAD","items_purchased":["Evolve","Question Card","Feel No Pain","Frozen Eye"],"campfire_rested":3,"item_purchase_floors":[4,19,31,31],"current_hp_per_floor":[72,73,72,72,53,32,32,23,23,25,24,52,54,56,56,32,80,78,78,78,79,75,17,45,32,32,23,19,13,11,11,39,15,15],"gold":78,"neow_bonus":"TWENTY_PERCENT_HP_BONUS","is_daily":false,"chose_seed":false,"campfire_upgraded":2,"win_rate":0.0,"timestamp":1608281855,"path_taken":["M","M","M","$","?","E","R","E","T","M","M","R","E","M","R","BOSS","M","$","?","M","?","E","R","M","T","?","M","M","E","$","R","BOSS"],"items_purchased_type":["Card","Relic","Card","Relic"],"build_version":"2020-12-13","purchased_purges":3,"victory":false,"max_hp_per_floor":[96,96,96,96,96,96,96,96,96,96,96,96,96,96,96,96,96,96,96,96,96,96,96,96,96,96,96,96,96,96,96,96,96,96],"card_choices":[{"not_picked":["Burning Pact","Headbutt"],"picked":"Ghostly Armor","floor":1.0},{"not_picked":["Fire Breathing","Searing Blow"],"picked":"Spot Weakness","floor":2.0},{"not_picked":["Anger","Barricade"],"picked":"Iron Wave","floor":3.0},{"not_picked":["Perfected Strike","Warcry"],"picked":"Berserk","floor":6.0},{"not_picked":["Hemokinesis","Heavy Blade"],"picked":"Combust","floor":8.0},{"not_picked":["True Grit","Second Wind"],"picked":"Shrug It Off","floor":10.0},{"not_picked":["Flex","Entrench"],"picked":"Body Slam","floor":11.0},{"not_picked":["Clash","Dropkick"],"picked":"True Grit","floor":13},{"not_picked":["Wild Strike","Entrench"],"picked":"Flame Barrier","floor":14},{"not_picked":["Feed","Bludgeon"],"picked":"Offering","floor":16},{"not_picked":["Dropkick","Wild Strike"],"picked":"Havoc+1","floor":18},{"not_picked":["Pommel Strike+1","Perfected Strike","Armaments"],"picked":"Feel No Pain","floor":21},{"not_picked":["Searing Blow","Body Slam","Evolve"],"picked":"Feel No Pain","floor":22},{"not_picked":["Warcry","Disarm","Anger+1"],"picked":"Exhume","floor":23},{"not_picked":["Bloodletting","Pommel Strike","Iron Wave"],"picked":"Second Wind","floor":25},{"not_picked":["Twin Strike","Wild Strike+1","Clothesline"],"picked":"Disarm+1","floor":27},{"not_picked":["Shrug It Off","Clash","Fire Breathing"],"picked":"Body Slam","floor":28},{"not_picked":["Reaper","Perfected Strike","Inflame","Flex+1"],"picked":"SKIP","floor":29},{"not_picked":["Perfected Strike","Infernal Blade","Sever Soul","Dropkick"],"picked":"SKIP","floor":30}],"player_experience":471957,"relics_obtained":[{"floor":6.0,"key":"Darkstone Periapt"},{"floor":8.0,"key":"Old Coin"},{"floor":9.0,"key":"CaptainsWheel"},{"floor":13,"key":"PreservedInsect"},{"floor":22,"key":"Red Mask"},{"floor":23,"key":"CeramicFish"},{"floor":26,"key":"Blood Vial"},{"floor":30,"key":"Bag of Marbles"}],"event_choices":[{"damage_healed":0.0,"max_hp_gain":0.0,"max_hp_loss":0.0,"gold_gain":0.0,"event_name":"Shining Light","player_choice":"Entered Light","floor":5.0,"gold_loss":0.0,"damage_taken":19.0,"cards_upgraded":["Defend_R","Evolve"]},{"damage_healed":0,"gold_gain":0,"player_choice":"Read","damage_taken":0,"max_hp_gain":0,"max_hp_loss":0,"event_name":"The Library","floor":20,"gold_loss":0,"cards_obtained":["Dark Embrace"]},{"damage_healed":0,"gold_gain":0,"player_choice":"Fought Bandits","damage_taken":0,"max_hp_gain":0,"max_hp_loss":0,"event_name":"Masked Bandits","floor":22,"gold_loss":0}],"is_beta":false,"boss_relics":[{"not_picked":["Ectoplasm","SacredBark"],"picked":"Astrolabe"}],"items_purged_floors":[4,19,31],"is_endless":false,"potions_floor_spawned":[1,2,8,13,14,22,23,25],"killed_by":"Champ","ascension_level":8}}