{"host":"zpgqcfwzjt3ivxzp","time":1608332737,"event":{"mods":["BaseMod","Better Altar","Better Match","Better Note","Better Sensory Stone","Better Skull","Better Third Choice","BetterRewards","Card Forge","Colored Map","Colored Powertips","Custom Start","Highlight Path","Infinite Spire","Minty Spire (QoL Compilation)","Quick Restart","Replay The Spire","StSLib"],"gold_per_floor":[114,114,134,149,167,193,193,227,253,128,128,153,172,172,172,275,275,288,288,302,302,302,302,314,366,378,428,440,452,489,538,550,625,637,788,818,890,946,958,970,526,604,615,615,615,678,750,803,867,961,961,1013,1013,1013,183,249,297],"floor_reached":58,"playtime":6522,"items_purged":["Strike_P","Strike_P","Defend_P","Defend_P","Protect+1","ReachHeaven+1"],"score":2545,"play_id":"8db28083-57bf-4fda-9053-fa2eb5123fdc","local_time":"20201218170537","is_ascension_mode":true,"campfire_choices":[{"data":"TalkToTheHand","floor":7,"key":"SMITH"},{"data":"Weave","floor":15,"key":"SMITH"},{"data":"infinitespire:NeuralNetwork","floor":26,"key":"SMITH"},{"data":"Replay:ManipulateFuture","floor":34,"key":"SMITH"},{"floor":51,"key":"RECALL"},{"data":"Wish","floor":54,"key":"SMITH"}],"circlet_count":0,"master_deck":["Weave+1","JustLucky","Nirvana+1","Panacea+1","Weave+1","ThirdEye","Prostrate+1","CrushJoints+1","TalkToTheHand+1","Replay:ManipulateFuture+1","JustLucky","CutThroughFate+1","Evaluate","Prostrate","Alpha+1","Replay:ManipulateFuture","Prostrate+1","infinitespire:NeuralNetwork+1","CrushJoints+1","Replay:Cycle+1","CutThroughFate+1","CutThroughFate+1","Brilliance+1","Collect+1","Replay:ManipulateFuture","JustLucky","Replay:Cycle","DevaForm+1","ThirdEye+1","JustLucky+1","Wish+1","Wireheading","Wireheading","Pot Of Greed+1","Pot Of Greed+1","Pot Of Greed+1","JustLucky","Pray","Pot Of Greed+1"],"relics":["Ring of the Snake","Hammer of Thor","Seething Fire","Anvil of the Gods","Vajra","BargainBundle","ClockworkSouvenir","infinitespire:BottledMercury","Replay:Baseball","infinitespire:Cubic Diamond","Juzu Bracelet","Blood Vial","Ancient Tea Set","Honey Jar","MutagenicStrength","MawBank","Busted Crown","CeramicFish","Garlic","infinitespire:Midas Blood","Replay:Bandana","Incense Burner","Pandora\u0027s Box","Sling","Anchor","Lantern","infinitespire:ShieldingShard","Replay:WaspNest","Bottled Tornado","Pondfish Scales","Melange","Grinning Jar","ReplayTheSpireMod:TigerMarble","Bird Faced Urn"],"acts_visited":["Exordium","TheCity","TheBeyond","TheEnding"],"potions_floor_usage":[4,8,16,31,33,35,35,35,47,52,52,57,57,57],"damage_taken":[{"damage":1,"enemies":"2 Louse","floor":1,"turns":3},{"damage":0,"enemies":"Small Slimes","floor":3,"turns":2},{"damage":0,"enemies":"infinitespire:Voidling","floor":4,"turns":2},{"damage":0,"enemies":"2 Fungi Beasts","floor":5,"turns":2},{"damage":0,"enemies":"Replay:BlueRogue","floor":6,"turns":3},{"damage":5,"enemies":"3 Sentries","floor":8,"turns":6},{"damage":0,"enemies":"Replay:BlueRogue","floor":12,"turns":2},{"damage":3,"enemies":"Red Slaver","floor":13,"turns":2},{"damage":8,"enemies":"The Guardian","floor":16,"turns":6},{"damage":0,"enemies":"Spheric Guardian","floor":18,"turns":2},{"damage":0,"enemies":"Shell Parasite","floor":20,"turns":2},{"damage":10,"enemies":"Replay:Snechameleon","floor":25,"turns":4},{"damage":0,"enemies":"Slavers","floor":27,"turns":2},{"damage":0,"enemies":"Chosen and Byrds","floor":30,"turns":3},{"damage":0,"enemies":"Gremlin Leader","floor":31,"turns":2},{"damage":12,"enemies":"Slavers","floor":33,"turns":2},{"damage":0,"enemies":"Automaton","floor":35,"turns":3},{"damage":0,"enemies":"3 Darklings","floor":37,"turns":3},{"damage":12,"enemies":"3 Shapes","floor":38,"turns":5},{"damage":12,"enemies":"R_Hoarder","floor":42,"turns":3},{"damage":0,"enemies":"Nemesis","floor":46,"turns":3},{"damage":0,"enemies":"Maw","floor":47,"turns":4},{"damage":0,"enemies":"4 Shapes","floor":48,"turns":3},{"damage":0,"enemies":"R_Hoarder","floor":49,"turns":4},{"damage":0,"enemies":"2 Orb Walkers","floor":50,"turns":3},{"damage":0,"enemies":"Donu and Deca","floor":52,"turns":3},{"damage":0,"enemies":"Shield and Spear","floor":56,"turns":3},{"damage":12,"enemies":"The Heart","floor":57,"turns":5}],"seed_played":"-1694039551766011325","potions_obtained":[{"floor":4,"key":"Fruit Juice"},{"floor":12,"key":"SpeedPotion"},{"floor":20,"key":"Venom Potion"},{"floor":24,"key":"EntropicBrew"},{"floor":24,"key":"infinitespire:BlackPotion"},{"floor":24,"key":"Reflective Coating"},{"floor":33,"key":"Energy Potion"},{"floor":38,"key":"LiquidBronze"},{"floor":48,"key":"SteroidPotion"}],"is_trial":false,"path_per_floor":["M","?","M","M","M","E","R","E","T","$","?","E","M","?","R","B",null,"M","?","M","PTL","PTL","AVR","?","E","R","E","T","?","M","E","$","E","R","B",null,"M","M","?","?","$","E","?","?","T","E","M","M","E","?","R","B",null,"R","$","E","B",null],"character_chosen":"WATCHER","items_purchased":["Weave","JustLucky","Vajra","Nirvana","Panacea","BargainBundle","Weave","ThirdEye","Block Potion","Adrenaline Potion","SteroidPotion","ClockworkSouvenir","Prostrate","infinitespire:BottledMercury","Replay:Baseball","CrushJoints","TalkToTheHand","Sling","Anchor","Melange","Wireheading","Grinning Jar","JustLucky","ReplayTheSpireMod:TigerMarble","ColorlessPotion","Dexterity Potion","Pray"],"campfire_rested":0,"item_purchase_floors":[0,0,0,0,0,0,0,0,0,0,0,0,0,0,0,0,0,41,41,55,55,55,55,55,55,55,55],"current_hp_per_floor":[64,64,64,69,69,69,69,64,64,64,57,59,58,63,63,57,76,78,78,80,80,80,80,80,72,72,74,74,74,76,78,78,68,68,70,79,81,70,70,70,70,60,44,82,82,82,82,82,82,82,82,82,82,82,82,82,72],"gold":297,"neow_bonus":"","is_daily":false,"chose_seed":false,"campfire_upgraded":5,"win_rate":0.0,"timestamp":1608332737,"path_taken":["M","?","M","M","M","E","R","E","T","$","?","E","M","?","R","BOSS","M","?","M","PTL","PTL","AVR","?","E","R","E","T","?","M","E","$","E","R","BOSS","M","M","?","?","$","E","?","?","T","E","M","M","E","?","R","BOSS","R","$","E","BOSS"],"items_purchased_type":["Card","Card","Relic","Card","Card","Relic","Card","Card","Potion","Potion","Potion","Relic","Card","Relic","Relic","Card","Card","Relic","Relic","Relic","Card","Relic","Card","Relic","Potion","Potion","Card"],"build_version":"2020-12-13","purchased_purges":6,"victory":true,"max_hp_per_floor":[72,72,72,77,77,77,77,77,77,77,77,77,77,82,82,82,82,82,82,82,82,82,82,82,82,82,82,82,82,82,82,82,82,82,82,82,82,82,82,82,82,82,82,82,82,82,82,82,82,82,82,82,82,82,82,82,82],"card_choices":[{"not_picked":["Prostrate","JustLucky"],"picked":"Replay:ManipulateFuture","floor":1},{"not_picked":["ThirdEye","ForeignInfluence"],"picked":"JustLucky","floor":3},{"not_picked":["FlyingSleeves","FlurryOfBlows"],"picked":"CutThroughFate","floor":4},{"not_picked":["Evaluate","WheelKick","BowlingBash"],"picked":"SKIP","floor":5},{"not_picked":["SashWhip","MentalFortress","Conclude"],"picked":"SKIP","floor":6},{"not_picked":["Replay:AtTheReady","ConjureBlade"],"picked":"Evaluate","floor":8},{"not_picked":["SashWhip","Replay:BluntJabs"],"picked":"Prostrate","floor":12},{"not_picked":["Crescendo","WindmillStrike","Replay:BluntJabs"],"picked":"SKIP","floor":13},{"not_picked":["Replay:AllIn","Blasphemy"],"picked":"Alpha","floor":16},{"not_picked":["FlyingSleeves","WindmillStrike","Evaluate"],"picked":"Replay:ManipulateFuture","floor":18},{"not_picked":["WheelKick","Worship","Protect+1"],"picked":"Prostrate+1","floor":20},{"not_picked":["CarveReality"],"picked":"CrushJoints+1","floor":25},{"not_picked":["EmptyFist+1"],"picked":"Replay:Cycle+1","floor":27},{"not_picked":["Consecrate"],"picked":"CutThroughFate+1","floor":30},{"not_picked":["FlyingSleeves"],"picked":"CutThroughFate","floor":31},{"not_picked":["FlyingSleeves"],"picked":"ReachHeaven+1","floor":33},{"not_picked":["Wish"],"picked":"Brilliance","floor":35},{"not_picked":["SashWhip+1"],"picked":"JustLucky","floor":37},{"not_picked":["Consecrate"],"picked":"Protect+1","floor":38},{"not_picked":["ClearTheMind"],"picked":"Replay:Cycle","floor":42},{"not_picked":["FearNoEvil+1"],"picked":"ThirdEye+1","floor":46},{"not_picked":["InnerPeace"],"picked":"SashWhip","floor":47},{"not_picked":["FlurryOfBlows"],"picked":"JustLucky+1","floor":48},{"not_picked":["Replay:ManipulateFuture+1"],"picked":"Wish","floor":49},{"not_picked":["SashWhip+1"],"picked":"Replay:AtTheReady+1","floor":50},{"not_picked":["Adaptation+1"],"picked":"EmptyBody+1","floor":56}],"player_experience":895744,"relics_obtained":[{"floor":6,"key":"Juzu Bracelet"},{"floor":8,"key":"Blood Vial"},{"floor":12,"key":"Ancient Tea Set"},{"floor":25,"key":"CeramicFish"},{"floor":27,"key":"Garlic"},{"floor":28,"key":"infinitespire:Midas Blood"},{"floor":31,"key":"Replay:Bandana"},{"floor":33,"key":"Incense Burner"},{"floor":42,"key":"Lantern"},{"floor":45,"key":"infinitespire:ShieldingShard"},{"floor":46,"key":"Replay:WaspNest"},{"floor":49,"key":"Bottled Tornado"},{"floor":50,"key":"Pondfish Scales"},{"floor":56,"key":"Bird Faced Urn"}],"event_choices":[{"cards_removed":["Strike_P"],"damage_healed":0,"gold_gain":0,"player_choice":"Card Removal","damage_taken":7,"max_hp_gain":0,"max_hp_loss":0,"event_name":"Golden Wing","floor":11,"gold_loss":0},{"damage_healed":0,"gold_gain":0,"player_choice":"Donut","damage_taken":0,"max_hp_gain":5,"max_hp_loss":0,"event_name":"Big Fish","floor":14,"gold_loss":0},{"damage_healed":0,"gold_gain":0,"player_choice":"Inject Mutagens","damage_taken":0,"relics_obtained":["MutagenicStrength"],"max_hp_gain":0,"max_hp_loss":0,"event_name":"Drug Dealer","floor":19,"gold_loss":0},{"damage_healed":0,"gold_gain":0,"player_choice":"Got Potions","damage_taken":0,"max_hp_gain":0,"max_hp_loss":0,"event_name":"Lab","floor":24,"gold_loss":0},{"damage_healed":0,"gold_gain":0,"player_choice":"Ignored","damage_taken":0,"max_hp_gain":0,"max_hp_loss":0,"event_name":"Ghosts","floor":29,"gold_loss":0},{"damage_healed":0,"gold_gain":0,"player_choice":"Bought 0 Potions","damage_taken":0,"max_hp_gain":0,"max_hp_loss":0,"event_name":"The Woman in Blue","floor":39,"gold_loss":0},{"damage_healed":0,"gold_gain":0,"player_choice":"Ignored","damage_taken":0,"max_hp_gain":0,"max_hp_loss":0,"event_name":"Tomb of Lord Red Mask","floor":40,"gold_loss":0},{"damage_healed":0,"gold_gain":3,"player_choice":"2","damage_taken":0,"max_hp_gain":0,"max_hp_loss":16,"event_name":"betterStone:BetterStone","floor":43,"gold_loss":0},{"damage_healed":38,"gold_gain":0,"player_choice":"Full Heal","damage_taken":0,"max_hp_gain":0,"max_hp_loss":0,"event_name":"Wheel of Change","floor":44,"gold_loss":0},{"damage_healed":0,"gold_gain":0,"player_choice":"Fight","damage_taken":0,"max_hp_gain":0,"max_hp_loss":0,"event_name":"Mysterious Sphere","floor":50,"gold_loss":0}],"is_beta":false,"boss_relics":[{"not_picked":["Replay:Wanted Poster","Painkiller Herb"],"picked":"Honey Jar"},{"not_picked":["ReplayTheSpireMod:SealedPack","Astrolabe"],"picked":"Pandora\u0027s Box"}],"items_purged_floors":[0,0,10,23,41,55],"is_endless":false,"potions_floor_spawned":[3,4,12,20,33,38,48],"ascension_level":7}}