{"host":"gc0hqzwg2gd3zszy","time":1608269451,"event":{"mods":["BaseMod","DeckTracker","Minty Spire (QoL Compilation)","Relic Stats","SuperFastMode"],"gold_per_floor":[214,227,34,48,48,79,79,110,110,130,130,130,146,172,172,245,245,245,185,185,185,66,66,7,7,7,7,7,7,7,7,7,7,7,7,7,7,7,7,7,7],"floor_reached":40,"playtime":1637,"items_purged":[],"score":849,"play_id":"127f0f10-0272-448d-bc33-39a3b28c3127","local_time":"20201218143051","is_ascension_mode":true,"campfire_choices":[{"floor":7.0,"key":"REST"},{"floor":11.0,"key":"DIG"},{"floor":15.0,"key":"DIG"},{"floor":23.0,"key":"REST"},{"data":"Hello World","floor":25.0,"key":"SMITH"},{"data":"Reprogram","floor":32.0,"key":"SMITH"}],"circlet_count":0,"master_deck":["AscendersBane","Strike_B","Strike_B","Strike_B","Strike_B+1","Defend_B","Defend_B","Defend_B","Zap","Dualcast","Turbo","Scrape","Hello World","Rebound","Steam","Sweeping Beam","Go for the Eyes","Coolheaded","Thunder Strike","Gash","Defragment","Stack","Machine Learning","Aggregate","Compile Driver","Hello World+1","Melter","Turbo","Reprogram+1","Gash","Rebound+1","Hologram+1","Fusion","All For One","Barrage","Go for the Eyes+1","Deep Breath","PanicButton","Good Instincts","Conserve Battery","FTL"],"relics":["Cracked Core","Thread and Needle","Eternal Feather","Shovel","Vajra","Turnip","Singing Bowl","Unceasing Top","Ectoplasm","Tiny House","The Courier"],"acts_visited":["Exordium","TheCity","TheBeyond"],"potions_floor_usage":[40],"damage_taken":[{"damage":7.0,"enemies":"Jaw Worm","floor":1.0,"turns":4.0},{"damage":1.0,"enemies":"Cultist","floor":2.0,"turns":3.0},{"damage":0.0,"enemies":"Small Slimes","floor":4.0,"turns":3.0},{"damage":32.0,"enemies":"Gremlin Nob","floor":6.0,"turns":4.0},{"damage":15.0,"enemies":"Lagavulin","floor":8.0,"turns":6.0},{"damage":6.0,"enemies":"Exordium Thugs","floor":10.0,"turns":4.0},{"damage":0.0,"enemies":"Exordium Wildlife","floor":13.0,"turns":2.0},{"damage":2.0,"enemies":"Gremlin Nob","floor":14.0,"turns":3.0},{"damage":24.0,"enemies":"Slime Boss","floor":16.0,"turns":7.0},{"damage":23.0,"enemies":"3 Byrds","floor":18.0,"turns":5.0},{"damage":22.0,"enemies":"2 Thieves","floor":19.0,"turns":4.0},{"damage":0.0,"enemies":"Shelled Parasite and Fungi","floor":21.0,"turns":1.0},{"damage":3.0,"enemies":"Sentry and Sphere","floor":27.0,"turns":5.0},{"damage":14.0,"enemies":"Centurion and Healer","floor":28.0,"turns":7.0},{"damage":8.0,"enemies":"Cultist and Chosen","floor":29.0,"turns":7.0},{"damage":15.0,"enemies":"Shelled Parasite and Fungi","floor":30.0,"turns":4.0},{"damage":3.0,"enemies":"Snecko","floor":31.0,"turns":3.0},{"damage":3.0,"enemies":"Collector","floor":33.0,"turns":9.0},{"damage":4.0,"enemies":"Orb Walker","floor":35.0,"turns":3.0},{"damage":7.0,"enemies":"3 Shapes","floor":37.0,"turns":3.0},{"damage":23.0,"enemies":"Jaw Worm Horde","floor":38.0,"turns":4.0},{"damage":29,"enemies":"Nemesis","floor":40,"turns":3}],"seed_played":"2179092624805292513","potions_obtained":[{"floor":1.0,"key":"PotionOfCapacity"},{"floor":10.0,"key":"EssenceOfDarkness"},{"floor":16.0,"key":"SmokeBomb"},{"floor":18.0,"key":"CultistPotion"},{"floor":29.0,"key":"SpeedPotion"},{"floor":30.0,"key":"DistilledChaos"},{"floor":31.0,"key":"DuplicationPotion"},{"floor":34.0,"key":"EntropicBrew"},{"floor":35.0,"key":"DistilledChaos"}],"is_trial":false,"path_per_floor":["M","M","$","M","?","E","R","E","T","M","R","?","M","E","R","B",null,"M","M","?","M","$","R","$","R","T","M","M","M","M","M","R","B",null,"M","?","M","M","T","E"],"character_chosen":"DEFECT","items_purchased":["Hello World","Rebound","Steam","Hello World","Melter","Turbo"],"campfire_rested":2,"item_purchase_floors":[3,3,3,22,22,24],"current_hp_per_floor":[57,56,56,56,56,24,45,30,30,24,36,36,36,34,46,22,59,36,14,14,14,14,50,50,65,65,62,48,40,25,22,40,37,68,64,54,47,24,24,0,0],"gold":7,"neow_bonus":"HUNDRED_GOLD","is_daily":false,"chose_seed":false,"campfire_upgraded":2,"win_rate":0.0,"timestamp":1608269451,"path_taken":["M","M","$","M","?","E","R","E","T","M","R","?","M","E","R","BOSS","M","M","?","M","$","R","$","R","T","M","M","?","M","M","R","BOSS","M","?","M","M","?","E"],"items_purchased_type":["Card","Card","Card","Card","Card","Card"],"build_version":"2020-12-13","purchased_purges":0,"victory":false,"max_hp_per_floor":[71,71,71,71,71,71,71,71,71,71,71,71,71,71,71,71,71,71,71,71,71,71,71,71,71,71,71,71,71,71,71,71,71,76,76,76,76,76,76,76,76],"relic_stats":{"Shovel":2,"Singing Bowl":0,"counters":[22,94],"Eternal Feather":72,"Turnip":[17],"Ectoplasm":367,"obtain_stats":[{"Shovel":9,"Tiny House":34,"Singing Bowl":14,"Vajra":11,"Thread and Needle":6,"Eternal Feather":8,"Turnip":12,"Ectoplasm":17,"The Courier":39,"Cracked Core":0,"Unceasing Top":15},{"Shovel":5,"Tiny House":18,"Singing Bowl":8,"Vajra":6,"Thread and Needle":4,"Eternal Feather":5,"Turnip":6,"Ectoplasm":9,"The Courier":21,"Cracked Core":0,"Unceasing Top":8},{"Shovel":20,"Tiny House":81,"Singing Bowl":29,"Vajra":24,"Thread and Needle":14,"Eternal Feather":20,"Turnip":24,"Ectoplasm":36,"The Courier":91,"Cracked Core":0,"Unceasing Top":29}],"Unceasing Top":[33]},"card_choices":[{"not_picked":["Genetic Algorithm","Hologram"],"picked":"Turbo","floor":1.0},{"not_picked":["Barrage","Capacitor"],"picked":"Scrape","floor":2.0},{"not_picked":["Cold Snap","Go for the Eyes"],"picked":"Sweeping Beam","floor":4.0},{"not_picked":["Ball Lightning","Fission"],"picked":"Coolheaded","floor":6.0},{"not_picked":["Coolheaded","Consume"],"picked":"Thunder Strike","floor":8.0},{"not_picked":["Coolheaded","Sweeping Beam"],"picked":"Gash","floor":10.0},{"not_picked":["Coolheaded","Melter"],"picked":"Defragment","floor":13.0},{"not_picked":["Sweeping Beam","Reboot"],"picked":"Stack","floor":14.0},{"not_picked":["Meteor Strike","Amplify"],"picked":"Machine Learning","floor":16.0},{"not_picked":["White Noise","Steam"],"picked":"Aggregate","floor":18.0},{"not_picked":["Conserve Battery","Recycle"],"picked":"Compile Driver","floor":19.0},{"not_picked":["Stack","Redo"],"picked":"Reprogram","floor":27.0},{"not_picked":["Double Energy","Ball Lightning"],"picked":"Gash","floor":28.0},{"not_picked":["Streamline","Glacier"],"picked":"Rebound+1","floor":29.0},{"not_picked":["Compile Driver","Coolheaded"],"picked":"Hologram+1","floor":30.0},{"not_picked":["Turbo","Sunder"],"picked":"Fusion","floor":31.0},{"not_picked":["Biased Cognition","Core Surge"],"picked":"All For One","floor":33.0},{"not_picked":["Rebound","Defragment+1"],"picked":"Barrage","floor":34.0},{"not_picked":["Consume+1","Force Field"],"picked":"Go for the Eyes+1","floor":35.0},{"not_picked":["Purity","The Bomb"],"picked":"Deep Breath","floor":36.0},{"not_picked":["Dramatic Entrance","Transmutation"],"picked":"PanicButton","floor":36.0},{"not_picked":["Forethought","Violence"],"picked":"Good Instincts","floor":36.0},{"not_picked":["Leap","Cold Snap"],"picked":"Conserve Battery","floor":37.0},{"not_picked":["Rip and Tear+1","Glacier"],"picked":"FTL","floor":38.0}],"player_experience":1301574,"relics_obtained":[{"floor":6.0,"key":"Thread and Needle"},{"floor":8.0,"key":"Eternal Feather"},{"floor":9.0,"key":"Shovel"},{"floor":11.0,"key":"Vajra"},{"floor":14.0,"key":"Singing Bowl"},{"floor":15.0,"key":"Unceasing Top"},{"floor":39.0,"key":"The Courier"}],"event_choices":[{"damage_healed":0.0,"max_hp_gain":0.0,"max_hp_loss":0.0,"gold_gain":0.0,"cards_transformed":["Defend_B"],"event_name":"Living Wall","player_choice":"Change","floor":5.0,"gold_loss":0.0,"damage_taken":0.0,"cards_obtained":["Go for the Eyes"]},{"damage_healed":0.0,"max_hp_gain":0.0,"max_hp_loss":0.0,"gold_gain":0.0,"event_name":"WeMeetAgain","player_choice":"Gave Potion","floor":12.0,"gold_loss":0.0,"damage_taken":0.0,"relics_obtained":["Turnip"]},{"damage_healed":0.0,"max_hp_gain":0.0,"max_hp_loss":0.0,"gold_gain":0.0,"event_name":"Golden Shrine","player_choice":"Ignored","floor":20.0,"gold_loss":0.0,"damage_taken":0.0},{"damage_healed":0.0,"max_hp_gain":0.0,"max_hp_loss":0.0,"gold_gain":0.0,"event_name":"SensoryStone","player_choice":"Memory 3","floor":36.0,"gold_loss":0.0,"damage_taken":10.0}],"is_beta":false,"boss_relics":[{"not_picked":["SacredBark","Pandora\u0027s Box"],"picked":"Ectoplasm"},{"not_picked":["Runic Pyramid","Empty Cage"],"picked":"Tiny House"}],"items_purged_floors":[],"is_endless":false,"potions_floor_spawned":[1,10,16,18,29,30,31,35],"killed_by":"Nemesis","ascension_level":20}}