{"host":"6ko66ogg91i6g7xq","time":1608268702,"event":{"mods":["AchievementEnabler","Act Like it!","BaseMod","Colored Map","Colored Powertips","Downfall","Hermit","Minty Spire (QoL Compilation)","Quick Restart","Relic Stats","StSLib","The Jungle","everything is the same but u backflip on backflip"],"gold_per_floor":[117,117,192,192,117,117,151,183,219,263,275,318,330,371,383,506,518,530,530],"floor_reached":18,"playtime":587,"items_purged":["Regret"],"score":211,"play_id":"5f3ed8a5-22bc-4699-851c-a20fe5d18fbe","local_time":"20201218001822","is_ascension_mode":true,"campfire_choices":[{"floor":6.0,"key":"RECALL"},{"data":"After Image","floor":11.0,"key":"SMITH"},{"floor":15.0,"key":"REST"}],"circlet_count":0,"master_deck":["Strike_G","Strike_G","Strike_G","Strike_G","Strike_G","Defend_G","Defend_G","Defend_G+1","Defend_G","Defend_G","Survivor+1","Neutralize","Finisher+1","After Image+1","Infinite Blades","Leg Sweep","Burst"],"relics":["Ring of the Snake","NeowsBlessing","Tiny Chest","MawBank","MealTicket","War Paint","CeramicFish"],"acts_visited":["Exordium","TheCity"],"potions_floor_usage":[],"damage_taken":[{"damage":0.0,"enemies":"Small Slimes","floor":1.0,"turns":1.0},{"damage":0.0,"enemies":"Gremlin Nob","floor":7.0,"turns":1.0},{"damage":0.0,"enemies":"2 Louse","floor":8.0,"turns":1.0},{"damage":10.0,"enemies":"3 Sentries","floor":10.0,"turns":7.0},{"damage":21.0,"enemies":"Lagavulin","floor":12.0,"turns":8.0},{"damage":2.0,"enemies":"Jaw Worm","floor":14.0,"turns":4.0},{"damage":43.0,"enemies":"Slime Boss","floor":16.0,"turns":14.0},{"damage":0,"enemies":"Shell Parasite","floor":18,"turns":1}],"seed_played":"709448857958994804","potions_obtained":[{"floor":8.0,"key":"BlessingOfTheForge"},{"floor":12.0,"key":"Swift Potion"},{"floor":16.0,"key":"Guardian:BlockOnCardUsePotion"}],"is_trial":false,"path_per_floor":["M","?","?","?","$","R","E","M","T","E","R","E","T","M","R","B",null,"M"],"character_chosen":"THE_SILENT","items_purchased":[],"campfire_rested":1,"item_purchase_floors":[],"current_hp_per_floor":[70,70,59,59,59,59,59,59,59,49,49,28,28,26,47,4,70,70,70],"gold":530,"neow_bonus":"THREE_ENEMY_KILL","is_daily":false,"chose_seed":false,"campfire_upgraded":1,"win_rate":0.0,"timestamp":1608268702,"path_taken":["M","?","?","?","$","R","E","M","T","E","R","E","?","M","R","BOSS","M"],"items_purchased_type":[],"build_version":"2020-12-13","purchased_purges":1,"victory":false,"max_hp_per_floor":[70,70,70,70,70,70,70,70,70,70,70,70,70,70,70,70,70,70,70],"relic_stats":{"counters":[8,37],"CeramicFish":18,"Tiny Chest":0,"MealTicket":0,"War Paint":["Survivor","Defend_G"],"MawBank":132,"obtain_stats":[{"NeowsBlessing":0,"CeramicFish":13,"Tiny Chest":4,"MealTicket":10,"War Paint":12,"MawBank":7,"Ring of the Snake":0},{"NeowsBlessing":0,"CeramicFish":5,"Tiny Chest":1,"MealTicket":4,"War Paint":5,"MawBank":2,"Ring of the Snake":0},{"NeowsBlessing":0,"CeramicFish":18,"Tiny Chest":1,"MealTicket":10,"War Paint":18,"MawBank":2,"Ring of the Snake":0}],"Ring of the Snake":[14]},"card_choices":[{"not_picked":["Outmaneuver","Backflip"],"picked":"Finisher","floor":1.0},{"not_picked":["Flying Knee","Acrobatics","Masterful Stab"],"picked":"SKIP","floor":7.0},{"not_picked":["Caltrops","Sucker Punch"],"picked":"After Image","floor":8.0},{"not_picked":["Well Laid Plans","Heel Hook","Choke"],"picked":"SKIP","floor":10.0},{"not_picked":["Heel Hook","Escape Plan"],"picked":"Infinite Blades","floor":12.0},{"not_picked":["Bane","Quick Slash"],"picked":"Leg Sweep","floor":14.0},{"not_picked":["A Thousand Cuts","Tools of the Trade"],"picked":"Burst","floor":16.0}],"player_experience":283828,"relics_obtained":[{"floor":7.0,"key":"MawBank"},{"floor":10.0,"key":"MealTicket"},{"floor":12.0,"key":"War Paint"},{"floor":13.0,"key":"CeramicFish"}],"event_choices":[{"damage_healed":0.0,"max_hp_gain":0.0,"max_hp_loss":0.0,"gold_gain":0.0,"event_name":"Living Wall","player_choice":"Grow","floor":2.0,"gold_loss":0.0,"damage_taken":0.0,"cards_upgraded":["Finisher"]},{"damage_healed":0.0,"max_hp_gain":0.0,"max_hp_loss":0.0,"gold_gain":75.0,"event_name":"World of Goop","player_choice":"Gather Gold","floor":3.0,"gold_loss":0.0,"damage_taken":11.0},{"damage_healed":0.0,"max_hp_gain":0.0,"max_hp_loss":0.0,"gold_gain":0.0,"event_name":"Big Fish","player_choice":"Box","floor":4.0,"gold_loss":0.0,"damage_taken":0.0,"relics_obtained":["Tiny Chest"],"cards_obtained":["Regret"]}],"is_beta":false,"boss_relics":[{"not_picked":["Ectoplasm","Fusion Hammer","Snecko Eye"]}],"items_purged_floors":[5],"is_endless":false,"potions_floor_spawned":[8,12,16],"killed_by":"Shell Parasite","ascension_level":1}}