{"host":"cyiefo55v5hz1ih5","time":1608263384,"event":{"mods":["2.2 Compatiblity","AchievementEnabler","BaseMod","Downfall","GifTheSpireLib","Hubris","Minty Spire (QoL Compilation)","Replay The Spire","Robot Space Explorer","StSLib"],"gold_per_floor":[99,99,114,114,114,126,151,162,190,115,131,131,131,231,247,351,401,401,401,411,423,436,203,203,203,215,140,140,190,283,283,338,476,476,476,222,312,364,364,364,364,419,486,411,411,261,320,320,378,378],"floor_reached":51,"playtime":5418,"items_purged":["champ:Strike"],"score":950,"play_id":"30e0e784-123a-4ae8-9c5a-920612dd597e","local_time":"20201217224944","is_ascension_mode":false,"campfire_choices":[{"data":"champ:Taunt","floor":1,"key":"SMITH"},{"floor":4,"key":"REST"},{"floor":10,"key":"REST"},{"floor":18,"key":"RECALL"},{"data":"champ:HoldFirm","floor":27,"key":"SMITH"},{"data":"champ:VampiricStrike","floor":35,"key":"SMITH"},{"data":"champ:Backstep","floor":39,"key":"SMITH"},{"data":"champ:FanOfKnives","floor":44,"key":"SMITH"}],"circlet_count":0,"master_deck":["champ:Defend","champ:Defend","champ:Defend","champ:Execute+1","champ:Taunt+1","champ:ViciousMockery+1","Pot Of Greed","champ:Aggression","Pot Of Greed","champ:FanOfKnives+1","champ:FaceSlap+1","champ:HoldFirm+1","champ:FlashCut","champ:Backstep+1","champ:Shatter","champ:IronFortress+1","champ:ArenaPreparation","champ:RageSigil","champ:BerserkerStyle+1","champ:ArenaPreparation","champ:VampiricStrike+1","champ:RisingSlash","Replay:SS_fish_3","champ:CheapShot","champ:DefensiveStyle+1"],"relics":["champ:ChampionCrown","Torii","Grinning Jar","downfall:HeartBlessingBlue","Eternal Feather","CloakClasp","Juzu Bracelet","hubris:PeanutButter","Nloth\u0027s Gift","downfall:HeartBlessingRed","downfall:KnowingSkull","Potion Belt","Empty Cage","champ:BerserkersGuideToSlaughter","Du-Vu Doll","hubris:Icosahedron","hubris:GlazedTorus","hubris:TinFlute","downfall:HeartBlessingGreen"],"acts_visited":["Exordium","TheCity","TheBeyond"],"potions_floor_usage":[9,14,21,37,47,50],"damage_taken":[{"damage":6,"enemies":"Small Slimes","floor":3,"turns":3},{"damage":7,"enemies":"Cultist","floor":6,"turns":4},{"damage":11,"enemies":"Jaw Worm","floor":8,"turns":4},{"damage":44,"enemies":"Lagavulin","floor":9,"turns":8},{"damage":4,"enemies":"Blue Slaver","floor":11,"turns":5},{"damage":49,"enemies":"Blue Slaver","floor":14,"turns":9},{"damage":23,"enemies":"Large Slime","floor":15,"turns":5},{"damage":33,"enemies":"downfall:Watcher","floor":16,"turns":6},{"damage":5,"enemies":"Chosen","floor":20,"turns":6},{"damage":21,"enemies":"Snake Plant","floor":21,"turns":6},{"damage":18,"enemies":"Centurion and Healer","floor":22,"turns":6},{"damage":9,"enemies":"downfall:FleeingMerchant","floor":23,"turns":4},{"damage":15,"enemies":"Snecko","floor":26,"turns":4},{"damage":18,"enemies":"Snake Plant","floor":29,"turns":3},{"damage":27,"enemies":"Centurion and Healer","floor":32,"turns":5},{"damage":59,"enemies":"downfall:Ironclad","floor":33,"turns":6},{"damage":36,"enemies":"downfall:FleeingMerchant","floor":36,"turns":4},{"damage":66,"enemies":"Mind Bloom Boss Battle","floor":37,"turns":8},{"damage":53,"enemies":"3 Shapes","floor":38,"turns":4},{"damage":14,"enemies":"Orb Walker","floor":42,"turns":3},{"damage":22,"enemies":"Giant Head","floor":43,"turns":6},{"damage":9,"enemies":"Sphere and 2 Shapes","floor":47,"turns":4},{"damage":63,"enemies":"Spire Growth","floor":49,"turns":4},{"damage":78,"enemies":"downfall:Silent","floor":50,"turns":11}],"seed_played":"8753085595960015372","potions_obtained":[{"floor":8,"key":"Fire Potion"},{"floor":9,"key":"Weak Potion"},{"floor":14,"key":"sneckomod:MuddlingPotion"},{"floor":16,"key":"Weak Potion"},{"floor":17,"key":"champ:CounterPotion"},{"floor":22,"key":"Weak Potion"},{"floor":26,"key":"LiquidBronze"},{"floor":32,"key":"CultistPotion"},{"floor":37,"key":"Fire Potion"},{"floor":45,"key":"Fire Potion"},{"floor":47,"key":"champ:UltimateStancePotion"},{"floor":49,"key":"Adrenaline Potion"}],"is_trial":false,"path_per_floor":["R","?","M","R","?","M","T","M","E","R","M","?","T","?","M","B",null,"R","?","M","M","M","$","T","?","M","R","?","M","?","?","M","B",null,"R","$","?","M","R","?","T","M","E","R","?","?","M","?","M","B",null],"character_chosen":"THE_CHAMP","items_purchased":["Juzu Bracelet","champ:BerserkersGuideToSlaughter","champ:RisingSlash","Replay:SS_fish_3"],"campfire_rested":2,"item_purchase_floors":[23,36,36,36],"current_hp_per_floor":[63,63,62,89,89,87,87,81,52,92,91,91,91,60,60,47,105,105,105,105,98,97,97,97,97,105,105,96,95,95,95,99,104,105,105,105,105,105,105,105,105,104,105,105,105,115,115,115,115,115],"gold":378,"neow_bonus":"ONE_RARE_RELIC","is_daily":false,"chose_seed":false,"campfire_upgraded":5,"win_rate":0.0,"timestamp":1608263384,"path_taken":["R","?","?","R","?","M","T","?","E","R","M","?","?","?","M","BOSS","R","?","?","M","M","$","T","?","M","R","?","M","?","?","M","BOSS","R","$","?","M","R","?","T","M","E","R","?","?","M","?","M","BOSS"],"items_purchased_type":["Relic","Relic","Card","Card"],"build_version":"2020-12-13","purchased_purges":1,"victory":true,"max_hp_per_floor":[90,90,90,90,90,90,90,90,90,100,100,100,100,100,100,100,105,105,105,105,105,105,105,105,105,105,105,105,105,105,105,105,105,105,105,105,105,105,105,105,105,105,105,105,105,115,115,115,115,115],"card_choices":[{"not_picked":["champ:BladeFlurry","champ:SkillfulDodge"],"picked":"champ:ViciousMockery","floor":3},{"not_picked":["champ:FalseCounter","champ:PerfectedStrike","champ:ShieldSigil"],"picked":"SKIP","floor":6},{"not_picked":["champ:FalseCounter","champ:PerfectedStrike","champ:ShieldSigil"],"picked":"SKIP","floor":6},{"not_picked":["champ:Encircle","champ:EndlessRage","champ:EnragedBash"],"picked":"SKIP","floor":8},{"not_picked":["champ:SwordSigil","champ:FocusedBerserking"],"picked":"champ:Aggression","floor":9},{"not_picked":["champ:TornadoPunch","champ:BladeFlurry"],"picked":"champ:FanOfKnives","floor":11},{"not_picked":["champ:Backstep","champ:DancingMaster"],"picked":"champ:FaceSlap","floor":14},{"not_picked":["champ:GladiatorsShout","champ:BladeFlurry","champ:FanOfKnives"],"picked":"SKIP","floor":15},{"not_picked":["champ:DancingMaster","champ:HeavySlash"],"picked":"champ:HoldFirm","floor":16},{"not_picked":["champ:FalseCounter","champ:SwordSigil"],"picked":"champ:FlashCut","floor":17},{"not_picked":["champ:Haymaker","champ:HeartStrike+1","champ:FocusedGladiator+1"],"picked":"SKIP","floor":20},{"not_picked":["champ:EnragedBash+1","champ:RageSigil"],"picked":"champ:Shatter","floor":21},{"not_picked":["champ:BladeFlurry","champ:ViciousMockery"],"picked":"champ:IronFortress+1","floor":22},{"not_picked":["champ:BerserkersShout+1","champ:BladeFlurry+1"],"picked":"champ:ArenaPreparation","floor":23},{"not_picked":["champ:DefensiveStyle","champ:CrookedStrike"],"picked":"champ:RageSigil","floor":26},{"not_picked":["champ:StanceDance","champ:CrookedStrike+1"],"picked":"champ:BerserkerStyle+1","floor":29},{"not_picked":["champ:TornadoPunch","champ:FocusedDefense","champ:Aggression"],"picked":"SKIP","floor":32},{"not_picked":["champ:HeavySlash","champ:PerfectForm"],"picked":"champ:VampiricStrike","floor":33},{"not_picked":["champ:Riposte","champ:FlashCut","champ:Circumvent"],"picked":"SKIP","floor":36},{"not_picked":["champ:ShieldSigil","champ:StanceDance","champ:Balance"],"picked":"SKIP","floor":38},{"not_picked":["champ:Encircle","champ:Haymaker+1"],"picked":"champ:CheapShot","floor":42},{"not_picked":["champ:SwordThrow","champ:DefensiveShout+1"],"picked":"champ:DefensiveStyle+1","floor":43},{"not_picked":["champ:Aggression","champ:ShieldSigil+1","champ:LastStand"],"picked":"SKIP","floor":47},{"not_picked":["champ:Circumvent","champ:Haymaker","champ:FocusedGladiator+1"],"picked":"SKIP","floor":49}],"player_experience":762720,"relics_obtained":[{"floor":9,"key":"Grinning Jar"},{"floor":13,"key":"Eternal Feather"},{"floor":14,"key":"CloakClasp"},{"floor":24,"key":"hubris:PeanutButter"},{"floor":30,"key":"Potion Belt"},{"floor":37,"key":"Du-Vu Doll"},{"floor":41,"key":"hubris:GlazedTorus"},{"floor":43,"key":"hubris:TinFlute"}],"event_choices":[{"damage_healed":0,"gold_gain":0,"player_choice":"Forge","damage_taken":0,"max_hp_gain":0,"max_hp_loss":0,"event_name":"Accursed Blacksmith","floor":2,"gold_loss":0,"cards_upgraded":["champ:Execute"]},{"damage_healed":0,"gold_gain":0,"player_choice":"Upgraded","damage_taken":0,"max_hp_gain":0,"max_hp_loss":0,"event_name":"Upgrade Shrine","floor":5,"gold_loss":0,"cards_upgraded":["champ:ViciousMockery"]},{"cards_removed":["champ:Strike"],"damage_healed":0,"gold_gain":0,"player_choice":"Forget","damage_taken":0,"max_hp_gain":0,"max_hp_loss":0,"event_name":"Living Wall","floor":12,"gold_loss":0},{"damage_healed":0,"gold_gain":0,"cards_transformed":["champ:Strike"],"player_choice":"Transformed","damage_taken":0,"max_hp_gain":0,"max_hp_loss":0,"event_name":"Transmorgrifier","floor":19,"gold_loss":0,"cards_obtained":["champ:Backstep"]},{"damage_healed":0,"gold_gain":0,"player_choice":"Copied","damage_taken":0,"max_hp_gain":0,"max_hp_loss":0,"event_name":"Duplicator","floor":31,"gold_loss":0,"cards_obtained":["champ:ArenaPreparation"]},{"damage_healed":0,"gold_gain":0,"player_choice":"Got Potions","damage_taken":0,"max_hp_gain":0,"max_hp_loss":0,"event_name":"Lab","floor":45,"gold_loss":0}],"is_beta":false,"boss_relics":[{"not_picked":["hubris:TerracottaHorce","Sozu"],"picked":"Tiny House"},{"not_picked":["hubris:Backtick","hubris:HollowSoul"],"picked":"Empty Cage"}],"items_purged_floors":[23],"is_endless":false,"potions_floor_spawned":[8,9,14,16,22,26,29,32,37,47,49],"ascension_level":0}}