{"host":"1hv1kueuvc4r3rdp","time":1608300142,"event":{"mods":["AchievementEnabler","BaseMod","DeckTracker","Highlight Path","Minty Spire (QoL Compilation)","Permanent Neow","StSLib"],"gold_per_floor":[114,134,153,153,171,171,202,221,221,244,286,306,135,6,6,118,118,131,152,172,190,207,207,237,237,287,311,320,333,333,367,367,481,481,491,513,538,217,228,228,237,255,255,30,30,30,30,41,41,41],"floor_reached":51,"playtime":2937,"items_purged":["Strike_G"],"score":1047,"play_id":"74b7c7af-b792-454f-a2c6-f71407ea85a4","local_time":"20201218080222","is_ascension_mode":true,"campfire_choices":[{"data":"Cloak And Dagger","floor":6,"key":"SMITH"},{"floor":15,"key":"REST"},{"data":"Blade Dance","floor":23,"key":"SMITH"},{"floor":25,"key":"REST"},{"floor":32,"key":"REST"},{"floor":40,"key":"REST"},{"data":"Bullet Time","floor":46,"key":"SMITH"},{"floor":49,"key":"REST"}],"circlet_count":0,"master_deck":["Strike_G+1","Strike_G+1","Defend_G","Defend_G","Defend_G","Defend_G","Defend_G","Survivor","Neutralize","Infinite Blades","Cloak And Dagger+1","PiercingWail","Adrenaline","Noxious Fumes","Accuracy","Blade Dance+1","Infinite Blades","Backflip","Malaise","Terror","PiercingWail","Leg Sweep","Bullet Time+1","Corpse Explosion","Accuracy+1","Escape Plan","Footwork","Thinking Ahead","Infinite Blades"],"relics":["WristBlade","Mummified Hand","CeramicFish","Whetstone","Pear","SlaversCollar","Vajra","Lantern","CultistMask","Shovel","Empty Cage","InkBottle","Bottled Lightning","Lee\u0027s Waffle"],"acts_visited":["Exordium","TheCity","TheBeyond"],"potions_floor_usage":[10,24,31,33,33,37,50,50],"damage_taken":[{"damage":0,"enemies":"2 Louse","floor":1,"turns":3},{"damage":7,"enemies":"Small Slimes","floor":2,"turns":4},{"damage":0,"enemies":"Cultist","floor":3,"turns":3},{"damage":0,"enemies":"2 Fungi Beasts","floor":5,"turns":4},{"damage":9,"enemies":"Lagavulin","floor":7,"turns":8},{"damage":6,"enemies":"Lots of Slimes","floor":8,"turns":5},{"damage":12,"enemies":"3 Louse","floor":10,"turns":4},{"damage":28,"enemies":"Gremlin Nob","floor":11,"turns":4},{"damage":6,"enemies":"2 Fungi Beasts","floor":12,"turns":3},{"damage":0,"enemies":"Slime Boss","floor":16,"turns":5},{"damage":0,"enemies":"3 Byrds","floor":18,"turns":4},{"damage":2,"enemies":"Chosen","floor":19,"turns":4},{"damage":6,"enemies":"Snake Plant","floor":20,"turns":3},{"damage":3,"enemies":"3 Cultists","floor":21,"turns":4},{"damage":6,"enemies":"Centurion and Healer","floor":22,"turns":4},{"damage":19,"enemies":"Book of Stabbing","floor":24,"turns":4},{"damage":0,"enemies":"Chosen and Byrds","floor":27,"turns":3},{"damage":5,"enemies":"Snecko","floor":29,"turns":4},{"damage":16,"enemies":"Slavers","floor":31,"turns":3},{"damage":57,"enemies":"Champ","floor":33,"turns":7},{"damage":5,"enemies":"Orb Walker","floor":35,"turns":3},{"damage":1,"enemies":"3 Shapes","floor":36,"turns":3},{"damage":37,"enemies":"Sphere and 2 Shapes","floor":37,"turns":5},{"damage":16,"enemies":"3 Darklings","floor":39,"turns":3},{"damage":22,"enemies":"Maw","floor":42,"turns":7},{"damage":43,"enemies":"Spire Growth","floor":48,"turns":5},{"damage":36,"enemies":"Donu and Deca","floor":50,"turns":5}],"seed_played":"-9144374664067300582","potions_obtained":[{"floor":1,"key":"SpeedPotion"},{"floor":3,"key":"Regen Potion"},{"floor":7,"key":"Strength Potion"},{"floor":12,"key":"DistilledChaos"},{"floor":29,"key":"SteroidPotion"},{"floor":31,"key":"Dexterity Potion"},{"floor":35,"key":"Weak Potion"},{"floor":36,"key":"Energy Potion"},{"floor":37,"key":"DuplicationPotion"}],"is_trial":false,"path_per_floor":["M","M","M","?","M","R","E","M","T","M","E","M","$","?","R","B",null,"M","M","M","M","M","R","E","R","T","M","?","M","?","E","R","B",null,"M","M","M","$","M","R","?","M","T","$","?","R","?","M","R","B",null],"character_chosen":"THE_SILENT","items_purchased":["Infinite Blades","Backflip","Footwork","InkBottle","Lee\u0027s Waffle","Infinite Blades"],"campfire_rested":5,"item_purchase_floors":[13,13,38,38,44,44],"current_hp_per_floor":[63,56,56,56,56,56,47,41,41,43,15,9,9,19,43,43,71,71,69,63,60,54,54,35,59,59,59,59,54,54,38,62,5,61,56,55,18,18,2,26,26,4,4,87,87,87,83,40,64,28],"gold":41,"neow_bonus":"BOSS_RELIC","is_daily":false,"chose_seed":false,"campfire_upgraded":3,"win_rate":0.0,"timestamp":1608300142,"path_taken":["M","M","M","?","M","R","E","M","T","M","E","M","$","?","R","BOSS","M","M","M","M","M","R","E","R","T","M","?","M","?","E","R","BOSS","M","M","?","$","M","R","?","M","T","$","?","R","?","M","R","BOSS"],"items_purchased_type":["Card","Card","Card","Relic","Relic","Card"],"build_version":"2020-12-13","purchased_purges":1,"victory":true,"max_hp_per_floor":[70,70,70,70,70,70,70,70,70,70,70,70,70,80,80,80,80,80,80,80,80,80,80,80,80,80,80,80,80,80,80,80,80,80,80,80,80,80,80,80,80,80,80,87,87,87,83,83,83,83],"card_choices":[{"not_picked":["Riddle With Holes","Deflect"],"picked":"Infinite Blades","floor":1},{"not_picked":["Bouncing Flask","Deadly Poison"],"picked":"Cloak And Dagger","floor":2},{"not_picked":["Eviscerate","Prepared"],"picked":"PiercingWail","floor":3},{"not_picked":["All Out Attack","Cloak And Dagger"],"picked":"Adrenaline","floor":5},{"not_picked":["Finisher","Heel Hook"],"picked":"Noxious Fumes","floor":7},{"not_picked":["Quick Slash","Terror"],"picked":"Dagger Spray","floor":8},{"not_picked":["Flying Knee","Blade Dance"],"picked":"Accuracy","floor":10},{"not_picked":["Doppelganger","Riddle With Holes"],"picked":"Blade Dance","floor":11},{"not_picked":["Acrobatics","Bane","Deadly Poison"],"picked":"SKIP","floor":12},{"not_picked":["Phantasmal Killer","Night Terror"],"picked":"Malaise","floor":16},{"not_picked":["Riddle With Holes+1","Sucker Punch","Dagger Throw"],"picked":"SKIP","floor":18},{"not_picked":["Deadly Poison","Flying Knee+1"],"picked":"Terror","floor":19},{"not_picked":["Cloak And Dagger","Masterful Stab","Deadly Poison"],"picked":"SKIP","floor":20},{"not_picked":["Riddle With Holes","Expertise","Poisoned Stab"],"picked":"SKIP","floor":21},{"not_picked":["Outmaneuver","Bane","All Out Attack"],"picked":"SKIP","floor":22},{"not_picked":["Night Terror","Backflip","Dash"],"picked":"SKIP","floor":24},{"not_picked":["Dagger Throw","Sucker Punch"],"picked":"PiercingWail","floor":27},{"not_picked":["Acrobatics","Dagger Throw+1","Bane+1"],"picked":"SKIP","floor":29},{"not_picked":["Leg Sweep","Deflect+1"],"picked":"Bullet Time","floor":31},{"not_picked":["Night Terror","Grand Finale"],"picked":"Corpse Explosion","floor":33},{"not_picked":["Outmaneuver+1","Underhanded Strike+1","Backflip+1"],"picked":"SKIP","floor":35},{"not_picked":["Underhanded Strike+1","Sucker Punch"],"picked":"Accuracy+1","floor":36},{"not_picked":["Skewer","Poisoned Stab+1"],"picked":"Escape Plan","floor":37},{"not_picked":["Blade Dance+1","Dagger Spray","Deadly Poison"],"picked":"SKIP","floor":39},{"not_picked":["Discovery","Magnetism"],"picked":"Thinking Ahead","floor":41},{"not_picked":["Sucker Punch","Dodge and Roll","Blade Dance"],"picked":"SKIP","floor":42},{"not_picked":["Bane+1","Slice+1","Blade Dance"],"picked":"SKIP","floor":48}],"player_experience":1040949,"relics_obtained":[{"floor":7,"key":"Mummified Hand"},{"floor":9,"key":"CeramicFish"},{"floor":11,"key":"Whetstone"},{"floor":24,"key":"Vajra"},{"floor":26,"key":"Lantern"},{"floor":31,"key":"Shovel"},{"floor":43,"key":"Bottled Lightning"}],"event_choices":[{"damage_healed":0,"gold_gain":0,"player_choice":"Ignored","damage_taken":0,"max_hp_gain":0,"max_hp_loss":0,"event_name":"Liars Game","floor":4,"gold_loss":0},{"damage_healed":0,"gold_gain":0,"player_choice":"Paid Gold","damage_taken":0,"relics_obtained":["Pear"],"max_hp_gain":0,"max_hp_loss":0,"event_name":"WeMeetAgain","floor":14,"gold_loss":129},{"damage_healed":0,"gold_gain":0,"player_choice":"Read","damage_taken":0,"max_hp_gain":0,"max_hp_loss":0,"event_name":"The Library","floor":28,"gold_loss":0,"cards_obtained":["Leg Sweep"]},{"damage_healed":0,"gold_gain":0,"player_choice":"Trade","damage_taken":0,"relics_obtained":["CultistMask"],"max_hp_gain":0,"max_hp_loss":0,"event_name":"FaceTrader","floor":30,"gold_loss":0},{"damage_healed":0,"gold_gain":0,"player_choice":"Memory 1","damage_taken":0,"max_hp_gain":0,"max_hp_loss":0,"event_name":"SensoryStone","floor":41,"gold_loss":0},{"cards_removed":["Dagger Spray"],"damage_healed":0,"gold_gain":0,"player_choice":"Removed Attack","damage_taken":0,"max_hp_gain":0,"max_hp_loss":0,"event_name":"Falling","floor":45,"gold_loss":0},{"damage_healed":0,"gold_gain":0,"player_choice":"Max HP","damage_taken":0,"max_hp_gain":0,"max_hp_loss":4,"event_name":"Winding Halls","floor":47,"gold_loss":0}],"is_beta":false,"boss_relics":[{"not_picked":["Ectoplasm","Runic Dome"],"picked":"SlaversCollar"},{"not_picked":["Coffee Dripper","Snecko Eye"],"picked":"Empty Cage"}],"items_purged_floors":[13],"is_endless":false,"potions_floor_spawned":[1,3,7,12,16,19,20,29,31,35,36,37],"ascension_level":8}}