{"host":"uv231blk40vjdojr","time":1608305296,"event":{"mods":["BaseMod","Minty Spire (QoL Compilation)","Relic Stats"],"gold_per_floor":[16,36,36,47,47,83,83,104,131,131,172,137,137,161,161,161,161],"floor_reached":16,"playtime":480,"items_purged":[],"score":198,"play_id":"6b34ebbc-5fa5-49f2-b0f3-a9d3ac6490c1","local_time":"20201218162816","is_ascension_mode":true,"campfire_choices":[{"floor":7,"key":"REST"},{"floor":10,"key":"REST"},{"data":"Fission","floor":13,"key":"SMITH"},{"data":"Streamline","floor":15,"key":"SMITH"}],"circlet_count":0,"master_deck":["AscendersBane","Strike_B","Strike_B","Strike_B","Defend_B","Defend_B","Defend_B","Defend_B","Zap","Dualcast","Streamline+1","Lockon","Fission+1","Rip and Tear","Coolheaded","Leap","Glacier"],"relics":["Cracked Core","Unceasing Top","Golden Idol","Smiling Mask","Blood Vial","Bag of Marbles"],"acts_visited":["Exordium"],"potions_floor_usage":[6,11,11],"damage_taken":[{"damage":1,"enemies":"Cultist","floor":1,"turns":3},{"damage":0,"enemies":"Small Slimes","floor":2,"turns":3},{"damage":3,"enemies":"2 Louse","floor":4,"turns":2},{"damage":30,"enemies":"3 Sentries","floor":6,"turns":5},{"damage":22,"enemies":"Exordium Thugs","floor":8,"turns":3},{"damage":30,"enemies":"Lagavulin","floor":11,"turns":5},{"damage":4,"enemies":"Red Slaver","floor":14,"turns":2},{"damage":33,"enemies":"Hexaghost","floor":16,"turns":9}],"seed_played":"3455289791691205955","potions_obtained":[{"floor":4,"key":"Fire Potion"},{"floor":6,"key":"Strength Potion"},{"floor":8,"key":"PowerPotion"},{"floor":11,"key":"Fruit Juice"}],"is_trial":false,"path_per_floor":["M","M","?","M","?","E","R","M","T","R","E","?","R","M","R","B"],"character_chosen":"DEFECT","items_purchased":[],"campfire_rested":2,"item_purchase_floors":[],"current_hp_per_floor":[63,63,56,53,53,23,42,20,20,39,16,33,33,31,31,0,0],"gold":161,"neow_bonus":"ONE_RARE_RELIC","is_daily":false,"chose_seed":false,"campfire_upgraded":2,"win_rate":0.0,"timestamp":1608305296,"path_taken":["M","M","?","M","?","E","R","M","T","R","E","?","R","M","R","BOSS"],"items_purchased_type":[],"build_version":"2020-12-13","purchased_purges":0,"victory":false,"max_hp_per_floor":[71,71,71,71,64,64,64,64,64,64,69,69,69,69,69,69,69],"relic_stats":{"Blood Vial":6,"counters":[8,32],"Golden Idol":24,"Smiling Mask":0,"obtain_stats":[{"Blood Vial":9,"Golden Idol":5,"Bag of Marbles":11,"Cracked Core":0,"Smiling Mask":6,"Unceasing Top":0},{"Blood Vial":5,"Golden Idol":3,"Bag of Marbles":6,"Cracked Core":0,"Smiling Mask":4,"Unceasing Top":0},{"Blood Vial":16,"Golden Idol":8,"Bag of Marbles":21,"Cracked Core":0,"Smiling Mask":13,"Unceasing Top":0}],"Unceasing Top":[0]},"card_choices":[{"not_picked":["Turbo","Stack"],"picked":"Streamline","floor":1},{"not_picked":["Sweeping Beam","Aggregate"],"picked":"Lockon","floor":2},{"not_picked":["Conserve Battery","Barrage"],"picked":"Fission","floor":4},{"not_picked":["Beam Cell","Skim"],"picked":"Rip and Tear","floor":6},{"not_picked":["Leap","Turbo"],"picked":"Coolheaded","floor":8},{"not_picked":["Turbo","Hologram"],"picked":"Leap","floor":11},{"not_picked":["Steam Power","Blizzard"],"picked":"Glacier","floor":14}],"player_experience":495807,"relics_obtained":[{"floor":6,"key":"Smiling Mask"},{"floor":9,"key":"Blood Vial"},{"floor":11,"key":"Bag of Marbles"}],"event_choices":[{"cards_removed":["Strike_B"],"damage_healed":0,"gold_gain":0,"player_choice":"Card Removal","damage_taken":7,"max_hp_gain":0,"max_hp_loss":0,"event_name":"Golden Wing","floor":3,"gold_loss":0},{"damage_healed":0,"gold_gain":0,"player_choice":"Lose Max HP","damage_taken":0,"relics_obtained":["Golden Idol"],"max_hp_gain":0,"max_hp_loss":7,"event_name":"Golden Idol","floor":5,"gold_loss":0},{"damage_healed":17,"gold_gain":0,"player_choice":"Healed","damage_taken":0,"max_hp_gain":0,"max_hp_loss":0,"event_name":"The Cleric","floor":12,"gold_loss":35}],"is_beta":false,"boss_relics":[],"items_purged_floors":[],"is_endless":false,"potions_floor_spawned":[4,6,8,11],"killed_by":"Hexaghost","ascension_level":16}}