{"host":"Terry","time":1608316246,"event":{"mods":["BaseMod","Downfall","Hubris","Minty Spire (QoL Compilation)","Replay The Spire","StSLib"],"gold_per_floor":[0,100,100,111,111,131,200,227,246,196,84,33,46,65,84,182,182,132,232,132,148,178,201,227,177,194,144,144,158,158,176,201,304,304,254,275,90,144,184,134,134,84,128,78,78,217,217,217,238,244],"floor_reached":51,"playtime":3105,"items_purged":["Slimebound:Strike_Slimebound","Overencumbered","ReplayTheSpireMod:Splinters"],"score":834,"play_id":"8f08fa1f-0eab-4502-93ad-deb1581ef8a6","local_time":"20201218133046","is_ascension_mode":true,"campfire_choices":[{"data":"Slimebound:Split","floor":1,"key":"SMITH"},{"data":"Slimebound:LeadByExample","floor":10,"key":"SMITH"},{"data":"Slimebound:Tackle","floor":18,"key":"PURGE"},{"data":"Slimebound:PrepareCrush","floor":20,"key":"SMITH"},{"data":"Slimebound:SplitAcid","floor":25,"key":"SMITH"},{"data":"Slimebound:SplitLeeching","floor":27,"key":"SMITH"},{"data":"Slimebound:RallyTheTroops","floor":35,"key":"SMITH"},{"data":"Slimebound:SlimeBrawl","floor":40,"key":"SMITH"},{"data":"Slimebound:SlimeBarrage","floor":42,"key":"SMITH"},{"data":"Slimebound:Repurpose","floor":44,"key":"SMITH"}],"circlet_count":0,"master_deck":["Slimebound:Split+1","Slimebound:CorrosiveSpit","Slimebound:RollThrough","Slimebound:LeadByExample+1","Slimebound:MinionMaster","Slimebound:PressTheAttack","Slimebound:SplitLeeching+1","Slimebound:PressTheAttack","Slimebound:PressTheAttack","Slimebound:RainOfGoop","Slimebound:MegaLick","Slimebound:RejuvenatingLick","Slimebound:SplitAcid+1","Slimebound:PrepareCrush+1","Slimebound:SlimeSpikes+1","Slimebound:MegaLick","Slimebound:LevelUp+1","Slimebound:Repurpose+1","Slimebound:Recollect","Slimebound:RallyTheTroops+1","Slimebound:SplitAcid","Slimebound:GoopSpray","Slimebound:WasteNot","Slimebound:FirmFortitude","Slimebound:SlimeSpikes+1","Slimebound:LevelUp+1","Slimebound:SlimeBarrage+1","Slimebound:Nibble+1","Slimebound:SlimeBrawl+1","Slimebound:SplitMire+1","hubris:DuctTapeCard","expansioncontent:Flail+1","expansioncontent:PolyBeam+1","hubris:Wrath","Slimebound:SplitBruiser+1"],"relics":["Slimebound:AbsorbEndCombat","Slimebound:GreedOozeRelic","Eternal Feather","StoneCalendar","Cursed Key","downfall:GremlinWheel","HornCleat","Replay:Bandana","Simple Rune","Regal Pillow","Replay:WaspNest","Pandora\u0027s Box","hubris:Zylophone","hubris:SlimyHat","Molten Egg 2","hubris:DuctTape","hubris:Icosahedron","hubris:Teleporter"],"acts_visited":["Exordium","TheCity","TheBeyond"],"potions_floor_usage":[],"damage_taken":[{"damage":6,"enemies":"2 Louse","floor":4,"turns":2},{"damage":8,"enemies":"Small Slimes","floor":6,"turns":3},{"damage":19,"enemies":"Replay:BlueRogue","floor":8,"turns":5},{"damage":8,"enemies":"Cultist","floor":9,"turns":4},{"damage":10,"enemies":"downfall:FleeingMerchant","floor":11,"turns":4},{"damage":20,"enemies":"downfall:FleeingMerchant","floor":12,"turns":4},{"damage":25,"enemies":"Lots of Slimes","floor":13,"turns":4},{"damage":12,"enemies":"2 Fungi Beasts","floor":14,"turns":2},{"damage":26,"enemies":"Exordium Thugs","floor":15,"turns":4},{"damage":45,"enemies":"downfall:Watcher","floor":16,"turns":6},{"damage":24,"enemies":"downfall:Watcher","floor":19,"turns":3},{"damage":15,"enemies":"Shell Parasite","floor":21,"turns":2},{"damage":58,"enemies":"Book of Stabbing","floor":22,"turns":5},{"damage":4,"enemies":"Chosen and Byrds","floor":23,"turns":4},{"damage":29,"enemies":"Centurion and Healer","floor":26,"turns":3},{"damage":19,"enemies":"Snecko","floor":29,"turns":4},{"damage":18,"enemies":"Snake Plant","floor":31,"turns":2},{"damage":18,"enemies":"Centurion and Healer","floor":32,"turns":5},{"damage":27,"enemies":"downfall:Defect","floor":33,"turns":6},{"damage":26,"enemies":"3 Shapes","floor":36,"turns":2},{"damage":12,"enemies":"downfall:FleeingMerchant","floor":37,"turns":4},{"damage":8,"enemies":"Mind Bloom Boss Battle","floor":38,"turns":3},{"damage":41,"enemies":"R_Hoarder","floor":39,"turns":5},{"damage":29,"enemies":"Giant Head","floor":43,"turns":4},{"damage":9,"enemies":"downfall:FleeingMerchant","floor":46,"turns":3},{"damage":37,"enemies":"3 Darklings","floor":49,"turns":2},{"damage":12,"enemies":"downfall:Ironclad","floor":50,"turns":4}],"seed_played":"-8995501616350514358","potions_obtained":[{"floor":4,"key":"sneckomod:MuddlingPotion"},{"floor":6,"key":"SkillPotion"},{"floor":14,"key":"Dexterity Potion"},{"floor":15,"key":"Slimebound:SlimyTonguePotion"},{"floor":32,"key":"CultistPotion"}],"is_trial":false,"path_per_floor":["R","?","?","M","?","M","T","E","M","R","$","$","M","M","M","B",null,"R","?","R","M","E","M","T","R","M","R","T","M","?","M","M","B",null,"R","M","$","?","E","R","T","R","E","R","?","$","?","T","M","B",null],"character_chosen":"SLIMEBOUND","items_purchased":["Slimebound:PressTheAttack","Slimebound:RainOfGoop","Slimebound:SlimeBarrage","expansioncontent:PolyBeam+1"],"campfire_rested":0,"item_purchase_floors":[11,12,37,46],"current_hp_per_floor":[60,60,60,54,54,58,58,49,49,55,57,53,40,48,44,33,60,60,52,60,60,20,34,34,46,41,53,53,53,53,51,60,56,60,60,42,58,60,55,60,60,60,55,60,60,55,55,55,52,60],"gold":244,"neow_bonus":"REMOVE_TWO","is_daily":false,"chose_seed":false,"campfire_upgraded":9,"win_rate":0.0,"timestamp":1608316246,"path_taken":["R","?","?","M","?","?","T","E","M","R","?","$","M","M","M","BOSS","R","?","R","M","E","M","T","R","?","R","?","M","?","M","M","BOSS","R","M","$","?","E","R","T","R","E","R","?","$","?","?","M","BOSS"],"items_purchased_type":["Card","Card","Card","Card"],"build_version":"2020-12-17","purchased_purges":3,"victory":true,"max_hp_per_floor":[60,60,60,60,60,60,60,60,60,60,60,60,60,60,60,60,60,60,60,60,60,60,60,60,60,60,60,60,60,60,60,60,60,60,60,60,60,60,60,60,60,60,60,60,60,60,60,60,60,60],"card_choices":[{"not_picked":["Slimebound:FinishingTackle","Slimebound:Replication"],"picked":"Slimebound:RollThrough","floor":4},{"not_picked":["Slimebound:Dissolve","Slimebound:SlimeTap"],"picked":"Slimebound:LeadByExample","floor":6},{"not_picked":["Slimebound:ViciousTackle","Slimebound:PressTheAttack"],"picked":"Slimebound:MinionMaster","floor":8},{"not_picked":["Slimebound:GoopSpray","Slimebound:SlimeSpikes"],"picked":"Slimebound:PressTheAttack","floor":9},{"not_picked":["Slimebound:Schlurp","Slimebound:GrowthPunch"],"picked":"Slimebound:SplitLeeching","floor":11},{"not_picked":["Slimebound:SplitLeeching","Slimebound:SlimeTap"],"picked":"Slimebound:PressTheAttack","floor":12},{"not_picked":["Slimebound:SlimeSpikes","Slimebound:Schlurp"],"picked":"Slimebound:MegaLick","floor":13},{"not_picked":["Slimebound:SplitMire","Slimebound:PressTheAttack"],"picked":"Slimebound:RejuvenatingLick","floor":14},{"not_picked":["Slimebound:ViciousTackle","Slimebound:SelfFormingGoo"],"picked":"Slimebound:SplitAcid","floor":15},{"not_picked":["Slimebound:OozeBath","Slimebound:DuplicatedForm"],"picked":"Slimebound:PrepareCrush","floor":16},{"not_picked":["Slimebound:RollThrough","Slimebound:FinishingTackle","Slimebound:HungryTackle+1"],"picked":"SKIP","floor":21},{"not_picked":["Slimebound:SelfFormingGoo","Slimebound:AcidTongue"],"picked":"Slimebound:SlimeSpikes+1","floor":22},{"not_picked":["Slimebound:LeechingTouch","Slimebound:BestDefense"],"picked":"Slimebound:MegaLick","floor":23},{"not_picked":["Slimebound:SplitLeeching+1","Slimebound:Prepare"],"picked":"Slimebound:LevelUp+1","floor":26},{"not_picked":["Slimebound:SplitMire","Slimebound:MegaLick","Slimebound:SamplingLick"],"picked":"SKIP","floor":29},{"not_picked":["Slimebound:GoopSpray","Slimebound:GrowthPunch"],"picked":"Slimebound:Repurpose","floor":31},{"not_picked":["Slimebound:LeadByExample","Slimebound:GrowthPunch+1"],"picked":"Slimebound:Recollect","floor":32},{"not_picked":["Slimebound:DouseInSlime","Slimebound:WasteNot"],"picked":"Slimebound:RallyTheTroops","floor":33},{"not_picked":["Slimebound:LeechingTouch","Slimebound:PressTheAttack"],"picked":"Slimebound:SlimeSpikes+1","floor":36},{"not_picked":["Slimebound:OozeBath","Slimebound:Repurpose+1"],"picked":"Slimebound:LevelUp+1","floor":37},{"not_picked":["Slimebound:SplitBruiser","Slimebound:SplitLeeching"],"picked":"Slimebound:Nibble+1","floor":38},{"not_picked":["Slimebound:ComboTackle","Slimebound:RollThrough+1"],"picked":"Slimebound:SlimeBrawl","floor":39},{"not_picked":["Slimebound:GoopSpray","Slimebound:Prepare"],"picked":"Slimebound:SplitMire+1","floor":43},{"not_picked":["expansioncontent:SuperHexaguard","expansioncontent:HyperBeam+1"],"picked":"expansioncontent:Flail+1","floor":45},{"not_picked":["Slimebound:Prepare","Slimebound:MegaLick","Slimebound:GrowthPunch+1"],"picked":"SKIP","floor":46},{"not_picked":["Slimebound:RejuvenatingLick","Slimebound:SplitAcid"],"picked":"Slimebound:SplitBruiser+1","floor":49}],"player_experience":543572,"relics_obtained":[{"floor":7,"key":"Eternal Feather"},{"floor":8,"key":"StoneCalendar"},{"floor":19,"key":"downfall:GremlinWheel"},{"floor":20,"key":"HornCleat"},{"floor":22,"key":"Replay:Bandana"},{"floor":24,"key":"Simple Rune"},{"floor":28,"key":"Regal Pillow"},{"floor":38,"key":"hubris:Zylophone"},{"floor":39,"key":"hubris:SlimyHat"},{"floor":41,"key":"Molten Egg 2"},{"floor":43,"key":"hubris:DuctTape"},{"floor":48,"key":"hubris:Teleporter"}],"event_choices":[{"damage_healed":0,"gold_gain":0,"player_choice":"Relic","damage_taken":0,"max_hp_gain":0,"max_hp_loss":0,"event_name":"Wheel of Change","floor":20,"gold_loss":0}],"is_beta":true,"boss_relics":[{"not_picked":["Replay:Drink Me","Runic Pyramid"],"picked":"Cursed Key"},{"not_picked":["hubris:CrackedHourglass","Kintsugi"],"picked":"Pandora\u0027s Box"}],"items_purged_floors":[11,37,46],"is_endless":false,"potions_floor_spawned":[4,6,14,15,21,22,26,32,36,49],"ascension_level":1}}