{"host":"uv231blk40vjdojr","time":1608306730,"event":{"mods":["BaseMod","Minty Spire (QoL Compilation)","Relic Stats"],"gold_per_floor":[18,29,29,29,53,91,91,127,154,173,230,243,243,258,258,353,353,371,371,390,404,422,422,466,466,490,524,484,484,504,524,524,524,524],"floor_reached":33,"playtime":1353,"items_purged":[],"score":538,"play_id":"c842cdce-0d71-458e-be5d-cdcc504a0c18","local_time":"20201218165210","is_ascension_mode":true,"campfire_choices":[{"data":"Doom and Gloom","floor":7.0,"key":"SMITH"},{"floor":13.0,"key":"REST"},{"data":"Darkness","floor":15.0,"key":"SMITH"},{"data":"Multi-Cast","floor":23,"key":"SMITH"},{"data":"Multi-Cast","floor":25,"key":"SMITH"},{"floor":32,"key":"REST"}],"circlet_count":0,"master_deck":["AscendersBane","Strike_B+1","Defend_B","Defend_B","Defend_B","Zap","Dualcast","Conserve Battery","Doom and Gloom+1","Beam Cell+1","Darkness+1","BootSequence","Coolheaded","Biased Cognition","Multi-Cast+1","Coolheaded","Redo","Barrage","Double Energy","Undo","Multi-Cast+1","Stack","Electrodynamics"],"relics":["Cracked Core","Golden Idol","Bronze Scales","Whetstone","Tiny Chest","Runic Dome","Lantern","Akabeko","Potion Belt","Ginger"],"acts_visited":["Exordium","TheCity"],"potions_floor_usage":[16,24,27,30,31,31,33],"damage_taken":[{"damage":7.0,"enemies":"Jaw Worm","floor":1.0,"turns":2.0},{"damage":2.0,"enemies":"Small Slimes","floor":2.0,"turns":4.0},{"damage":1.0,"enemies":"Cultist","floor":5.0,"turns":3.0},{"damage":16.0,"enemies":"Lagavulin","floor":6.0,"turns":5.0},{"damage":33.0,"enemies":"3 Sentries","floor":8.0,"turns":5.0},{"damage":0.0,"enemies":"Large Slime","floor":10.0,"turns":4.0},{"damage":0.0,"enemies":"Exordium Thugs","floor":12.0,"turns":2.0},{"damage":0.0,"enemies":"2 Fungi Beasts","floor":14.0,"turns":2.0},{"damage":5,"enemies":"Hexaghost","floor":16,"turns":7},{"damage":6,"enemies":"Spheric Guardian","floor":18,"turns":3},{"damage":0,"enemies":"Shell Parasite","floor":20,"turns":2},{"damage":16,"enemies":"Centurion and Healer","floor":21,"turns":6},{"damage":0,"enemies":"Chosen and Byrds","floor":22,"turns":4},{"damage":14,"enemies":"Book of Stabbing","floor":24,"turns":4},{"damage":19,"enemies":"Slavers","floor":27,"turns":2},{"damage":13,"enemies":"Snake Plant","floor":30,"turns":3},{"damage":0,"enemies":"Centurion and Healer","floor":31,"turns":2},{"damage":29,"enemies":"Champ","floor":33,"turns":7}],"seed_played":"-4954456466813600123","potions_obtained":[{"floor":8.0,"key":"Ancient Potion"},{"floor":10.0,"key":"Weak Potion"},{"floor":16,"key":"Ancient Potion"},{"floor":20,"key":"ColorlessPotion"},{"floor":21,"key":"Explosive Potion"},{"floor":24,"key":"FairyPotion"},{"floor":28,"key":"PotionOfCapacity"},{"floor":28,"key":"FocusPotion"},{"floor":28,"key":"CultistPotion"},{"floor":30,"key":"SkillPotion"}],"is_trial":false,"path_per_floor":["M","M","?","$","M","E","R","E","T","M","?","M","R","M","R","B",null,"M","?","M","M","M","R","E","R","T","E","?","T","M","M","R","B"],"character_chosen":"DEFECT","items_purchased":[],"campfire_rested":2,"item_purchase_floors":[],"current_hp_per_floor":[57,55,55,55,54,38,38,5,5,5,5,5,24,24,24,19,53,47,47,47,31,31,31,17,17,17,19,19,19,6,6,25,0,0],"gold":524,"neow_bonus":"REMOVE_TWO","is_daily":false,"chose_seed":false,"campfire_upgraded":4,"win_rate":0.0,"timestamp":1608306730,"path_taken":["M","M","?","$","M","E","R","E","T","M","?","M","R","M","R","BOSS","M","?","M","M","M","R","E","R","T","E","?","?","M","M","R","BOSS"],"items_purchased_type":[],"build_version":"2020-12-13","purchased_purges":0,"victory":false,"max_hp_per_floor":[71,71,64,64,64,64,64,64,64,64,64,64,64,64,64,64,64,64,64,64,64,64,64,64,64,64,64,64,64,64,64,64,64,64],"relic_stats":{"counters":[18,67],"Golden Idol":88,"Bronze Scales":[120],"Tiny Chest":1,"Whetstone":["Beam Cell","Strike_B"],"Ginger":[4],"obtain_stats":[{"Potion Belt":27,"Runic Dome":17,"Lantern":24,"Golden Idol":3,"Bronze Scales":6,"Tiny Chest":9,"Whetstone":8,"Ginger":29,"Cracked Core":0,"Akabeko":26},{"Potion Belt":15,"Runic Dome":9,"Lantern":14,"Golden Idol":2,"Bronze Scales":4,"Tiny Chest":5,"Whetstone":5,"Ginger":15,"Cracked Core":0,"Akabeko":14},{"Potion Belt":55,"Runic Dome":34,"Lantern":53,"Golden Idol":6,"Bronze Scales":14,"Tiny Chest":19,"Whetstone":19,"Ginger":55,"Cracked Core":0,"Akabeko":53}]},"card_choices":[{"not_picked":["Compile Driver","Hologram"],"picked":"Conserve Battery","floor":1.0},{"not_picked":["Loop","Conserve Battery"],"picked":"Doom and Gloom","floor":2.0},{"not_picked":["Barrage","Hologram"],"picked":"Beam Cell","floor":5.0},{"not_picked":["Defragment","Lockon"],"picked":"Darkness","floor":6.0},{"not_picked":["Blizzard","Beam Cell"],"picked":"BootSequence","floor":8.0},{"not_picked":["Barrage","Gash","Redo"],"picked":"SKIP","floor":10.0},{"not_picked":["Ball Lightning","Barrage"],"picked":"Coolheaded","floor":12.0},{"not_picked":["Double Energy","Storm"],"picked":"Biased Cognition","floor":14.0},{"not_picked":["Thunder Strike","Fission"],"picked":"Multi-Cast","floor":16},{"not_picked":["Gash","Heatsinks"],"picked":"Coolheaded","floor":18},{"not_picked":["Tempest","Melter"],"picked":"Double Energy","floor":20},{"not_picked":["Redo","Steam Power","Gash"],"picked":"SKIP","floor":21},{"not_picked":["Turbo","Stack"],"picked":"Undo","floor":22},{"not_picked":["Steam","Streamline"],"picked":"Multi-Cast","floor":24},{"not_picked":["Beam Cell+1","Leap","Compile Driver"],"picked":"SKIP","floor":27},{"not_picked":["Barrage","Gash"],"picked":"Stack","floor":30},{"not_picked":["Scrape","Sweeping Beam"],"picked":"Electrodynamics","floor":31}],"player_experience":496287,"relics_obtained":[{"floor":6.0,"key":"Bronze Scales"},{"floor":8.0,"key":"Whetstone"},{"floor":9.0,"key":"Tiny Chest"},{"floor":24,"key":"Lantern"},{"floor":26,"key":"Akabeko"},{"floor":27,"key":"Potion Belt"},{"floor":29,"key":"Ginger"}],"event_choices":[{"damage_healed":0.0,"max_hp_gain":0.0,"max_hp_loss":7.0,"gold_gain":0.0,"event_name":"Golden Idol","player_choice":"Lose Max HP","floor":3.0,"gold_loss":0.0,"damage_taken":0.0,"relics_obtained":["Golden Idol"]},{"damage_healed":0.0,"max_hp_gain":0.0,"max_hp_loss":0.0,"gold_gain":57.0,"event_name":"Golden Wing","player_choice":"Gained Gold","floor":11.0,"gold_loss":0.0,"damage_taken":0.0},{"damage_healed":0,"gold_gain":0,"cards_transformed":["Strike_B","Strike_B"],"player_choice":"Became Test Subject","damage_taken":0,"max_hp_gain":0,"max_hp_loss":0,"event_name":"Drug Dealer","floor":19,"gold_loss":0,"cards_obtained":["Redo","Barrage"]},{"damage_healed":0,"gold_gain":0,"player_choice":"Bought 3 Potions","damage_taken":0,"max_hp_gain":0,"max_hp_loss":0,"event_name":"The Woman in Blue","floor":28,"gold_loss":0}],"is_beta":false,"boss_relics":[{"not_picked":["Fusion Hammer","Inserter"],"picked":"Runic Dome"}],"items_purged_floors":[],"is_endless":false,"potions_floor_spawned":[8,10,12,16,20,21,22,24,30],"killed_by":"Champ","ascension_level":16}}