{"host":"1tl36azeqm6yhdgj","time":1608309920,"event":{"mods":["AchievementEnabler","BaseMod","Minty Spire (QoL Compilation)","StSLib","The IronCluck","everything is the same but u backflip on backflip"],"gold_per_floor":[364,414,427,439,54,80,93,93,93,113,128,146,146,166,166,260,260,276,276,276],"floor_reached":19,"playtime":659,"items_purged":[],"score":303,"play_id":"45ff21e8-deff-46c6-a552-713521847cc9","local_time":"20201218114520","is_ascension_mode":true,"campfire_choices":[{"floor":8.0,"key":"REST"},{"data":"Infernal Blade","floor":15,"key":"SMITH"}],"circlet_count":0,"master_deck":["AscendersBane","Strike_R","Strike_R","Strike_R","Strike_R","Strike_R","Defend_R","Defend_R","Defend_R","Defend_R","Bash","Pummel","Flex","Anger","Disarm","Ghostly Armor","Exhume","Flex","Disarm","Rampage","Infernal Blade+1","Immolate","Cleave"],"relics":["Black Blood","Ice Cream","CaptainsWheel","The Courier","Golden Idol"],"acts_visited":["Exordium","TheCity"],"potions_floor_usage":[12,16,18],"damage_taken":[{"damage":10.0,"enemies":"2 Louse","floor":1.0,"turns":3.0},{"damage":6.0,"enemies":"Cultist","floor":3.0,"turns":4.0},{"damage":14.0,"enemies":"Jaw Worm","floor":4.0,"turns":3.0},{"damage":55.0,"enemies":"3 Sentries","floor":6.0,"turns":10.0},{"damage":1.0,"enemies":"3 Louse","floor":7.0,"turns":4.0},{"damage":7.0,"enemies":"Looter","floor":10.0,"turns":4.0},{"damage":9.0,"enemies":"Exordium Thugs","floor":11.0,"turns":5.0},{"damage":0,"enemies":"Large Slime","floor":12,"turns":5},{"damage":4,"enemies":"Red Slaver","floor":14,"turns":5},{"damage":14,"enemies":"Hexaghost","floor":16,"turns":10},{"damage":41,"enemies":"Shell Parasite","floor":18,"turns":6},{"damage":29,"enemies":"Spheric Guardian","floor":19,"turns":5}],"seed_played":"1096307740996107663","potions_obtained":[{"floor":1.0,"key":"BloodPotion"},{"floor":6.0,"key":"ColorlessPotion"},{"floor":10.0,"key":"DuplicationPotion"},{"floor":11.0,"key":"SteroidPotion"},{"floor":14,"key":"PowerPotion"}],"is_trial":false,"path_per_floor":["M","?","M","M","$","E","M","R","T","M","M","M","?","M","R","B",null,"M","M"],"character_chosen":"IRONCLAD","items_purchased":["Ice Cream","Disarm"],"campfire_rested":1,"item_purchase_floors":[5,5],"current_hp_per_floor":[64,58,58,50,50,14,19,39,39,38,35,41,41,43,43,35,55,26,0,0],"gold":276,"neow_bonus":"TWO_FIFTY_GOLD","is_daily":false,"chose_seed":false,"campfire_upgraded":1,"win_rate":0.0,"timestamp":1608309920,"path_taken":["M","?","M","M","$","E","M","R","T","M","M","?","?","M","R","BOSS","M","M"],"items_purchased_type":["Relic","Card"],"build_version":"2020-12-13","purchased_purges":0,"victory":false,"max_hp_per_floor":[68,68,68,68,68,68,68,68,68,68,68,68,62,62,62,62,62,62,62,62],"card_choices":[{"not_picked":["Warcry","Headbutt"],"picked":"Pummel","floor":1.0},{"not_picked":["Clothesline","Perfected Strike"],"picked":"Flex","floor":3.0},{"not_picked":["Feel No Pain","Pommel Strike"],"picked":"Anger","floor":4.0},{"not_picked":["True Grit","Battle Trance"],"picked":"Ghostly Armor","floor":6.0},{"not_picked":["Sentinel","Searing Blow"],"picked":"Exhume","floor":7.0},{"not_picked":["True Grit","Warcry"],"picked":"Flex","floor":10.0},{"not_picked":["Perfected Strike","Hemokinesis"],"picked":"Disarm","floor":11.0},{"not_picked":["Headbutt","Bloodletting"],"picked":"Rampage","floor":12},{"not_picked":["Heavy Blade","Pummel"],"picked":"Infernal Blade","floor":14},{"not_picked":["Juggernaut","Exhume"],"picked":"Immolate","floor":16},{"not_picked":["Clash","Perfected Strike"],"picked":"Cleave","floor":18}],"player_experience":1962247,"relics_obtained":[{"floor":6.0,"key":"CaptainsWheel"},{"floor":9.0,"key":"The Courier"}],"event_choices":[{"damage_healed":0.0,"max_hp_gain":0.0,"max_hp_loss":0.0,"gold_gain":50.0,"event_name":"FaceTrader","player_choice":"Touch","floor":2.0,"gold_loss":0.0,"damage_taken":6.0},{"damage_healed":0,"gold_gain":0,"player_choice":"Lose Max HP","damage_taken":0,"relics_obtained":["Golden Idol"],"max_hp_gain":0,"max_hp_loss":6,"event_name":"Golden Idol","floor":13,"gold_loss":0}],"is_beta":false,"boss_relics":[{"not_picked":["Sozu","Coffee Dripper"],"picked":"Black Blood"}],"items_purged_floors":[],"is_endless":false,"potions_floor_spawned":[1,6,10,11,14],"killed_by":"Spheric Guardian","ascension_level":15}}