{"host":"87fdiiwflhrwsj8a","time":1608322588,"event":{"mods":["Aspiration","BaseMod","Better Match","Better Third Choice","BetterRewards","Colored Map","Downfall","GifTheSpireLib","Infinite Spire","Minty Spire (QoL Compilation)","Relic Sorter","Replay The Spire","Robot Space Explorer","StSLib","Stuff the Spire","The Cursed"],"gold_per_floor":[116,116,127,47,59,59,85,99,152,178,189,189,203,203,203,303,303,321,321,287,287,287,315,315,325,399,429,429,90,101,121,121,217,217,231,291,143,153,153,153,187,187,211,211,211,242,296,307,307,307,307,307,46,73,73],"floor_reached":56,"playtime":2513,"items_purged":["Writhe"],"score":2080,"play_id":"7e603d34-1f9e-4545-b5a6-ab5dd1ab6185","local_time":"20201218151628","is_ascension_mode":true,"campfire_choices":[{"data":"TheCursedMod:StingEye","floor":6,"key":"SMITH"},{"data":"TheCursedMod:VitalStrike","floor":15,"key":"SMITH"},{"data":"TheCursedMod:CursedBoomerang","floor":24,"key":"SMITH"},{"data":"TheCursedMod:CursedBlade","floor":28,"key":"SMITH"},{"data":"TheCursedMod:CleanUpWorkshop","floor":32,"key":"SMITH"},{"data":"infinitespire:UltimateForm","floor":40,"key":"SMITH"},{"floor":42,"key":"REST"},{"floor":45,"key":"REST"},{"floor":49,"key":"RECALL"},{"data":"TheCursedMod:CursedWand","floor":52,"key":"SMITH"}],"circlet_count":0,"master_deck":["TheCursedMod:Strike_TheCursed","TheCursedMod:Strike_TheCursed","TheCursedMod:Strike_TheCursed","TheCursedMod:Strike_TheCursed","TheCursedMod:Defend_TheCursed","TheCursedMod:Defend_TheCursed","TheCursedMod:Defend_TheCursed","TheCursedMod:Defend_TheCursed","TheCursedMod:CursedWand+1","TheCursedMod:CleanUpWorkshop+1","TheCursedMod:Dregs","TheCursedMod:VitalStrike+1","TheCursedMod:RapidMovement","TheCursedMod:RapidMovement","TheCursedMod:CursedBlade+1","TheCursedMod:StingEye+1","TheCursedMod:CursedBoomerang+1","TheCursedMod:Stigma","TheCursedMod:SurpriseAttack","TheCursedMod:NeowsMight+1","TheCursedMod:VitalStrike+1","TheCursedMod:VitalStrike+1","Slimebound:CheckThePlaybook+1","TheCursedMod:RapidMovement+1","TheCursedMod:CursedBlade+1","TheCursedMod:RavingStaff+1","TheCursedMod:CursedShiv+1","TheCursedMod:CollectTribute+1","Sickly","Injury","Amnesia","TheCursedMod:Torture+1","ReplayTheSpireMod:Splinters","TheCursedMod:FuryStrike+1","TheCursedMod:DarkBarrier+1","infinitespire:UltimateForm+1","TheCursedMod:SurpriseAttack+1","TheCursedMod:Torture+1","TheCursedMod:Obscuration+1","TheCursedMod:Torture+1","Mind Blast+1","TheCursedMod:CursedStaff+1"],"relics":["TheCursedMod:BlackMagic101","Shuriken","CultistMask","Golden Egg","Simple Rune","StuffTheSpire:HeavyRock","aspiration:SecretTechniqueScroll","Bronze Scales","infinitespire:Bottled Soul","StuffTheSpire:PointBlank","Ginger","Replay:Ancient Bell","War Paint","Replay:Bottled Snecko","StuffTheSpire:Nightcore","aspiration:HummingbirdHeart","Chemical X","TheCursedMod:BloodyHarpoon","Replay:Rubber Ducky","Iron Hammer","StuffTheSpire:NeowsTribute","Strawberry"],"acts_visited":["Exordium","TheCity","TheBeyond","TheEnding"],"potions_floor_usage":[7,7,23,27,30,35,41,55,55,55,55],"damage_taken":[{"damage":6,"enemies":"Small Slimes","floor":1,"turns":3},{"damage":4,"enemies":"Cultist","floor":3,"turns":5},{"damage":0,"enemies":"2 Louse","floor":5,"turns":3},{"damage":5,"enemies":"3 Sentries","floor":7,"turns":6},{"damage":4,"enemies":"Red Slaver","floor":8,"turns":3},{"damage":8,"enemies":"Lagavulin","floor":10,"turns":5},{"damage":0,"enemies":"3 Louse","floor":11,"turns":2},{"damage":0,"enemies":"Looter","floor":13,"turns":2},{"damage":3,"enemies":"Hexaghost","floor":16,"turns":9},{"damage":0,"enemies":"Shell Parasite","floor":18,"turns":2},{"damage":30,"enemies":"Slavers","floor":23,"turns":4},{"damage":0,"enemies":"Spheric Guardian","floor":25,"turns":1},{"damage":0,"enemies":"Book of Stabbing","floor":27,"turns":2},{"damage":3,"enemies":"Shelled Parasite and Fungi","floor":30,"turns":1},{"damage":0,"enemies":"Centurion and Healer","floor":31,"turns":2},{"damage":14,"enemies":"Pondfish","floor":33,"turns":4},{"damage":0,"enemies":"3 Darklings","floor":35,"turns":3},{"damage":0,"enemies":"3 Shapes","floor":38,"turns":2},{"damage":42,"enemies":"Nemesis","floor":41,"turns":5},{"damage":0,"enemies":"Reptomancer","floor":46,"turns":4},{"damage":0,"enemies":"2 Orb Walkers","floor":47,"turns":3},{"damage":6,"enemies":"Sphere and 2 Shapes","floor":48,"turns":3},{"damage":28,"enemies":"Replay:Hell Engine","floor":50,"turns":6},{"damage":3,"enemies":"Shield and Spear","floor":54,"turns":3},{"damage":45,"enemies":"The Heart","floor":55,"turns":5}],"seed_played":"6868236892302513182","potions_obtained":[{"floor":1,"key":"SkillPotion"},{"floor":3,"key":"Energy Potion"},{"floor":7,"key":"SmokeBomb"},{"floor":12,"key":"Swift Potion"},{"floor":12,"key":"SpeedPotion"},{"floor":12,"key":"DistilledChaos"},{"floor":18,"key":"Fruit Juice"},{"floor":27,"key":"PowerPotion"},{"floor":31,"key":"SkillPotion"},{"floor":36,"key":"Ancient Potion"},{"floor":41,"key":"champ:CounterPotion"},{"floor":47,"key":"Elixir"},{"floor":48,"key":"EntropicBrew"}],"is_trial":false,"path_per_floor":["M","?","M","$","M","R","E","M","T","E","M","?","M","?","R","B",null,"M","?","$","?","?","E","R","M","T","E","R","$","M","M","R","B",null,"M","?","$","M","AVR","R","E","R","T","?","R","E","?","M","R","B",null,"R","$","E","B",null],"character_chosen":"THE_CURSED","items_purchased":["Shuriken","TheCursedMod:VitalStrike","TheCursedMod:RapidMovement","TheCursedMod:StingEye","TheCursedMod:VitalStrike","Ginger","TheCursedMod:CursedBlade","Chemical X","TheCursedMod:Torture","Mind Blast","TheCursedMod:CursedStaff"],"campfire_rested":2,"item_purchase_floors":[0,0,0,4,20,29,29,37,53,53,53],"current_hp_per_floor":[50,50,46,46,46,46,41,37,37,29,29,29,29,29,29,26,63,63,63,63,63,63,38,38,38,38,38,38,38,35,35,35,21,60,60,60,60,60,60,60,18,39,39,57,73,73,73,67,67,39,65,65,65,69,24],"gold":73,"neow_bonus":"","is_daily":false,"chose_seed":false,"campfire_upgraded":7,"win_rate":0.0,"timestamp":1608322588,"path_taken":["M","?","M","$","M","R","E","?","T","E","?","?","?","?","R","BOSS","M","?","$","?","?","E","R","M","T","E","R","?","M","?","R","BOSS","M","?","$","M","AVR","R","E","R","T","?","R","E","?","M","R","BOSS","R","$","E","BOSS"],"items_purchased_type":["Relic","Card","Card","Card","Card","Relic","Card","Relic","Card","Card","Card"],"build_version":"2020-12-13","purchased_purges":1,"victory":true,"max_hp_per_floor":[75,75,75,75,75,75,75,75,75,75,75,75,75,75,75,75,75,75,75,75,75,68,73,73,73,73,73,73,73,73,73,73,73,73,73,73,73,73,73,73,73,73,73,73,73,73,73,73,73,73,73,73,73,80,80],"card_choices":[{"not_picked":["TheCursedMod:BloodBarrier","TheCursedMod:RapidMovement","TheCursedMod:Torture"],"picked":"SKIP","floor":1},{"not_picked":["TheCursedMod:BloodBarrier","TheCursedMod:Torture"],"picked":"TheCursedMod:RapidMovement","floor":1},{"not_picked":["TheCursedMod:RavingStaff","TheCursedMod:Torture"],"picked":"TheCursedMod:CursedBlade","floor":3},{"not_picked":["TheCursedMod:Obscuration","TheCursedMod:ManaBullet","TheCursedMod:PrepareRite"],"picked":"SKIP","floor":5},{"not_picked":["TheCursedMod:DarkBarrier","TheCursedMod:SurpriseAttack"],"picked":"TheCursedMod:CursedBoomerang","floor":7},{"not_picked":["TheCursedMod:SpreadPlague","TheCursedMod:CursedMace"],"picked":"TheCursedMod:Stigma","floor":8},{"not_picked":["TheCursedMod:ReleasedKnowledge","TheCursedMod:CursedRelics","TheCursedMod:Obscuration"],"picked":"SKIP","floor":10},{"not_picked":["TheCursedMod:BlessingInDisguise","TheCursedMod:RavingStaff"],"picked":"TheCursedMod:SurpriseAttack","floor":11},{"not_picked":["TheCursedMod:SpitefulPlan","TheCursedMod:Stigma","TheCursedMod:RavingStaff"],"picked":"SKIP","floor":13},{"not_picked":["TheCursedMod:VoidForm","TheCursedMod:DemonSword"],"picked":"TheCursedMod:NeowsMight","floor":16},{"not_picked":["TheCursedMod:SoulCrush+1","TheCursedMod:Stigma","TheCursedMod:SpitefulPlan"],"picked":"SKIP","floor":18},{"not_picked":["TheCursedMod:ReleasedKnowledge","TheCursedMod:RavingStaff","TheCursedMod:DoubleShield+1"],"picked":"SKIP","floor":23},{"not_picked":["TheCursedMod:RapidMovement","TheCursedMod:SmokeScreen","TheCursedMod:Obscuration"],"picked":"SKIP","floor":25},{"not_picked":["TheCursedMod:AbyssShockwave","TheCursedMod:FleshFromBone"],"picked":"TheCursedMod:RapidMovement+1","floor":27},{"not_picked":["TheCursedMod:VitalStrike","TheCursedMod:Wield"],"picked":"TheCursedMod:RavingStaff+1","floor":30},{"not_picked":["TheCursedMod:Stretching+1","TheCursedMod:CursedBoomerang"],"picked":"TheCursedMod:CursedShiv+1","floor":31},{"not_picked":["TheCursedMod:DemonicPact","TheCursedMod:AntiAging"],"picked":"TheCursedMod:CollectTribute","floor":33},{"not_picked":["betterMatch:CurseCard","Normality"],"picked":"Sickly","floor":34},{"not_picked":["Overencumbered","AbeCurse"],"picked":"Injury","floor":34},{"not_picked":["StuffTheSpire:WarCurse","Normality"],"picked":"Amnesia","floor":34},{"not_picked":["TheCursedMod:RavingStaff","TheCursedMod:Obscuration+1"],"picked":"TheCursedMod:Torture+1","floor":35},{"not_picked":["TheCursedMod:CircleOfCorruption+1","TheCursedMod:Mangle"],"picked":"TheCursedMod:FuryStrike+1","floor":36},{"not_picked":["TheCursedMod:FleshFromBone","TheCursedMod:CursedBlade"],"picked":"TheCursedMod:DarkBarrier","floor":38},{"not_picked":["TheCursedMod:CircleOfFlame","TheCursedMod:CursedBlade","TheCursedMod:Wield"],"picked":"SKIP","floor":41},{"not_picked":["TheCursedMod:CursedBoomerang","TheCursedMod:SmokeScreen"],"picked":"TheCursedMod:SurpriseAttack+1","floor":46},{"not_picked":["TheCursedMod:ShockAndAwe","TheCursedMod:HellsGateOpen"],"picked":"TheCursedMod:Torture+1","floor":47},{"not_picked":["TheCursedMod:PrepareRite","TheCursedMod:CursedShiv"],"picked":"TheCursedMod:Obscuration+1","floor":48},{"not_picked":["TheCursedMod:Wield","TheCursedMod:SmokeScreen","TheCursedMod:CircleOfCorruption"],"picked":"SKIP","floor":54}],"player_experience":2576070,"relics_obtained":[{"floor":7,"key":"Golden Egg"},{"floor":9,"key":"Simple Rune"},{"floor":10,"key":"StuffTheSpire:HeavyRock"},{"floor":23,"key":"Bronze Scales"},{"floor":26,"key":"infinitespire:Bottled Soul"},{"floor":27,"key":"StuffTheSpire:PointBlank"},{"floor":36,"key":"aspiration:HummingbirdHeart"},{"floor":41,"key":"Replay:Rubber Ducky"},{"floor":46,"key":"Iron Hammer"},{"floor":47,"key":"StuffTheSpire:NeowsTribute"},{"floor":54,"key":"Strawberry"}],"event_choices":[{"damage_healed":0,"gold_gain":0,"player_choice":"Trade","damage_taken":0,"relics_obtained":["CultistMask"],"max_hp_gain":0,"max_hp_loss":0,"event_name":"FaceTrader","floor":2,"gold_loss":0},{"damage_healed":0,"gold_gain":0,"player_choice":"Got Potions","damage_taken":0,"max_hp_gain":0,"max_hp_loss":0,"event_name":"Lab","floor":12,"gold_loss":0},{"damage_healed":0,"gold_gain":0,"player_choice":"Ignored","damage_taken":0,"max_hp_gain":0,"max_hp_loss":0,"event_name":"Fountain of Cleansing","floor":14,"gold_loss":0},{"damage_healed":0,"gold_gain":0,"player_choice":"Ignored","damage_taken":0,"max_hp_gain":0,"max_hp_loss":0,"event_name":"Ghosts","floor":21,"gold_loss":0},{"damage_healed":18,"gold_gain":0,"player_choice":"Writhe","damage_taken":0,"max_hp_gain":0,"max_hp_loss":0,"event_name":"Winding Halls","floor":44,"gold_loss":0,"cards_obtained":["Writhe"]},{"damage_healed":0,"gold_gain":0,"player_choice":"Fight","damage_taken":0,"max_hp_gain":0,"max_hp_loss":0,"event_name":"Mysterious Sphere","floor":47,"gold_loss":0}],"is_beta":false,"boss_relics":[{"not_picked":["StuffTheSpire:RunicConfusion","Cursed Key"],"picked":"aspiration:SecretTechniqueScroll"},{"not_picked":["Pandora\u0027s Box","Snecko Heart"],"picked":"Replay:Ancient Bell"},{"not_picked":["StuffTheSpire:Barrel","StuffTheSpire:Experiment12"],"picked":"War Paint"},{"not_picked":["StuffTheSpire:RubySignet","infinitespire:Midas Blood"],"picked":"Replay:Bottled Snecko"},{"not_picked":["aspiration:AnachronicSnailShell","Girya"],"picked":"StuffTheSpire:Nightcore"}],"items_purged_floors":[53],"is_endless":false,"potions_floor_spawned":[1,3,7,13,18,27,31,41,47,48],"ascension_level":7}}