{"host":"3c27c697js19kaoo","time":1608276334,"event":{"mods":["BaseMod","Dota2Spire","Hermit","Minty Spire (QoL Compilation)","Quick Restart","Remilia£®¿Ÿ√◊¿Ú—«£©","Replay The Spire","Robot Space Explorer","Spicy Shops","StSLib","The Alterego","The Cursed","The Servant 0.9.4","vexMod","°æ“≈ŒÔø®≈∆°øREMEMod"],"gold_per_floor":[114,114,114,114,133,133,168,191,241,288,36,54,54,68,130,280,280,313,238,213,235,33,105,105,161,187,236,265,265,276,293,293,402,402,450,491,509,509,0,40,40,401,401,199,266,349,12,12,12,72],"floor_reached":51,"playtime":1833,"items_purged":["Echo Form"],"score":1088,"play_id":"a3ec3360-3240-4f47-ba93-71fde90befc7","local_time":"20201218152534","is_ascension_mode":true,"campfire_choices":[{"data":"Self Repair","floor":6.0,"key":"SMITH"},{"data":"REME_Flogging","floor":13.0,"key":"SMITH"},{"floor":24.0,"key":"REST"},{"data":"REME_Shoggoth","floor":32.0,"key":"SMITH"},{"floor":41.0,"key":"DIG"},{"floor":49,"key":"DIG"}],"circlet_count":0,"master_deck":["Strike_B","Strike_B","Strike_B","Strike_B","Defend_B","Defend_B","Defend_B","Defend_B","Zap","All For One+1","Self Repair+1","Gash","BasicCrystalCard","Redo","REME_Flogging+1","Flex","Beam Cell","REME_Shoggoth+1","CurseOfTheBell","Anger","Crystallizer+1","REME_ForAll+1"],"relics":["REME_ComplimentaryCards","NeowsBlessing","Iron Core","vexMod:ConsolationPrize","MealTicket","Pet Ghost","Mercury Hourglass","Magic Flower","Boot","Calling Bell","Replay:WaspNest","Incense Burner","Replay:Mystery Machine","BargainBundle","Potion Belt","Dota2Spire:EchoSabre","REME_PuzzleBoxRelic","Smiling Mask","Replay:Bronze Core","Red Mask","Shovel","Dota2Spire:HeartOfTarrasque","Prayer Wheel","Old Coin","Replay:Multitool","Membership Card","Replay:Bandana","Replay:Wax Seal","vexMod:Dragonfruit","Guide Book","Pantograph","Magic Flower","Dota2Spire:LinkenSphere"],"acts_visited":["Exordium","TheCity","TheBeyond"],"potions_floor_usage":[46,46],"damage_taken":[{"damage":0.0,"enemies":"2 Louse","floor":1.0,"turns":1.0},{"damage":0.0,"enemies":"Small Slimes","floor":5.0,"turns":1.0},{"damage":0.0,"enemies":"3 Sentries","floor":7.0,"turns":2.0},{"damage":8.0,"enemies":"Jaw Worm","floor":8.0,"turns":3.0},{"damage":22.0,"enemies":"Gremlin Nob","floor":10.0,"turns":4.0},{"damage":8.0,"enemies":"Red Slaver","floor":12.0,"turns":2.0},{"damage":1.0,"enemies":"Exordium Wildlife","floor":14.0,"turns":2.0},{"damage":0.0,"enemies":"Gremlin Nob","floor":15.0,"turns":1.0},{"damage":54.0,"enemies":"Hexaghost","floor":16.0,"turns":6.0},{"damage":24.0,"enemies":"Shell Parasite","floor":18.0,"turns":3.0},{"damage":5.0,"enemies":"3 Byrds","floor":21.0,"turns":2.0},{"damage":43.0,"enemies":"Gremlin Leader","floor":23.0,"turns":4.0},{"damage":27.0,"enemies":"Slavers","floor":25.0,"turns":2.0},{"damage":15.0,"enemies":"Book of Stabbing","floor":27.0,"turns":3.0},{"damage":13.0,"enemies":"Snecko","floor":28.0,"turns":3.0},{"damage":0.0,"enemies":"Cultist and Chosen","floor":30.0,"turns":3.0},{"damage":0.0,"enemies":"Snake Plant","floor":31.0,"turns":2.0},{"damage":4.0,"enemies":"Collector","floor":33.0,"turns":4.0},{"damage":31.0,"enemies":"3 Shapes","floor":35.0,"turns":3.0},{"damage":23.0,"enemies":"3 Darklings","floor":36.0,"turns":4.0},{"damage":0.0,"enemies":"Jaw Worm Horde","floor":37.0,"turns":1.0},{"damage":12.0,"enemies":"R_Hoarder","floor":40.0,"turns":4.0},{"damage":10.0,"enemies":"2 Orb Walkers","floor":42.0,"turns":3.0},{"damage":3.0,"enemies":"Giant Head","floor":45.0,"turns":3.0},{"damage":0,"enemies":"Maw","floor":46,"turns":2},{"damage":0,"enemies":"Donu and Deca","floor":50,"turns":1}],"seed_played":"-690584660029409778","potions_obtained":[{"floor":5.0,"key":"EssenceOfSteel"},{"floor":7.0,"key":"FocusPotion"},{"floor":10.0,"key":"AttackPotion"},{"floor":12.0,"key":"DuplicationPotion"},{"floor":15.0,"key":"SkillPotion"},{"floor":25.0,"key":"SneckoOil"},{"floor":28.0,"key":"CultistPotion"},{"floor":30.0,"key":"AttackPotion"},{"floor":31.0,"key":"Weak Potion"},{"floor":33.0,"key":"GamblersBrew"},{"floor":42.0,"key":"Adrenaline Potion"},{"floor":46,"key":"Venom Potion"}],"is_trial":false,"path_per_floor":["M","?","?","T","M","R","E","M","T","E","$","M","R","M","R","B",null,"M","?","?","M","$","E","R","E","T","E","M","?","M","M","R","B",null,"M","M","M","?","?","E","R","?","T","$","E","M","$","$","R","B",null],"character_chosen":"DEFECT","items_purchased":["REME_Flogging","Magic Flower","BargainBundle","Membership Card","Replay:Bandana","vexMod:Dragonfruit","Guide Book","Pantograph","Magic Flower"],"campfire_rested":1,"item_purchase_floors":[11,11,22,44,44,47,47,47,47],"current_hp_per_floor":[75,75,75,75,75,75,75,75,75,63,75,75,75,75,75,50,75,66,66,66,69,75,47,69,42,42,42,44,85,85,85,85,81,85,77,69,69,69,69,72,80,70,70,85,93,93,98,98,98,98],"gold":72,"neow_bonus":"THREE_ENEMY_KILL","is_daily":false,"chose_seed":false,"campfire_upgraded":3,"win_rate":0.0,"timestamp":1608276334,"path_taken":["M","?","?","?","?","R","E","M","T","E","$","M","R","M","R","BOSS","M","?","?","M","$","E","R","E","T","E","M","?","?","M","R","BOSS","M","M","?","?","?","E","R","?","T","$","E","?","?","$","R","BOSS"],"items_purchased_type":["Card","Relic","Relic","Relic","Relic","Relic","Relic","Relic","Relic"],"build_version":"2020-12-13","purchased_purges":1,"victory":true,"max_hp_per_floor":[75,75,75,75,75,75,75,75,75,75,75,75,75,75,75,75,75,75,75,75,75,75,75,75,75,75,75,75,85,85,85,85,85,85,85,85,85,85,85,85,93,93,93,93,93,93,98,98,98,98],"card_choices":[{"not_picked":["White Noise","Barrage"],"picked":"Self Repair","floor":1.0},{"not_picked":["Skim","Conserve Battery"],"picked":"Gash","floor":5.0},{"not_picked":["Warcry","Hologram"],"picked":"BasicCrystalCard","floor":7.0},{"not_picked":["Tempest","Headbutt"],"picked":"Redo","floor":8.0},{"not_picked":["Doom and Gloom","Force Field"],"picked":"Reaper","floor":10.0},{"not_picked":["Redo","Fire Breathing"],"picked":"Flex","floor":12.0},{"not_picked":["Consume","Defragment"],"picked":"Beam Cell","floor":14.0},{"not_picked":["Double Tap","Meteor Strike"],"picked":"REME_Shoggoth","floor":16.0},{"not_picked":["Flex","Iron Wave"],"picked":"Anger","floor":18.0},{"not_picked":["Steam Power","Fire Breathing","Body Slam"],"picked":"SKIP","floor":21.0},{"not_picked":["ReplayTheSpireMod:Reroute Power","Capacitor+1"],"picked":"Echo Form","floor":23.0},{"not_picked":["Anger","ReplayTheSpireMod:System Scan","Gash"],"picked":"SKIP","floor":25.0},{"not_picked":["Stack","Gash","Doom and Gloom"],"picked":"SKIP","floor":27.0},{"not_picked":["Iron Wave+1","Hello World"],"picked":"Crystallizer","floor":28.0},{"not_picked":["Stack","Headbutt","WeaponsOverheat"],"picked":"SKIP","floor":30.0},{"not_picked":["REME_DataAnalysis","Amplify","Iron Wave"],"picked":"SKIP","floor":31.0},{"not_picked":["REME_Shoggoth","Fission"],"picked":"REME_ForAll","floor":33.0},{"not_picked":["Leap","Go for the Eyes","Steam+1"],"picked":"SKIP","floor":35.0},{"not_picked":["Defragment","Chaos+1","Hologram"],"picked":"SKIP","floor":36.0},{"not_picked":["Sweeping Beam+1","Consume","Force Field"],"picked":"SKIP","floor":37.0},{"not_picked":["Go for the Eyes+1","Redo+1","Doom and Gloom+1"],"picked":"SKIP","floor":40.0},{"not_picked":["ReplayTheSpireMod:System Scan+1","Amplify","Echo Form"],"picked":"SKIP","floor":45.0},{"not_picked":["Beam Cell","Melter","Storm+1"],"picked":"SKIP","floor":46},{"not_picked":["BootSequence","Self Repair+1","Hologram"],"picked":"SKIP","floor":46}],"player_experience":130118,"relics_obtained":[{"floor":4.0,"key":"vexMod:ConsolationPrize"},{"floor":7.0,"key":"MealTicket"},{"floor":9.0,"key":"Pet Ghost"},{"floor":10.0,"key":"Mercury Hourglass"},{"floor":17.0,"key":"Replay:WaspNest"},{"floor":17.0,"key":"Incense Burner"},{"floor":17.0,"key":"Replay:Mystery Machine"},{"floor":23.0,"key":"Potion Belt"},{"floor":25.0,"key":"Dota2Spire:EchoSabre"},{"floor":26.0,"key":"REME_PuzzleBoxRelic"},{"floor":27.0,"key":"Smiling Mask"},{"floor":40.0,"key":"Shovel"},{"floor":41.0,"key":"Dota2Spire:HeartOfTarrasque"},{"floor":42.0,"key":"Old Coin"},{"floor":43.0,"key":"Replay:Multitool"},{"floor":45.0,"key":"Replay:Wax Seal"},{"floor":49,"key":"Dota2Spire:LinkenSphere"}],"event_choices":[{"damage_healed":0.0,"max_hp_gain":0.0,"max_hp_loss":0.0,"gold_gain":0.0,"event_name":"Living Wall","player_choice":"Grow","floor":3.0,"gold_loss":0.0,"damage_taken":0.0,"cards_upgraded":["All For One"]},{"damage_healed":0.0,"max_hp_gain":0.0,"max_hp_loss":0.0,"gold_gain":0.0,"event_name":"Dead Adventurer","player_choice":"Searched \u00273\u0027 times","floor":15.0,"gold_loss":0.0,"damage_taken":0.0,"relics_obtained":["Boot"]},{"cards_removed":["Bash"],"damage_healed":0.0,"max_hp_gain":0.0,"max_hp_loss":0.0,"gold_gain":0.0,"event_name":"Beggar","player_choice":"Gave Gold","floor":19.0,"gold_loss":75.0,"damage_taken":0.0},{"cards_removed":["Reaper"],"damage_healed":31.0,"max_hp_gain":10.0,"max_hp_loss":0.0,"gold_gain":0.0,"event_name":"Bonfire Elementals","player_choice":"Offered Rare","floor":29.0,"gold_loss":0.0,"damage_taken":0.0},{"damage_healed":0.0,"max_hp_gain":0.0,"max_hp_loss":0.0,"gold_gain":0.0,"event_name":"SensoryStone","player_choice":"Memory 1","floor":38.0,"gold_loss":0.0,"damage_taken":0.0},{"damage_healed":0.0,"max_hp_gain":0.0,"max_hp_loss":0.0,"gold_gain":0.0,"event_name":"Tomb of Lord Red Mask","player_choice":"Paid","floor":39.0,"gold_loss":509.0,"damage_taken":0.0,"relics_obtained":["Red Mask"]},{"damage_healed":0.0,"max_hp_gain":0.0,"max_hp_loss":0.0,"gold_gain":0.0,"event_name":"Mysterious Sphere","player_choice":"Fight","floor":42.0,"gold_loss":0.0,"damage_taken":0.0}],"is_beta":false,"boss_relics":[{"not_picked":["vexMod:EndlessSickness","vexMod:ImprovementManual"],"picked":"Calling Bell"},{"not_picked":["vexMod:CursedCompass","Painkiller Herb"],"picked":"Replay:Bronze Core"}],"items_purged_floors":[44],"is_endless":false,"potions_floor_spawned":[5,7,10,12,15,25,28,30,31,33,37,42,46],"ascension_level":1}}