{"host":"6b00v7211em4ihns","time":1608276882,"event":{"mods":["BaseMod","Better Match","Minty Spire (QoL Compilation)","Relic Stats","Spicy Shops","StSLib"],"gold_per_floor":[112,122,122,134,150,176,176,187,212,231,265,282,296,306,306,381,381,393,39,54,54,67,67,67,67],"floor_reached":24,"playtime":1781,"items_purged":["Strike_G"],"score":428,"play_id":"03abad35-ed53-4de9-b648-ab437f89321c","local_time":"20201218073442","is_ascension_mode":true,"campfire_choices":[{"data":"Skewer","floor":7,"key":"SMITH"},{"floor":15,"key":"REST"},{"floor":23,"key":"REST"}],"circlet_count":0,"master_deck":["AscendersBane","Strike_G+1","Strike_G+1","Strike_G+1","Defend_G+1","Defend_G+1","Defend_G+1","Defend_G+1","Defend_G+1","Survivor","Neutralize","Skewer+1","Dagger Throw","Bouncing Flask","Backstab","Deflect+1","Masterful Stab","Footwork","Flying Knee","Catalyst","Adrenaline","Doppelganger","Catalyst","Dash+1"],"relics":["Ring of the Snake","Toy Ornithopter","Sundial","War Paint","Vajra","SlaversCollar","White Beast Statue"],"acts_visited":["Exordium","TheCity"],"potions_floor_usage":[6,11,16,16,22,24],"damage_taken":[{"damage":0,"enemies":"Jaw Worm","floor":1,"turns":5},{"damage":9,"enemies":"Cultist","floor":2,"turns":5},{"damage":0,"enemies":"2 Louse","floor":4,"turns":3},{"damage":3,"enemies":"Blue Slaver","floor":5,"turns":6},{"damage":12,"enemies":"Lagavulin","floor":6,"turns":7},{"damage":8,"enemies":"Lots of Slimes","floor":8,"turns":5},{"damage":2,"enemies":"Exordium Thugs","floor":10,"turns":4},{"damage":23,"enemies":"3 Sentries","floor":11,"turns":7},{"damage":3,"enemies":"Blue Slaver","floor":12,"turns":2},{"damage":1,"enemies":"Exordium Wildlife","floor":13,"turns":4},{"damage":0,"enemies":"Looter","floor":14,"turns":3},{"damage":6,"enemies":"The Guardian","floor":16,"turns":9},{"damage":9,"enemies":"Spheric Guardian","floor":18,"turns":6},{"damage":10,"enemies":"2 Thieves","floor":20,"turns":4},{"damage":46,"enemies":"Chosen and Byrds","floor":22,"turns":8},{"damage":32,"enemies":"Shelled Parasite and Fungi","floor":24,"turns":7}],"seed_played":"-2361358021156541171","potions_obtained":[{"floor":1,"key":"DuplicationPotion"},{"floor":4,"key":"Ancient Potion"},{"floor":5,"key":"CultistPotion"},{"floor":10,"key":"FearPotion"},{"floor":11,"key":"Fruit Juice"},{"floor":12,"key":"EssenceOfSteel"},{"floor":20,"key":"Block Potion"},{"floor":22,"key":"Fire Potion"}],"is_trial":false,"path_per_floor":["M","M","?","M","M","E","R","M","T","M","E","M","M","M","R","B",null,"M","$","M","?","M","R","M"],"character_chosen":"THE_SILENT","items_purchased":["White Beast Statue"],"campfire_rested":2,"item_purchase_floors":[19],"current_hp_per_floor":[59,50,50,50,47,40,40,32,32,30,17,14,13,13,34,38,63,54,54,44,44,3,24,0,0],"gold":67,"neow_bonus":"RANDOM_COMMON_RELIC","is_daily":false,"chose_seed":false,"campfire_upgraded":1,"win_rate":0.0,"timestamp":1608276882,"path_taken":["M","M","?","M","M","E","R","M","T","M","E","M","M","?","R","BOSS","M","$","M","?","M","R","M"],"items_purchased_type":["Relic"],"build_version":"2020-12-13","purchased_purges":1,"victory":false,"max_hp_per_floor":[66,66,66,66,66,66,66,66,66,66,71,71,71,71,71,71,71,71,71,71,71,71,71,71,71],"relic_stats":{"counters":[16,85],"Sundial":[6],"War Paint":["Defend_G","Deflect"],"obtain_stats":[{"SlaversCollar":17,"Sundial":6,"Vajra":11,"War Paint":9,"Toy Ornithopter":0,"White Beast Statue":19,"Ring of the Snake":0},{"SlaversCollar":12,"Sundial":5,"Vajra":8,"War Paint":6,"Toy Ornithopter":0,"White Beast Statue":13,"Ring of the Snake":0},{"SlaversCollar":60,"Sundial":26,"Vajra":42,"War Paint":31,"Toy Ornithopter":0,"White Beast Statue":66,"Ring of the Snake":0}],"Toy Ornithopter":30,"Ring of the Snake":[32]},"card_choices":[{"not_picked":["Slice","Backstab"],"picked":"Skewer","floor":1},{"not_picked":["Underhanded Strike","Dodge and Roll"],"picked":"Dagger Throw","floor":2},{"not_picked":["Cloak And Dagger","Deflect"],"picked":"Bouncing Flask","floor":4},{"not_picked":["Escape Plan","Sucker Punch"],"picked":"Backstab","floor":5},{"not_picked":["Burst","Acrobatics"],"picked":"Deflect","floor":6},{"not_picked":["Bane","PiercingWail"],"picked":"Masterful Stab","floor":8},{"not_picked":["Dagger Throw","Bane"],"picked":"Footwork","floor":10},{"not_picked":["Prepared","Caltrops"],"picked":"Flying Knee","floor":11},{"not_picked":["Calculated Gamble","Outmaneuver"],"picked":"Catalyst","floor":12},{"not_picked":["Bouncing Flask","Dash"],"picked":"Adrenaline","floor":13},{"not_picked":["Skewer","Eviscerate","Reflex"],"picked":"SKIP","floor":14},{"not_picked":["Storm of Steel","Bullet Time"],"picked":"Doppelganger","floor":16},{"not_picked":["Acrobatics","Cloak And Dagger","Riddle With Holes"],"picked":"SKIP","floor":18},{"not_picked":["Bouncing Flask","Setup"],"picked":"Catalyst","floor":20},{"not_picked":["Sucker Punch","Blade Dance"],"picked":"Dash+1","floor":22}],"player_experience":2447218,"relics_obtained":[{"floor":6,"key":"Sundial"},{"floor":9,"key":"War Paint"},{"floor":11,"key":"Vajra"}],"event_choices":[{"cards_removed":["Strike_G"],"damage_healed":0,"gold_gain":0,"player_choice":"Purged","damage_taken":0,"max_hp_gain":0,"max_hp_loss":0,"event_name":"Purifier","floor":3,"gold_loss":0},{"damage_healed":0,"gold_gain":0,"player_choice":"Simplicity","damage_taken":0,"max_hp_gain":0,"max_hp_loss":0,"event_name":"Back to Basics","floor":21,"gold_loss":0,"cards_upgraded":["Strike_G","Strike_G","Strike_G","Defend_G","Defend_G","Defend_G","Defend_G"]}],"is_beta":false,"boss_relics":[{"not_picked":["Coffee Dripper","Snecko Eye"],"picked":"SlaversCollar"}],"items_purged_floors":[19],"is_endless":false,"potions_floor_spawned":[1,4,5,10,11,12,14,20,22],"killed_by":"Shelled Parasite and Fungi","ascension_level":20}}