{"host":"k5dhp0bkccqfauyu","time":1608260819,"event":{"mods":["BaseMod","Better Note","Better Skull","Better Vampires","Colored Map","Colored Powertips","DeckTracker","Minty Spire (QoL Compilation)","Permanent Neow","StSLib","SuperFastMode"],"gold_per_floor":[119,130,130,149,224,224,224,235,259,259,259,259],"floor_reached":11,"playtime":254,"items_purged":[],"score":126,"play_id":"3a769183-0b1f-4bee-ab79-2d46d6f9c788","local_time":"20201218140659","is_ascension_mode":true,"campfire_choices":[{"data":"Dagger Spray","floor":6,"key":"SMITH"},{"floor":10,"key":"REST"}],"circlet_count":0,"master_deck":["AscendersBane","Strike_G","Strike_G","Strike_G","Strike_G","Strike_G","Defend_G","Defend_G","Defend_G","Defend_G","Survivor","Neutralize","Backflip","Dagger Throw","Dagger Spray+1","Flying Knee","Neutralize","Quick Slash"],"relics":["Philosopher\u0027s Stone","Pen Nib"],"acts_visited":["Exordium"],"potions_floor_usage":[],"damage_taken":[{"damage":1,"enemies":"Small Slimes","floor":1,"turns":4},{"damage":21,"enemies":"Jaw Worm","floor":2,"turns":7},{"damage":0,"enemies":"2 Louse","floor":4,"turns":4},{"damage":12,"enemies":"Lots of Slimes","floor":8,"turns":4},{"damage":30,"enemies":"Gremlin Nob","floor":11,"turns":3}],"seed_played":"5215102319315106904","potions_obtained":[],"is_trial":false,"path_per_floor":["M","M","?","M","?","R","?","M","T","R","E"],"character_chosen":"THE_SILENT","items_purchased":[],"campfire_rested":1,"item_purchase_floors":[],"current_hp_per_floor":[58,37,30,30,19,19,19,7,7,26,0,0],"gold":259,"neow_bonus":"BOSS_RELIC","is_daily":false,"chose_seed":false,"campfire_upgraded":1,"win_rate":0.0,"timestamp":1608260819,"path_taken":["M","M","?","M","?","R","?","?","T","R","E"],"items_purchased_type":[],"build_version":"2020-12-13","purchased_purges":0,"victory":false,"max_hp_per_floor":[66,66,66,66,66,66,66,66,66,66,66,66],"card_choices":[{"not_picked":["Underhanded Strike","Flechettes"],"picked":"Backflip","floor":1},{"not_picked":["Finisher","Prepared"],"picked":"Dagger Throw","floor":2},{"not_picked":["Well Laid Plans","Backflip"],"picked":"Dagger Spray","floor":4},{"not_picked":["Blade Dance","Heel Hook"],"picked":"Quick Slash","floor":8}],"player_experience":1772372,"relics_obtained":[{"floor":9,"key":"Pen Nib"}],"event_choices":[{"cards_removed":["Defend_G"],"damage_healed":0,"gold_gain":0,"player_choice":"Card Removal","damage_taken":7,"max_hp_gain":0,"max_hp_loss":0,"event_name":"Golden Wing","floor":3,"gold_loss":0},{"damage_healed":0,"gold_gain":75,"player_choice":"Gather Gold","damage_taken":11,"max_hp_gain":0,"max_hp_loss":0,"event_name":"World of Goop","floor":5,"gold_loss":0},{"damage_healed":0,"gold_gain":0,"player_choice":"2 cards matched","damage_taken":0,"max_hp_gain":0,"max_hp_loss":0,"event_name":"Match and Keep!","floor":7,"gold_loss":0,"cards_obtained":["Flying Knee","Neutralize"]}],"is_beta":false,"boss_relics":[],"items_purged_floors":[],"is_endless":false,"potions_floor_spawned":[],"killed_by":"Gremlin Nob","ascension_level":20}}