{"host":"wwt2ezt6nhdbor27","time":1608279435,"event":{"mods":["Act Like it!","Bard","BaseMod","Beaked The Cultist","Colored Map","Glutton Mod","Hermit","Highlight Path","Jorbs\u0027s Wanderer Trilogy","Mad Scientist","Marisa????????","Minty Spire (QoL Compilation)","Relic Stats","StSLib","The Bug Knight","The Construct","The Cursed","The Mystic","The Servant 0.9.4","The Witch"],"gold_per_floor":[17,28,28,28,53,88,113,113,138,65,65,78,28,43,43,171,171,186,205,226,226,245,245,284,284,336,461,461,496,496,9,9,129,129,144,144,144,168,168,199,217,217,243,243,264,287,310,64,64,64],"floor_reached":51,"playtime":5332,"items_purged":[],"score":767,"play_id":"f4e6a246-f517-4f24-93b3-1467ab8bff5a","local_time":"20201218001715","is_ascension_mode":false,"campfire_choices":[{"data":"BestPractice","floor":8,"key":"SMITH"},{"data":"SpecialFormula","floor":15,"key":"SMITH"},{"data":"BottledTime","floor":23,"key":"SMITH"},{"data":"Embodiment","floor":25,"key":"SMITH"},{"floor":28,"key":"REST"},{"data":"SilverBlades","floor":32,"key":"SMITH"},{"floor":42,"key":"REST"},{"floor":49,"key":"REST"}],"circlet_count":0,"master_deck":["Strike_S+1","Strike_S+1","Strike_S+1","Strike_S+1","Defend_S+1","Defend_S+1","Defend_S+1","Defend_S+1","KidneyShot","Exchange","DoubleEdge","Alleviate+1","BestPractice+1","Spin","Embodiment+1","SpecialFormula+1","BottledTime+1","FastForward","LightFlow","BottledTime","Hightail+1","Defy+1","RealityMarble","Contraction+1","SoulSculpture","Contraction","GearUp","SilverBlades+1","Swift Strike+1","SpecialFormula","MurderousAura","Luminosity+1","Finesse","GearUp+1","ShatteredReality+1","Moonlight+1","FastForward","Contraction","Parasite","InstantArmor+1","MurderousAura","Ricochet+1","Defy","SilverBlades"],"relics":["Uniform","Golden Idol","Anchor","Strawberry","Ornamental Fan","construct:WeddingRing","Centennial Puzzle","Toy Ornithopter","Gambling Chip","Shuriken","construct:RocketBooster","Molten Egg 2","Fusion Hammer","Question Card","Dream Catcher"],"acts_visited":["Exordium","TheCity","TheBeyond"],"potions_floor_usage":[18,20,24,27,50],"damage_taken":[{"damage":5,"enemies":"2 Louse","floor":1,"turns":3},{"damage":7,"enemies":"Jaw Worm","floor":2,"turns":3},{"damage":0,"enemies":"Small Slimes","floor":5,"turns":3},{"damage":4,"enemies":"HollowMod:MossKnight","floor":6,"turns":7},{"damage":0,"enemies":"Looter","floor":7,"turns":3},{"damage":5,"enemies":"Blue Slaver","floor":12,"turns":4},{"damage":0,"enemies":"Large Slime","floor":14,"turns":5},{"damage":35,"enemies":"The Guardian","floor":16,"turns":15},{"damage":5,"enemies":"Spheric Guardian","floor":18,"turns":5},{"damage":0,"enemies":"Chosen","floor":19,"turns":6},{"damage":3,"enemies":"3 Cultists","floor":20,"turns":6},{"damage":0,"enemies":"Centurion and Healer","floor":22,"turns":7},{"damage":31,"enemies":"Slavers","floor":24,"turns":9},{"damage":0,"enemies":"Colosseum Slavers","floor":27,"turns":7},{"damage":17,"enemies":"Colosseum Nobs","floor":27,"turns":6},{"damage":0,"enemies":"HollowMod:Nosk","floor":29,"turns":10},{"damage":43,"enemies":"Automaton","floor":33,"turns":13},{"damage":22,"enemies":"3 Shapes","floor":35,"turns":7},{"damage":16,"enemies":"Orb Walker","floor":38,"turns":4},{"damage":0,"enemies":"Giant Head","floor":40,"turns":10},{"damage":12,"enemies":"Transient","floor":41,"turns":5},{"damage":1,"enemies":"Sphere and 2 Shapes","floor":45,"turns":8},{"damage":0,"enemies":"3 Darklings","floor":46,"turns":5},{"damage":3,"enemies":"Writhing Mass","floor":47,"turns":10},{"damage":2,"enemies":"Time Eater","floor":50,"turns":17}],"seed_played":"-8197529033269975309","potions_obtained":[{"floor":7,"key":"Explosive Potion"},{"floor":14,"key":"Ancient Potion"},{"floor":16,"key":"LiquidMemories"},{"floor":19,"key":"Fire Potion"},{"floor":20,"key":"Weak Potion"},{"floor":35,"key":"SpeedPotion"},{"floor":41,"key":"Swift Potion"}],"is_trial":false,"path_per_floor":["M","M","?","?","M","E","M","R","T","$","T","M","?","M","R","B",null,"M","M","M","?","M","R","E","R","T","?","R","E","?","$","R","B",null,"M","?","?","M","?","E","M","R","T","?","M","M","M","$","R","B",null],"character_chosen":"THE_SERVANT","items_purchased":["SpecialFormula","Molten Egg 2","SilverBlades","Swift Strike+1","SpecialFormula","MurderousAura","Ricochet+1","Defy"],"campfire_rested":3,"item_purchase_floors":[10,31,31,31,31,48,48,48],"current_hp_per_floor":[72,65,65,65,65,61,61,61,68,68,68,68,68,76,76,49,84,79,84,84,84,84,84,61,61,61,65,84,84,84,84,84,57,84,78,78,78,70,70,80,68,80,80,80,79,79,80,80,80,80],"gold":64,"neow_bonus":"TWENTY_PERCENT_HP_BONUS","is_daily":false,"chose_seed":false,"campfire_upgraded":5,"win_rate":0.0,"timestamp":1608279435,"path_taken":["M","M","?","?","M","E","M","R","T","?","?","M","?","M","R","BOSS","M","M","M","?","M","R","E","R","T","?","R","E","?","$","R","BOSS","M","?","?","M","?","E","M","R","T","?","?","M","M","$","R","BOSS"],"items_purchased_type":["Card","Relic","Card","Card","Card","Card","Card","Card"],"build_version":"2020-12-13","purchased_purges":0,"victory":true,"max_hp_per_floor":[77,77,77,77,77,77,77,77,84,84,84,84,84,84,84,84,84,84,84,84,84,84,84,84,84,84,84,84,84,84,84,84,84,84,84,80,80,80,80,80,80,80,80,80,80,80,80,80,80,80],"relic_stats":{"Centennial Puzzle":[24],"Dream Catcher":1,"counters":[25,178],"Golden Idol":185,"Ornamental Fan":[108],"Shuriken":[17],"Gambling Chip":[19],"Question Card":5,"obtain_stats":[{"construct:WeddingRing":17,"construct:RocketBooster":29,"Golden Idol":4,"Uniform":0,"Question Card":40,"Anchor":6,"Centennial Puzzle":24,"Dream Catcher":43,"Ornamental Fan":11,"Shuriken":27,"Strawberry":9,"Gambling Chip":27,"Molten Egg 2":31,"Fusion Hammer":34,"Toy Ornithopter":26},{"construct:WeddingRing":8,"construct:RocketBooster":16,"Golden Idol":2,"Uniform":0,"Question Card":20,"Anchor":4,"Centennial Puzzle":13,"Dream Catcher":21,"Ornamental Fan":5,"Shuriken":15,"Strawberry":5,"Gambling Chip":15,"Molten Egg 2":16,"Fusion Hammer":17,"Toy Ornithopter":13},{"construct:WeddingRing":43,"construct:RocketBooster":99,"Golden Idol":6,"Uniform":0,"Question Card":133,"Anchor":16,"Centennial Puzzle":76,"Dream Catcher":138,"Ornamental Fan":19,"Shuriken":89,"Strawberry":19,"Gambling Chip":89,"Molten Egg 2":99,"Fusion Hammer":112,"Toy Ornithopter":76}],"Toy Ornithopter":7},"card_choices":[{"not_picked":["TimeWarp","Potential"],"picked":"DoubleEdge","floor":1},{"not_picked":["Spin","ShatteredReality"],"picked":"Alleviate","floor":2},{"not_picked":["Potential","Defy"],"picked":"BestPractice","floor":5},{"not_picked":["TimeWarp","ShatteredReality"],"picked":"Spin","floor":6},{"not_picked":["Moondial","Rearm"],"picked":"Embodiment","floor":7},{"not_picked":["Manipulate","WasteNot"],"picked":"BottledTime","floor":12},{"not_picked":["Replace","Alleviate"],"picked":"FastForward","floor":14},{"not_picked":["ForgedInTime","Initiator"],"picked":"LightFlow","floor":16},{"not_picked":["Starlight+1","SurpressingFire+1"],"picked":"BottledTime","floor":18},{"not_picked":["ReturningBlade","GearUp"],"picked":"Hightail+1","floor":19},{"not_picked":["Replace+1","Revamp+1"],"picked":"Defy+1","floor":20},{"not_picked":["DoubleEdge","Collapse"],"picked":"RealityMarble","floor":22},{"not_picked":["Defy+1","Desolation"],"picked":"Contraction","floor":24},{"not_picked":["Replace+1","Spin+1"],"picked":"SoulSculpture","floor":27},{"not_picked":["BottledTime","Collapse"],"picked":"Contraction","floor":29},{"not_picked":["TheWorld","Solidify"],"picked":"MurderousAura","floor":33},{"not_picked":["Alleviate+1","Unruled+1"],"picked":"Luminosity+1","floor":35},{"not_picked":["Transmutation","Impatience"],"picked":"Finesse","floor":37},{"not_picked":["Rewind+1","Potential+1"],"picked":"GearUp+1","floor":38},{"not_picked":["StarChef","Revamp+1"],"picked":"ShatteredReality+1","floor":40},{"not_picked":["Starlight+1","Hightail","BottledTime"],"picked":"Moonlight+1","floor":41},{"not_picked":["Replace+1","Potential+1","Starlight+1"],"picked":"FastForward","floor":45},{"not_picked":["BottledTime+1","Ricochet+1","Collapse+1"],"picked":"Contraction","floor":46},{"not_picked":["SurpressingFire","Barrier","Replace"],"picked":"InstantArmor+1","floor":47},{"not_picked":["ShiftingGears+1","Moonlight+1","DoubleEdge+1"],"picked":"SilverBlades","floor":49}],"player_experience":182708,"relics_obtained":[{"floor":6,"key":"Anchor"},{"floor":9,"key":"Strawberry"},{"floor":11,"key":"Ornamental Fan"},{"floor":24,"key":"Centennial Puzzle"},{"floor":26,"key":"Toy Ornithopter"},{"floor":27,"key":"Gambling Chip"},{"floor":27,"key":"Shuriken"},{"floor":29,"key":"construct:RocketBooster"},{"floor":40,"key":"Question Card"},{"floor":43,"key":"Dream Catcher"}],"event_choices":[{"damage_healed":0,"gold_gain":0,"player_choice":"Grow","damage_taken":0,"max_hp_gain":0,"max_hp_loss":0,"event_name":"Living Wall","floor":3,"gold_loss":0,"cards_upgraded":["Alleviate"]},{"damage_healed":0,"gold_gain":0,"player_choice":"Take Wound","damage_taken":0,"relics_obtained":["Golden Idol"],"max_hp_gain":0,"max_hp_loss":0,"event_name":"Golden Idol","floor":4,"gold_loss":0,"cards_obtained":["Injury"]},{"cards_removed":["Injury"],"damage_healed":0,"gold_gain":0,"player_choice":"Card Removal","damage_taken":0,"max_hp_gain":0,"max_hp_loss":0,"event_name":"The Cleric","floor":13,"gold_loss":50},{"damage_healed":0,"gold_gain":0,"player_choice":"Simplicity","damage_taken":0,"max_hp_gain":0,"max_hp_loss":0,"event_name":"Back to Basics","floor":21,"gold_loss":0,"cards_upgraded":["Strike_S","Strike_S","Strike_S","Strike_S","Defend_S","Defend_S","Defend_S","Defend_S"]},{"damage_healed":0,"gold_gain":0,"player_choice":"Fight","damage_taken":0,"max_hp_gain":0,"max_hp_loss":0,"event_name":"Colosseum","floor":27,"gold_loss":0},{"damage_healed":0,"gold_gain":0,"player_choice":"Fought Nobs","damage_taken":0,"max_hp_gain":0,"max_hp_loss":0,"event_name":"Colosseum","floor":27,"gold_loss":0},{"damage_healed":0,"gold_gain":0,"player_choice":"Read","damage_taken":0,"max_hp_gain":0,"max_hp_loss":0,"event_name":"The Library","floor":30,"gold_loss":0,"cards_obtained":["GearUp"]},{"damage_healed":0,"gold_gain":0,"player_choice":"Max HP","damage_taken":0,"max_hp_gain":0,"max_hp_loss":4,"event_name":"Winding Halls","floor":36,"gold_loss":0},{"damage_healed":0,"gold_gain":0,"player_choice":"Memory 1","damage_taken":0,"max_hp_gain":0,"max_hp_loss":0,"event_name":"SensoryStone","floor":37,"gold_loss":0},{"damage_healed":0,"gold_gain":0,"player_choice":"Ignored","damage_taken":0,"max_hp_gain":0,"max_hp_loss":0,"event_name":"Tomb of Lord Red Mask","floor":39,"gold_loss":0},{"damage_healed":0,"gold_gain":0,"player_choice":"Got Potions","damage_taken":0,"max_hp_gain":0,"max_hp_loss":0,"event_name":"Lab","floor":44,"gold_loss":0}],"is_beta":false,"boss_relics":[{"not_picked":["construct:ClawGrip","Calling Bell"],"picked":"construct:WeddingRing"},{"not_picked":["MysterySword","Runic Dome"],"picked":"Fusion Hammer"}],"items_purged_floors":[],"is_endless":false,"potions_floor_spawned":[7,14,16,19,20,27,35,41,47],"ascension_level":0}}