{"host":"irbs4k8g1zbsytxn","time":1608324153,"event":{"mods":["BaseMod","Better Third Choice","Colored Map","Downfall","Duelist Mod","Hermit","Highlight Path","Hubris","Koishi","Marisa????????","Minty Spire (QoL Compilation)","Replay The Spire","Robot Space Explorer","Shade Mod","StSLib","The Bug Knight","The Cursed","The Hierophant","The Jungle","The Necromancer","The Runesmith","The Servant 0.9.4","Yuyuko"],"gold_per_floor":[117,128,128,146,163,163,195,195,195,226,238,258,273,337,337,442,442,452,452,14,14,14],"floor_reached":21,"playtime":1716,"items_purged":["sneckomod:Bewildered"],"score":253,"play_id":"fbef6e88-53ba-44ef-be1c-ce21a619e5ca","local_time":"20201219044233","is_ascension_mode":true,"campfire_choices":[{"data":"Starlight","floor":6,"key":"SMITH"},{"data":"BestPractice","floor":8,"key":"SMITH"},{"floor":15,"key":"REST"}],"circlet_count":0,"master_deck":["Defend_S","Defend_S","Defend_S","KidneyShot","Exchange","Barrier","Starlight+1","Unruled","Collapse","Potential","BestPractice+1","Initiator","Ricochet","Defy","Spin","MoonPhase","MoonPhase","MurderousAura","theDuelist:SummoningCurse","Revamp+1","Shame","Apotheosis","Misdirection","ShatteredReality"],"relics":["Uniform","Mercury Hourglass","Eternal Feather","HollowMod:PaleOreRelic","Dream Catcher","Kintsugi","Torii","Membership Card"],"acts_visited":["Exordium","TheCity"],"potions_floor_usage":[7,11,13,14,16],"damage_taken":[{"damage":0,"enemies":"2 Louse","floor":1,"turns":2},{"damage":0,"enemies":"Cultist","floor":2,"turns":4},{"damage":3,"enemies":"Jaw Worm","floor":4,"turns":5},{"damage":0,"enemies":"Looter","floor":5,"turns":4},{"damage":8,"enemies":"Lagavulin","floor":7,"turns":8},{"damage":6,"enemies":"3 Sentries","floor":10,"turns":7},{"damage":0,"enemies":"2 Fungi Beasts","floor":11,"turns":2},{"damage":5,"enemies":"Blue Slaver","floor":12,"turns":3},{"damage":0,"enemies":"Exordium Thugs","floor":13,"turns":3},{"damage":1,"enemies":"3 Sentries","floor":14,"turns":3},{"damage":0,"enemies":"Slime Boss","floor":16,"turns":5},{"damage":49,"enemies":"2 Thieves","floor":18,"turns":5},{"damage":24,"enemies":"3 Byrds","floor":21,"turns":2}],"seed_played":"-4272843592295599636","potions_obtained":[{"floor":5,"key":"SkillPotion"},{"floor":7,"key":"sneckomod:MuddlingPotion"},{"floor":10,"key":"EssenceOfSteel"},{"floor":12,"key":"Energy Potion"},{"floor":13,"key":"DuplicationPotion"}],"is_trial":false,"path_per_floor":["M","M","?","M","M","R","E","R","T","E","M","M","M","?","R","B",null,"M","?","$","M"],"character_chosen":"THE_SERVANT","items_purchased":["Apotheosis","Membership Card","Misdirection","ShatteredReality"],"campfire_rested":1,"item_purchase_floors":[20,20,20,20],"current_hp_per_floor":[71,71,71,68,68,68,60,60,60,54,54,49,49,48,71,71,71,22,22,22,0,0],"gold":14,"neow_bonus":"TEN_PERCENT_HP_BONUS","is_daily":false,"chose_seed":false,"campfire_upgraded":2,"win_rate":0.0,"timestamp":1608324153,"path_taken":["M","M","?","M","?","R","E","R","T","E","M","M","M","?","R","BOSS","M","?","$","M"],"items_purchased_type":["Card","Relic","Card","Card"],"build_version":"2020-12-13","purchased_purges":1,"victory":false,"max_hp_per_floor":[71,71,71,71,71,71,71,71,71,71,71,71,71,71,71,71,71,71,71,71,71,71],"card_choices":[{"not_picked":["Ricochet","FastForward"],"picked":"Barrier","floor":1},{"not_picked":["DoubleEdge","Replace"],"picked":"Starlight","floor":2},{"not_picked":["Starlight","Alleviate"],"picked":"Collapse","floor":4},{"not_picked":["FastForward","Unruled"],"picked":"Potential","floor":5},{"not_picked":["Alleviate","Starlight"],"picked":"BestPractice","floor":7},{"not_picked":["SoulSculpture","Hightail"],"picked":"Initiator","floor":10},{"not_picked":["TimeWarp","Gouge"],"picked":"Ricochet","floor":11},{"not_picked":["Ricochet","Alleviate"],"picked":"Defy","floor":12},{"not_picked":["Unruled","Starlight"],"picked":"Spin","floor":13},{"not_picked":["Ricochet","DoubleEdge"],"picked":"MoonPhase","floor":14},{"not_picked":["Manipulate","GearUp"],"picked":"MoonPhase","floor":15},{"not_picked":["Duplication","ForgedInTime"],"picked":"MurderousAura","floor":16},{"not_picked":["Luminosity","InstantArmor"],"picked":"Revamp+1","floor":18}],"player_experience":265247,"relics_obtained":[{"floor":7,"key":"Mercury Hourglass"},{"floor":9,"key":"Eternal Feather"},{"floor":10,"key":"HollowMod:PaleOreRelic"},{"floor":14,"key":"Dream Catcher"}],"event_choices":[{"damage_healed":0,"gold_gain":0,"player_choice":"1 cards matched","damage_taken":0,"max_hp_gain":0,"max_hp_loss":0,"event_name":"Match and Keep!","floor":3,"gold_loss":0,"cards_obtained":["Unruled"]},{"damage_healed":0,"gold_gain":0,"player_choice":"Searched \u00271\u0027 times","damage_taken":0,"max_hp_gain":0,"max_hp_loss":0,"event_name":"Dead Adventurer","floor":14,"gold_loss":0},{"damage_healed":0,"gold_gain":0,"player_choice":"Stole Relic","damage_taken":0,"relics_obtained":["Torii"],"max_hp_gain":0,"max_hp_loss":0,"event_name":"Addict","floor":19,"gold_loss":0,"cards_obtained":["Shame"]}],"is_beta":false,"boss_relics":[{"not_picked":["Fusion Hammer","Abe\u0027s Treasure"],"picked":"Kintsugi"}],"items_purged_floors":[20],"is_endless":false,"potions_floor_spawned":[5,7,10,12,13],"killed_by":"3 Byrds","ascension_level":1}}