{"host":"newqdrzxfhh2im9e","time":1608267483,"event":{"mods":["AchievementEnabler","BaseMod","BetterRewards","Block Reminder","Colored Map","Jorbs\u0027s Wanderer Trilogy","Minty Spire (QoL Compilation)","Rare Cards Sparkle","Shop Mod","StSLib"],"gold_per_floor":[112,125,6,6,21,46,46,79,79,99,99,99,132,147,147,246,246,216,216,28,48,9,9,21,39,63,63,63,74,101,114,114,211,261,272,9,24,0,0,0],"floor_reached":39,"playtime":1984,"items_purged":[],"score":501,"play_id":"85b648b6-4c71-4aaa-83bb-3d90fed3375d","local_time":"20201217205803","is_ascension_mode":false,"campfire_choices":[{"floor":7,"key":"REST"},{"floor":11,"key":"REST"},{"floor":15,"key":"REST"},{"data":"Buffer","floor":23,"key":"SMITH"},{"floor":32,"key":"REST"}],"circlet_count":0,"master_deck":["Defend_B","Defend_B","Defend_B","Zap","Dualcast","Core Surge","Darkness","FTL","Conserve Battery","Defragment","BootSequence","Seek","Tempest+1","Self Repair","Glacier","Buffer+1","Hello World","Coolheaded","Mayhem","Doom and Gloom","Chaos","Blizzard+1","Creative AI","Bite","Bite","Bite","Bite","Bite","Double Energy","Rainbow","Undo+1","Self Repair+1","Transmutation","Skim","Consume+1"],"relics":["Cracked Core","Orichalcum","Calipers","Bottled Tornado","Pantograph","Happy Flower","Black Star","Regal Pillow","Bronze Scales","Tiny House","Red Mask"],"acts_visited":["Exordium","TheCity","TheBeyond"],"potions_floor_usage":[6,8,13,33,33,35,39],"damage_taken":[{"damage":1,"enemies":"Jaw Worm","floor":1,"turns":3},{"damage":0,"enemies":"2 Louse","floor":2,"turns":2},{"damage":0,"enemies":"Small Slimes","floor":5,"turns":3},{"damage":35,"enemies":"3 Sentries","floor":6,"turns":7},{"damage":20,"enemies":"Gremlin Nob","floor":8,"turns":6},{"damage":8,"enemies":"Red Slaver","floor":10,"turns":3},{"damage":13,"enemies":"3 Sentries","floor":13,"turns":7},{"damage":2,"enemies":"Blue Slaver","floor":14,"turns":3},{"damage":26,"enemies":"The Guardian","floor":16,"turns":10},{"damage":15,"enemies":"2 Thieves","floor":18,"turns":5},{"damage":17,"enemies":"Spheric Guardian","floor":21,"turns":4},{"damage":6,"enemies":"Snecko","floor":24,"turns":5},{"damage":19,"enemies":"Snake Plant","floor":25,"turns":4},{"damage":29,"enemies":"Cultist and Chosen","floor":29,"turns":7},{"damage":18,"enemies":"Shelled Parasite and Fungi","floor":31,"turns":5},{"damage":0,"enemies":"Champ","floor":33,"turns":11},{"damage":31,"enemies":"3 Darklings","floor":35,"turns":4},{"damage":14,"enemies":"Orb Walker","floor":37,"turns":4},{"damage":42,"enemies":"Jaw Worm Horde","floor":39,"turns":4}],"seed_played":"1912421617335231690","potions_obtained":[{"floor":2,"key":"Swift Potion"},{"floor":6,"key":"PowerPotion"},{"floor":10,"key":"SteroidPotion"},{"floor":25,"key":"LiquidMemories"},{"floor":31,"key":"BlessingOfTheForge"},{"floor":34,"key":"DistilledChaos"},{"floor":37,"key":"Weak Potion"}],"is_trial":false,"path_per_floor":["M","M","$","?","M","E","R","E","T","M","R","?","E","M","R","B",null,"M","?","$","M","$","R","M","M","T","?","?","M","T","M","R","B",null,"M","$","M","?","M"],"character_chosen":"DEFECT","items_purchased":["FTL","Conserve Battery","Mayhem","Chaos","Transmutation","Skim"],"campfire_rested":4,"item_purchase_floors":[3,3,20,22,36,36],"current_hp_per_floor":[74,74,74,56,56,21,43,23,23,15,37,37,24,29,51,56,75,67,67,67,57,57,57,58,46,46,46,46,32,32,27,52,52,57,33,33,33,33,0,0],"gold":0,"neow_bonus":"ONE_RANDOM_RARE_CARD","is_daily":false,"chose_seed":false,"campfire_upgraded":1,"win_rate":0.0,"timestamp":1608267483,"path_taken":["M","M","$","?","M","E","R","E","T","M","R","?","E","M","R","BOSS","M","?","$","?","$","R","M","M","T","?","?","M","?","M","R","BOSS","M","$","M","?","M"],"items_purchased_type":["Card","Card","Card","Card","Card","Card"],"build_version":"2020-12-13","purchased_purges":0,"victory":false,"max_hp_per_floor":[75,75,75,75,75,75,75,75,75,75,75,75,75,75,75,75,75,75,75,75,75,75,75,75,75,75,75,52,52,52,52,52,52,57,57,57,57,57,57,57],"card_choices":[{"not_picked":["Coolheaded","Redo","Ball Lightning"],"picked":"SKIP","floor":1},{"not_picked":["Hologram","Go for the Eyes"],"picked":"Darkness","floor":2},{"not_picked":["Sweeping Beam","Go for the Eyes"],"picked":"Defragment","floor":5},{"not_picked":["Steam","Leap"],"picked":"BootSequence","floor":6},{"not_picked":["FTL","Fusion"],"picked":"Seek","floor":8},{"not_picked":["Sweeping Beam","Go for the Eyes"],"picked":"Tempest","floor":10},{"not_picked":["Barrage","Fusion"],"picked":"Self Repair","floor":13},{"not_picked":["Conserve Battery","Cold Snap"],"picked":"Glacier","floor":14},{"not_picked":["Hyperbeam","Echo Form"],"picked":"Buffer","floor":16},{"not_picked":["Beam Cell","Gash"],"picked":"Hello World","floor":18},{"not_picked":["BootSequence","Beam Cell"],"picked":"Doom and Gloom","floor":21},{"not_picked":["Rebound","Coolheaded","Steam Power"],"picked":"SKIP","floor":24},{"not_picked":["Static Discharge","Stack"],"picked":"Blizzard+1","floor":25},{"not_picked":["Gash","Barrage","Go for the Eyes"],"picked":"SKIP","floor":29},{"not_picked":["Skim","Fusion"],"picked":"Double Energy","floor":31},{"not_picked":["Core Surge","Multi-Cast"],"picked":"Rainbow","floor":33},{"not_picked":["Static Discharge","Rip and Tear"],"picked":"Undo+1","floor":34},{"not_picked":["Hologram+1","Capacitor+1"],"picked":"Self Repair+1","floor":35},{"not_picked":["Tempest","Turbo+1"],"picked":"Consume+1","floor":37}],"player_experience":611337,"relics_obtained":[{"floor":6,"key":"Calipers"},{"floor":8,"key":"Bottled Tornado"},{"floor":9,"key":"Pantograph"},{"floor":13,"key":"Happy Flower"},{"floor":26,"key":"Regal Pillow"},{"floor":30,"key":"Bronze Scales"}],"event_choices":[{"damage_healed":0,"gold_gain":0,"player_choice":"Success","damage_taken":18,"relics_obtained":["Orichalcum"],"max_hp_gain":0,"max_hp_loss":0,"event_name":"Scrap Ooze","floor":4,"gold_loss":0},{"damage_healed":0,"gold_gain":0,"player_choice":"Ignored","damage_taken":0,"max_hp_gain":0,"max_hp_loss":0,"event_name":"Liars Game","floor":12,"gold_loss":0},{"damage_healed":0,"gold_gain":0,"cards_transformed":["Defend_B"],"player_choice":"Transformed","damage_taken":0,"max_hp_gain":0,"max_hp_loss":0,"event_name":"Transmorgrifier","floor":19,"gold_loss":0,"cards_obtained":["Coolheaded"]},{"damage_healed":0,"gold_gain":0,"player_choice":"Read","damage_taken":0,"max_hp_gain":0,"max_hp_loss":0,"event_name":"The Library","floor":27,"gold_loss":0,"cards_obtained":["Creative AI"]},{"damage_healed":0,"gold_gain":0,"player_choice":"Became a vampire","damage_taken":0,"max_hp_gain":0,"max_hp_loss":23,"event_name":"Vampires","floor":28,"gold_loss":0,"cards_obtained":["Bite","Bite","Bite","Bite","Bite"]},{"damage_healed":0,"gold_gain":0,"player_choice":"Paid","damage_taken":0,"relics_obtained":["Red Mask"],"max_hp_gain":0,"max_hp_loss":0,"event_name":"Tomb of Lord Red Mask","floor":38,"gold_loss":24}],"is_beta":false,"boss_relics":[{"not_picked":["Empty Cage","Philosopher\u0027s Stone"],"picked":"Black Star"},{"not_picked":["FrozenCore","Runic Pyramid"],"picked":"Tiny House"}],"items_purged_floors":[],"is_endless":false,"potions_floor_spawned":[2,6,10,25,31,37],"killed_by":"Jaw Worm Horde","ascension_level":0}}