{"host":"a5lz0e76zb3fcwkm","time":1608310323,"event":{"mods":["AchievementEnabler","BaseMod","Colored Map","Colored Powertips","Minty Spire (QoL Compilation)","StSLib","SuperFastMode"],"gold_per_floor":[111,111,111,36,36,69,144,169,169,169,187,203,236,236,236,236,236],"floor_reached":16,"playtime":215,"items_purged":["Strike_R"],"score":266,"play_id":"2ebbba87-b909-4ac1-8f0a-fc091cfc900d","local_time":"20201219015203","is_ascension_mode":true,"campfire_choices":[{"data":"Pommel Strike","floor":15,"key":"SMITH"}],"circlet_count":0,"master_deck":["AscendersBane","Strike_R","Strike_R","Defend_R","Defend_R","Defend_R","Defend_R","Bash","Pommel Strike+1","Anger","Spot Weakness+1","Shrug It Off+1"],"relics":["Burning Blood","NeowsBlessing","Golden Idol","Orichalcum","Toxic Egg 2","Pen Nib"],"acts_visited":["Exordium"],"potions_floor_usage":[16],"damage_taken":[{"damage":0.0,"enemies":"2 Louse","floor":1.0,"turns":1.0},{"damage":0.0,"enemies":"3 Sentries","floor":6.0,"turns":1.0},{"damage":0.0,"enemies":"Small Slimes","floor":8.0,"turns":1.0},{"damage":7.0,"enemies":"Jaw Worm","floor":11.0,"turns":2.0},{"damage":7.0,"enemies":"2 Fungi Beasts","floor":12.0,"turns":4.0},{"damage":15.0,"enemies":"Lagavulin","floor":13.0,"turns":7.0},{"damage":37,"enemies":"Slime Boss","floor":16,"turns":9}],"seed_played":"-1783007888365658828","potions_obtained":[{"floor":8.0,"key":"PowerPotion"},{"floor":11.0,"key":"HeartOfIron"}],"is_trial":false,"path_per_floor":["M","?","?","$","?","E","?","M","T","?","M","M","E","?","R","B"],"character_chosen":"IRONCLAD","items_purchased":[],"campfire_rested":0,"item_purchase_floors":[],"current_hp_per_floor":[74,79,72,72,44,50,39,45,45,45,44,43,34,34,34,0,0],"gold":236,"neow_bonus":"THREE_ENEMY_KILL","is_daily":false,"chose_seed":false,"campfire_upgraded":1,"win_rate":0.0,"timestamp":1608310323,"path_taken":["M","?","?","$","?","E","?","M","T","?","?","M","E","?","R","BOSS"],"items_purchased_type":[],"build_version":"2020-12-13","purchased_purges":1,"victory":false,"max_hp_per_floor":[75,80,80,80,80,80,80,80,80,80,80,80,80,80,80,80,80],"card_choices":[{"not_picked":["Clothesline","True Grit"],"picked":"Pommel Strike","floor":1.0},{"not_picked":["Ghostly Armor","Reckless Charge"],"picked":"Anger","floor":6.0},{"not_picked":["Body Slam","Iron Wave","Perfected Strike"],"picked":"SKIP","floor":8.0},{"not_picked":["Searing Blow","Exhume+1"],"picked":"Spot Weakness+1","floor":11.0},{"not_picked":["Spot Weakness+1","Uppercut","Rupture"],"picked":"SKIP","floor":12.0},{"not_picked":["Reckless Charge","Twin Strike"],"picked":"Shrug It Off+1","floor":13.0}],"player_experience":1609827,"relics_obtained":[{"floor":6.0,"key":"Orichalcum"},{"floor":9.0,"key":"Toxic Egg 2"},{"floor":13.0,"key":"Pen Nib"}],"event_choices":[{"damage_healed":0.0,"max_hp_gain":5.0,"max_hp_loss":0.0,"gold_gain":0.0,"event_name":"Big Fish","player_choice":"Donut","floor":2.0,"gold_loss":0.0,"damage_taken":0.0},{"cards_removed":["Strike_R"],"damage_healed":0.0,"max_hp_gain":0.0,"max_hp_loss":0.0,"gold_gain":0.0,"event_name":"Golden Wing","player_choice":"Card Removal","floor":3.0,"gold_loss":0.0,"damage_taken":7.0},{"damage_healed":0.0,"max_hp_gain":0.0,"max_hp_loss":0.0,"gold_gain":0.0,"event_name":"Golden Idol","player_choice":"Take Damage","floor":5.0,"gold_loss":0.0,"damage_taken":28.0,"relics_obtained":["Golden Idol"]},{"damage_healed":0.0,"max_hp_gain":0.0,"max_hp_loss":0.0,"gold_gain":75.0,"event_name":"World of Goop","player_choice":"Gather Gold","floor":7.0,"gold_loss":0.0,"damage_taken":11.0},{"damage_healed":0.0,"max_hp_gain":0.0,"max_hp_loss":0.0,"gold_gain":0.0,"event_name":"Liars Game","player_choice":"Ignored","floor":10.0,"gold_loss":0.0,"damage_taken":0.0},{"cards_removed":["Strike_R"],"damage_healed":0,"gold_gain":0,"player_choice":"Forget","damage_taken":0,"max_hp_gain":0,"max_hp_loss":0,"event_name":"Living Wall","floor":14,"gold_loss":0}],"is_beta":false,"boss_relics":[],"items_purged_floors":[4],"is_endless":false,"potions_floor_spawned":[8,11],"killed_by":"Slime Boss","ascension_level":20}}