{"host":"pbf6u3tyx46snqc7","time":1608273506,"event":{"mods":["AchievementEnabler","BaseMod","Colored Map","Marisa£¨Ùöéë¡¡Øª×âÞÞ£©","Minty Spire (QoL Compilation)","Rare Cards Sparkle","SuperFastMode"],"gold_per_floor":[110,128,128,143,156,156,186,205,205,205,239,256,273,14,14,90,90,108,108,108,122,137,137,59,59,111,210,210,227,256,24,24,100,100,120,136,136,21,40,40,55,55,82,92,92,54,84,84,84,84],"floor_reached":51,"playtime":2203,"items_purged":["Defend_B"],"score":1277,"play_id":"8008f0bd-aa82-456f-8367-a198b6d00eea","local_time":"20201218153826","is_ascension_mode":true,"campfire_choices":[{"data":"Chaos","floor":6,"key":"SMITH"},{"floor":10,"key":"REST"},{"floor":15,"key":"REST"},{"data":"Darkness","floor":23,"key":"SMITH"},{"floor":25,"key":"REST"},{"data":"Defragment","floor":28,"key":"SMITH"},{"floor":32,"key":"REST"},{"floor":40,"key":"REST"},{"data":"Defragment","floor":42,"key":"SMITH"},{"floor":45,"key":"REST"},{"floor":49,"key":"REST"}],"circlet_count":0,"master_deck":["AscendersBane","Strike_B+1","Zap","Dualcast","Master of Strategy","Chaos+1","FTL","Capacitor","Coolheaded","Defragment+1","Blizzard","Consume","Cold Snap+1","Storm+1","Loop+1","Capacitor","Thunder Strike","Darkness+1","Redo+1","Chill","Defragment","Electrodynamics","Reboot","Conserve Battery+1","Defragment+1","Melter+1","Defragment+1","Glacier","Magnetism"],"relics":["Cracked Core","FaceOfCleric","Thread and Needle","Vajra","Whetstone","White Beast Statue","Astrolabe","Anchor","Molten Egg 2","Bag of Preparation","Philosopher\u0027s Stone","MealTicket","Gremlin Horn"],"acts_visited":["Exordium","TheCity","TheBeyond"],"potions_floor_usage":[16,16,21,21,29,30,30,35,35,39,39,44,47,50,50],"damage_taken":[{"damage":1,"enemies":"Cultist","floor":1,"turns":4},{"damage":1,"enemies":"2 Louse","floor":2,"turns":3},{"damage":0,"enemies":"Small Slimes","floor":4,"turns":3},{"damage":0,"enemies":"Exordium Wildlife","floor":5,"turns":3},{"damage":34,"enemies":"Lagavulin","floor":7,"turns":8},{"damage":14,"enemies":"Lots of Slimes","floor":8,"turns":4},{"damage":11,"enemies":"3 Sentries","floor":11,"turns":7},{"damage":1,"enemies":"3 Louse","floor":12,"turns":4},{"damage":0,"enemies":"Blue Slaver","floor":13,"turns":3},{"damage":0,"enemies":"Hexaghost","floor":16,"turns":9},{"damage":4,"enemies":"Spheric Guardian","floor":18,"turns":5},{"damage":26,"enemies":"3 Byrds","floor":21,"turns":4},{"damage":19,"enemies":"Centurion and Healer","floor":22,"turns":6},{"damage":13,"enemies":"Snecko","floor":29,"turns":4},{"damage":7,"enemies":"Book of Stabbing","floor":30,"turns":4},{"damage":8,"enemies":"Champ","floor":33,"turns":8},{"damage":0,"enemies":"3 Shapes","floor":35,"turns":2},{"damage":38,"enemies":"3 Darklings","floor":36,"turns":3},{"damage":23,"enemies":"Writhing Mass","floor":39,"turns":4},{"damage":0,"enemies":"4 Shapes","floor":41,"turns":3},{"damage":33,"enemies":"Jaw Worm Horde","floor":44,"turns":3},{"damage":27,"enemies":"Giant Head","floor":47,"turns":6},{"damage":9,"enemies":"Donu and Deca","floor":50,"turns":6}],"seed_played":"-2956067907373005781","potions_obtained":[{"floor":2,"key":"Block Potion"},{"floor":7,"key":"BlessingOfTheForge"},{"floor":12,"key":"FocusPotion"},{"floor":16,"key":"Fire Potion"},{"floor":18,"key":"AttackPotion"},{"floor":21,"key":"Strength Potion"},{"floor":22,"key":"EssenceOfSteel"},{"floor":29,"key":"FearPotion"},{"floor":30,"key":"EssenceOfDarkness"},{"floor":33,"key":"DistilledChaos"},{"floor":35,"key":"Swift Potion"},{"floor":36,"key":"Fire Potion"},{"floor":39,"key":"SteroidPotion"},{"floor":41,"key":"FocusPotion"},{"floor":44,"key":"Fire Potion"},{"floor":47,"key":"EssenceOfSteel"}],"is_trial":false,"path_per_floor":["M","M","?","M","M","R","E","M","T","R","E","M","M","$","R","B",null,"M","?","?","M","M","R","$","R","T","?","R","M","E","$","R","B",null,"M","M","?","$","M","R","M","R","T","M","R","$","E","?","R","B",null],"character_chosen":"DEFECT","items_purchased":["White Beast Statue","Chill","Bag of Preparation","Defragment","Melter+1","Glacier"],"campfire_rested":7,"item_purchase_floors":[14,24,31,38,38,46],"current_hp_per_floor":[63,62,62,63,64,64,31,18,18,38,28,28,29,29,50,51,67,64,64,64,39,21,21,21,43,43,43,43,31,25,25,48,41,69,70,33,33,33,11,35,36,36,36,4,28,43,17,17,42,34],"gold":84,"neow_bonus":"RANDOM_COLORLESS_2","is_daily":false,"chose_seed":false,"campfire_upgraded":4,"win_rate":0.0,"timestamp":1608273506,"path_taken":["M","M","?","?","M","R","E","M","T","R","E","M","M","$","R","BOSS","M","?","?","?","M","R","?","R","T","?","R","M","E","$","R","BOSS","M","M","?","$","M","R","?","R","T","M","R","$","E","?","R","BOSS"],"items_purchased_type":["Relic","Card","Relic","Card","Card","Card"],"build_version":"2020-12-13","purchased_purges":1,"victory":true,"max_hp_per_floor":[64,64,64,65,66,66,67,68,68,68,69,70,71,71,71,72,72,73,73,73,74,75,75,75,75,75,75,75,76,77,77,77,78,78,79,80,80,80,81,81,82,82,82,83,83,83,84,84,84,85],"card_choices":[{"not_picked":["Chrysalis","Mayhem"],"picked":"Master of Strategy","floor":0},{"not_picked":["Sweeping Beam","Conserve Battery"],"picked":"Chaos","floor":1},{"not_picked":["Compile Driver","Go for the Eyes"],"picked":"FTL","floor":2},{"not_picked":["Hologram","Sweeping Beam"],"picked":"Capacitor","floor":4},{"not_picked":["Compile Driver","Turbo"],"picked":"Coolheaded","floor":5},{"not_picked":["Heatsinks","Force Field"],"picked":"Defragment","floor":7},{"not_picked":["Scrape","All For One","Reprogram"],"picked":"SKIP","floor":8},{"not_picked":["Fusion","Leap"],"picked":"Blizzard","floor":11},{"not_picked":["Ball Lightning","Streamline"],"picked":"Consume","floor":12},{"not_picked":["Hologram","Fission","Force Field"],"picked":"SKIP","floor":13},{"not_picked":["Hologram","Streamline"],"picked":"Capacitor","floor":18},{"not_picked":["Gash","Auto Shields","Static Discharge"],"picked":"SKIP","floor":21},{"not_picked":["Fusion","White Noise"],"picked":"Redo+1","floor":22},{"not_picked":["Redo","Rebound"],"picked":"Defragment","floor":29},{"not_picked":["Leap","Rebound+1"],"picked":"Electrodynamics","floor":30},{"not_picked":["Electrodynamics","Creative AI"],"picked":"Reboot","floor":33},{"not_picked":["Self Repair","Steam","Barrage+1"],"picked":"SKIP","floor":35},{"not_picked":["Double Energy","Darkness"],"picked":"Conserve Battery+1","floor":36},{"not_picked":["Double Energy","Compile Driver+1"],"picked":"Defragment+1","floor":39},{"not_picked":["Reinforced Body","Rip and Tear+1","Sweeping Beam+1"],"picked":"SKIP","floor":41},{"not_picked":["Chill","Cold Snap+1","Tempest"],"picked":"SKIP","floor":44},{"not_picked":["Steam Power+1","Barrage+1","Leap"],"picked":"SKIP","floor":47},{"not_picked":["Forethought","Mind Blast+1"],"picked":"Magnetism","floor":48}],"player_experience":274692,"relics_obtained":[{"floor":7,"key":"Thread and Needle"},{"floor":9,"key":"Vajra"},{"floor":11,"key":"Whetstone"},{"floor":26,"key":"Anchor"},{"floor":30,"key":"Molten Egg 2"},{"floor":43,"key":"MealTicket"},{"floor":47,"key":"Gremlin Horn"}],"event_choices":[{"damage_healed":0,"gold_gain":0,"player_choice":"Trade","damage_taken":0,"relics_obtained":["FaceOfCleric"],"max_hp_gain":0,"max_hp_loss":0,"event_name":"FaceTrader","floor":3,"gold_loss":0},{"damage_healed":0,"gold_gain":0,"cards_transformed":["Defend_B","Defend_B"],"player_choice":"Became Test Subject","damage_taken":0,"max_hp_gain":0,"max_hp_loss":0,"event_name":"Drug Dealer","floor":19,"gold_loss":0,"cards_obtained":["Thunder Strike","Darkness"]},{"damage_healed":0,"gold_gain":0,"player_choice":"Bought 0 Potions","damage_taken":0,"max_hp_gain":0,"max_hp_loss":0,"event_name":"The Woman in Blue","floor":20,"gold_loss":0},{"damage_healed":0,"gold_gain":99,"player_choice":"Stole From Cult","damage_taken":0,"max_hp_gain":0,"max_hp_loss":0,"event_name":"Nest","floor":27,"gold_loss":0},{"cards_removed":["Strike_B"],"damage_healed":0,"gold_gain":0,"player_choice":"Purged","damage_taken":0,"max_hp_gain":0,"max_hp_loss":0,"event_name":"Purifier","floor":37,"gold_loss":0},{"damage_healed":0,"gold_gain":0,"player_choice":"Memory 1","damage_taken":0,"max_hp_gain":0,"max_hp_loss":0,"event_name":"SensoryStone","floor":48,"gold_loss":0}],"is_beta":false,"boss_relics":[{"not_picked":["Busted Crown","Nuclear Battery"],"picked":"Astrolabe"},{"not_picked":["Black Star","Calling Bell"],"picked":"Philosopher\u0027s Stone"}],"items_purged_floors":[31],"is_endless":false,"potions_floor_spawned":[2,7,12,13,16,18,21,22,29,30,33,35,36,39,41,44,47],"ascension_level":14}}