{"host":"eydwxg59205c3vtl","time":1608263563,"event":{"mods":["2.2 Compatiblity","BaseMod","Colored Map","Colored Powertips","Hubris","Minty Spire (QoL Compilation)","StSLib","The Necromancer"],"gold_per_floor":[112,112,112,130,130,159,159,176,199,231,1,16,29,49,49,145,145,165,181,195,171,171,171,202,222,269,269,269,285,300,152,152,253,253,267,267,167,186,186,186,205,205,228,254,254,254,254],"floor_reached":46,"playtime":1568,"items_purged":["Strike_G","Strike_G"],"score":505,"play_id":"4521bd9a-760b-484c-bf83-5f5be9ce6c71","local_time":"20201217225243","is_ascension_mode":false,"campfire_choices":[{"data":"Calculated Gamble","floor":7,"key":"SMITH"},{"data":"Noxious Fumes","floor":15,"key":"SMITH"},{"data":"Envenom","floor":23,"key":"SMITH"},{"floor":28,"key":"REST"},{"floor":32,"key":"REST"},{"data":"Doppelganger","floor":40,"key":"SMITH"},{"data":"Noxious Fumes","floor":42,"key":"SMITH"},{"data":"Riddle With Holes","floor":45,"key":"SMITH"}],"circlet_count":0,"master_deck":["Strike_G","Defend_G","Defend_G","Defend_G","Defend_G","Survivor","Neutralize","Poisoned Stab+1","Calculated Gamble+1","Deadly Poison","Dagger Spray","Bane","Noxious Fumes+1","Dash","Envenom+1","Backstab","Quick Slash","Blur+1","Deadly Poison+1","Riddle With Holes+1","Noxious Fumes+1","Doppelganger+1","Cloak And Dagger+1","Crippling Poison+1","Riddle With Holes+1"],"relics":["Ring of the Snake","NeowsBlessing","Lantern","hubris:BundleOfHerbs","hubris:ToyBattleship","Gambling Chip","HandDrill","Empty Cage","Question Card","Omamori","Tiny Chest","Cursed Key","Pantograph","Smiling Mask","Oddly Smooth Stone"],"acts_visited":["Exordium","TheCity","TheBeyond"],"potions_floor_usage":[10,16,16,29,29,33,33],"damage_taken":[{"damage":0,"enemies":"Cultist","floor":1,"turns":1},{"damage":0,"enemies":"Jaw Worm","floor":4,"turns":1},{"damage":0,"enemies":"Gremlin Nob","floor":6,"turns":1},{"damage":0,"enemies":"Small Slimes","floor":8,"turns":3},{"damage":16,"enemies":"Lagavulin","floor":10,"turns":4},{"damage":7,"enemies":"Blue Slaver","floor":12,"turns":3},{"damage":0,"enemies":"Exordium Thugs","floor":13,"turns":2},{"damage":0,"enemies":"Lots of Slimes","floor":14,"turns":1},{"damage":10,"enemies":"The Guardian","floor":16,"turns":6},{"damage":2,"enemies":"Spheric Guardian","floor":18,"turns":4},{"damage":11,"enemies":"Shell Parasite","floor":19,"turns":4},{"damage":5,"enemies":"Snecko","floor":20,"turns":4},{"damage":27,"enemies":"Gremlin Leader","floor":24,"turns":5},{"damage":10,"enemies":"Chosen and Byrds","floor":25,"turns":4},{"damage":26,"enemies":"Shelled Parasite and Fungi","floor":29,"turns":8},{"damage":22,"enemies":"Cultist and Chosen","floor":30,"turns":5},{"damage":47,"enemies":"Automaton","floor":33,"turns":5},{"damage":11,"enemies":"3 Shapes","floor":35,"turns":4},{"damage":1,"enemies":"Orb Walker","floor":38,"turns":3},{"damage":7,"enemies":"Transient","floor":41,"turns":5},{"damage":33,"enemies":"Reptomancer","floor":44,"turns":6},{"damage":19,"enemies":"2 Orb Walkers","floor":46,"turns":3}],"seed_played":"-192604177164468264","potions_obtained":[{"floor":4,"key":"BlessingOfTheForge"},{"floor":8,"key":"DistilledChaos"},{"floor":12,"key":"AttackPotion"},{"floor":16,"key":"ColorlessPotion"},{"floor":24,"key":"Strength Potion"},{"floor":25,"key":"SpeedPotion"},{"floor":33,"key":"GamblersBrew"},{"floor":41,"key":"Strength Potion"}],"is_trial":false,"path_per_floor":["M","?","?","M","?","E","R","M","T","E","$","M","M","M","R","B",null,"M","M","M","$","?","R","E","M","T","$","R","M","M","$","R","B",null,"M","?","$","M","T","R","M","R","T","E","R","?"],"character_chosen":"THE_SILENT","items_purchased":["HandDrill","Quick Slash","Tiny Chest","Noxious Fumes","DistilledChaos"],"campfire_rested":2,"item_purchase_floors":[11,21,27,31,31],"current_hp_per_floor":[70,70,70,70,63,63,63,63,63,47,47,40,40,40,40,30,70,68,57,52,52,52,52,25,15,15,5,26,44,22,22,43,26,70,59,59,59,58,58,58,51,51,51,18,18,0,0],"gold":254,"neow_bonus":"THREE_ENEMY_KILL","is_daily":false,"chose_seed":false,"campfire_upgraded":6,"win_rate":0.0,"timestamp":1608263563,"path_taken":["M","?","?","?","?","E","R","M","T","E","$","M","M","M","R","BOSS","M","M","M","$","?","R","E","M","T","?","R","M","?","$","R","BOSS","M","?","$","?","?","R","M","R","T","E","R","?"],"items_purchased_type":["Relic","Card","Relic","Card","Potion"],"build_version":"2020-12-13","purchased_purges":2,"victory":false,"max_hp_per_floor":[70,70,70,70,70,70,70,70,70,70,70,70,70,70,70,70,70,70,70,70,70,70,70,70,70,70,70,70,70,70,70,70,70,70,70,70,70,70,70,70,70,70,70,70,70,70,70],"card_choices":[{"not_picked":["Prepared","hubris:TrickCloak"],"picked":"Poisoned Stab","floor":1},{"not_picked":["PiercingWail","Acrobatics","Underhanded Strike"],"picked":"SKIP","floor":4},{"not_picked":["Dagger Throw","Acrobatics"],"picked":"Calculated Gamble","floor":6},{"not_picked":["Backstab","Blade Dance"],"picked":"Deadly Poison","floor":8},{"not_picked":["Deflect","Endless Agony"],"picked":"Dagger Spray","floor":10},{"not_picked":["Caltrops","hubris:Counter"],"picked":"Bane","floor":12},{"not_picked":["Deadly Poison","PiercingWail"],"picked":"Noxious Fumes","floor":13},{"not_picked":["hubris:TrickCloak","Sucker Punch"],"picked":"Dash","floor":14},{"not_picked":["Storm of Steel","Malaise"],"picked":"Envenom","floor":16},{"not_picked":["PiercingWail","Slice"],"picked":"Backstab","floor":18},{"not_picked":["Deflect","Predator","Dash"],"picked":"SKIP","floor":19},{"not_picked":["Tools of the Trade","Concentrate","Prepared"],"picked":"SKIP","floor":20},{"not_picked":["Underhanded Strike","Deflect","Masterful Stab"],"picked":"SKIP","floor":24},{"not_picked":["Cloak And Dagger+1","Bane","All Out Attack"],"picked":"Blur+1","floor":25},{"not_picked":["Skewer+1","hubris:TrickCloak","Tools of the Trade"],"picked":"Deadly Poison+1","floor":29},{"not_picked":["Quick Slash+1","Underhanded Strike","Blade Dance+1"],"picked":"Riddle With Holes+1","floor":30},{"not_picked":["Die Die Die","Malaise","Tools of the Trade"],"picked":"Doppelganger","floor":33},{"not_picked":["Infinite Blades+1","Blur","Blade Dance+1"],"picked":"Cloak And Dagger+1","floor":35},{"not_picked":["Endless Agony+1","Deflect+1","Distraction+1"],"picked":"Crippling Poison+1","floor":38},{"not_picked":["hubris:Counter","Prepared","Quick Slash","hubris:TrickCloak"],"picked":"SKIP","floor":41},{"not_picked":["PiercingWail","Bane+1","Poisoned Stab"],"picked":"Riddle With Holes","floor":44}],"player_experience":544024,"relics_obtained":[{"floor":6,"key":"hubris:BundleOfHerbs"},{"floor":9,"key":"hubris:ToyBattleship"},{"floor":10,"key":"Gambling Chip"},{"floor":24,"key":"Question Card"},{"floor":26,"key":"Omamori"},{"floor":39,"key":"Pantograph"},{"floor":43,"key":"Smiling Mask"},{"floor":44,"key":"Oddly Smooth Stone"}],"event_choices":[{"damage_healed":0,"gold_gain":0,"player_choice":"Grow","damage_taken":0,"max_hp_gain":0,"max_hp_loss":0,"event_name":"Living Wall","floor":2,"gold_loss":0,"cards_upgraded":["Poisoned Stab"]},{"cards_removed":["Strike_G"],"damage_healed":0,"gold_gain":0,"player_choice":"Offered Basic","damage_taken":0,"max_hp_gain":0,"max_hp_loss":0,"event_name":"Bonfire Elementals","floor":3,"gold_loss":0},{"damage_healed":0,"gold_gain":0,"player_choice":"Success","damage_taken":7,"relics_obtained":["Lantern"],"max_hp_gain":0,"max_hp_loss":0,"event_name":"Scrap Ooze","floor":5,"gold_loss":0},{"damage_healed":0,"gold_gain":0,"player_choice":"Bought 0 Potions","damage_taken":0,"max_hp_gain":0,"max_hp_loss":0,"event_name":"The Woman in Blue","floor":22,"gold_loss":0},{"damage_healed":0,"gold_gain":0,"player_choice":"Ignored","damage_taken":0,"max_hp_gain":0,"max_hp_loss":0,"event_name":"SecretPortal","floor":36,"gold_loss":0},{"damage_healed":0,"gold_gain":0,"player_choice":"Fight","damage_taken":0,"max_hp_gain":0,"max_hp_loss":0,"event_name":"Mysterious Sphere","floor":46,"gold_loss":0}],"is_beta":false,"boss_relics":[{"not_picked":["Ring of the Serpent","SacredBark"],"picked":"Empty Cage"},{"not_picked":["hubris:GrandSneckoEye","Tiny House"],"picked":"Cursed Key"}],"items_purged_floors":[11,37],"is_endless":false,"potions_floor_spawned":[4,8,12,16,24,25,33,41],"killed_by":"2 Orb Walkers","ascension_level":0}}