{"host":"3ghjvsatr2fxka2l","time":1608278274,"event":{"mods":["2.2 Compatiblity","AchievementEnabler","Act Like it!","Aspiration","BaseMod","Better Third Choice","Better Vampires","BetterRewards","Colored Powertips","Conspire","Curses Come First","Defuse TimeMaze Blight","Displayed Cursed Tome","Energized Spire","Gold Saver","Grow up Mod","Hallownest","Hubris","Infinite Spire","Lobotomy","Minty Spire (QoL Compilation)","Quick Restart","Replay The Spire","SacredBarkPlus","StSLib","The Blue Laboratory","The Bug Knight","Transform Curses","Uncapped","Waifu the Spire","Wandering Minibosses","vexMod","??????REMEMod"],"gold_per_floor":[119,119,119,119,70,101,118,136,136,146,146,146],"floor_reached":11,"playtime":1065,"items_purged":[],"score":123,"play_id":"c206301c-638d-4d47-aeac-d15a1d967cc3","local_time":"20201217235754","is_ascension_mode":false,"campfire_choices":[],"circlet_count":0,"master_deck":["HollowMod:NailStrikeStart","HollowMod:NailStrikeStart","HollowMod:NailStrikeStart","HollowMod:NailStrikeStart","HollowMod:QuickDashStart+1","HollowMod:QuickDashStart","HollowMod:QuickDashStart","HollowMod:QuickDashStart","HollowMod:FocusHealStart+1","HollowMod:PogoStrike","LessonLearned","MHz","HollowMod:SoulSplash","infinitespire:Menacing","HappyTeddy","SingingMachine","HollowMod:HuntersJournal+1","OldLady","HollowMod:SoulStrike","VoidDream"],"relics":["HollowMod:VesselMask","REME_ComplimentaryCards","CogitoBucket","Blood Vial","conspire:TopHat"],"acts_visited":["Exordium"],"potions_floor_usage":[6,11],"damage_taken":[{"damage":6,"enemies":"2_ Uuma","floor":1,"turns":5},{"damage":19,"enemies":"Hallownest:eliteVengeflyKing","floor":6,"turns":6},{"damage":2,"enemies":"Hallownest:monsterHuskGuard","floor":7,"turns":3},{"damage":4,"enemies":"Hallownest:monsterHuskWarrior","floor":8,"turns":1},{"damage":1,"enemies":"Hallownest:monsterMossCharger","floor":10,"turns":3},{"damage":14,"enemies":"Hallownest:eliteMossKnight","floor":11,"turns":17}],"seed_played":"-6376025050515742943","potions_obtained":[{"floor":7,"key":"LiquidBronze"},{"floor":8,"key":"SteroidPotion"},{"floor":10,"key":"Energy Potion"}],"is_trial":false,"path_per_floor":["M","?","?","$","$","E","M","M","T","M","?"],"character_chosen":"THE_BUGKNIGHT","items_purchased":["PowerPotion"],"campfire_rested":0,"item_purchase_floors":[5],"current_hp_per_floor":[95,82,92,102,112,109,125,133,143,154,154,154],"gold":146,"neow_bonus":"","is_daily":false,"chose_seed":false,"campfire_upgraded":0,"win_rate":0.0,"timestamp":1608278274,"path_taken":["M","?","?","?","$","E","M","?","T","?","?"],"items_purchased_type":["Potion"],"build_version":"2020-12-13","purchased_purges":0,"victory":false,"max_hp_per_floor":[95,105,115,125,135,145,155,165,175,185,185,185],"card_choices":[{"not_picked":["OldLady","WallGazer"],"picked":"MHz","floor":1},{"not_picked":["HollowMod:ShapeofUnn","HollowMod:VengefulVoid"],"picked":"HollowMod:SoulSplash","floor":1},{"not_picked":["hubris:Rewind","infinitespire:TheBestDefense"],"picked":"infinitespire:Menacing","floor":2},{"not_picked":["BeautyBeast","MeatLantern"],"picked":"HappyTeddy","floor":6},{"not_picked":["HollowMod:GoodIntentions","HollowMod:GreatSlash","HollowMod:LifebloodCocoon"],"picked":"SKIP","floor":6},{"not_picked":["Woodsman","Scarecrow","BlackSwan"],"picked":"Singing Bowl","floor":7},{"not_picked":["CrumblingArmor","Murderer"],"picked":"SingingMachine","floor":7},{"not_picked":["HollowMod:DesolateDive","HollowMod:NewLittleFool"],"picked":"HollowMod:HuntersJournal","floor":7},{"not_picked":["Alriune","SpiderBud"],"picked":"OldLady","floor":8},{"not_picked":["HollowMod:NewJinnsSoul","HollowMod:SiblingsSouls"],"picked":"HollowMod:SoulStrike","floor":8},{"not_picked":["Murderer","UniverseFragment"],"picked":"VoidDream","floor":10},{"not_picked":["HollowMod:SoulEater","HollowMod:SiblingsSouls","HollowMod:HuntersJournal"],"picked":"SKIP","floor":10}],"player_experience":223231,"relics_obtained":[{"floor":6,"key":"Blood Vial"},{"floor":9,"key":"conspire:TopHat"}],"event_choices":[],"is_beta":false,"boss_relics":[],"items_purged_floors":[],"is_endless":false,"potions_floor_spawned":[7,8,10],"killed_by":"Hallownest:eliteMossKnight","ascension_level":0}}