{"host":"yvoppmyq353hf3pf","time":1608282335,"event":{"mods":["BaseMod","Colored Map","Colored Powertips","Downfall","Minty Spire (QoL Compilation)","StSLib"],"gold_per_floor":[99,118,136,136,154,173,225,254,179,207,221,321,69,79,97,97,97],"floor_reached":16,"playtime":1072,"items_purged":[],"score":139,"play_id":"ea1cae3d-c140-4245-bb85-1ae458a5252b","local_time":"20201218030535","is_ascension_mode":false,"campfire_choices":[{"data":"hexamod:Float","floor":1.0,"key":"SMITH"},{"data":"hexamod:FastForward","floor":9.0,"key":"SMITH"}],"circlet_count":0,"master_deck":["hexamod:Strike","hexamod:Strike","hexamod:Strike","hexamod:Strike","hexamod:Defend","hexamod:Defend","hexamod:Defend","hexamod:Defend","hexamod:Float+1","hexamod:FastForward+1","hexamod:RainOfEmbers","hexamod:DynamicBlow","hexamod:Hexaguard","hexamod:GhostflameInferno","expansioncontent:DecasProtection"],"relics":["hexamod:SpiritBrand","Art of War","downfall:HeartBlessingBlue","Du-Vu Doll","Blood Vial"],"acts_visited":["Exordium"],"potions_floor_usage":[15,16,16],"damage_taken":[{"damage":2.0,"enemies":"2 Louse","floor":2.0,"turns":4.0},{"damage":0.0,"enemies":"Cultist","floor":3.0,"turns":4.0},{"damage":0.0,"enemies":"Jaw Worm","floor":5.0,"turns":4.0},{"damage":15.0,"enemies":"Exordium Thugs","floor":6.0,"turns":5.0},{"damage":13.0,"enemies":"3 Sentries","floor":8.0,"turns":7.0},{"damage":29.0,"enemies":"Lagavulin","floor":10.0,"turns":8.0},{"damage":11.0,"enemies":"3 Louse","floor":11.0,"turns":4.0},{"damage":0.0,"enemies":"downfall:FleeingMerchant","floor":13.0,"turns":4.0},{"damage":8,"enemies":"Large Slime","floor":14,"turns":4},{"damage":3,"enemies":"Exordium Wildlife","floor":15,"turns":3},{"damage":19,"enemies":"downfall:Defect","floor":16,"turns":5}],"seed_played":"-2550804016529575664","potions_obtained":[{"floor":6.0,"key":"Guardian:BlockOnCardUsePotion"},{"floor":11.0,"key":"hexamod:DoubleChargePotion"},{"floor":14,"key":"SkillPotion"}],"is_trial":false,"path_per_floor":["R","M","M","?","M","M","T","E","R","E","M","?","$","M","M","B"],"character_chosen":"THE_SPIRIT","items_purchased":["Blood Vial","expansioncontent:DecasProtection"],"campfire_rested":0,"item_purchase_floors":[13,13],"current_hp_per_floor":[77,75,75,75,75,60,60,47,57,28,17,17,17,11,10,0,0],"gold":97,"neow_bonus":"TEN_PERCENT_HP_BONUS","is_daily":false,"chose_seed":false,"campfire_upgraded":2,"win_rate":0.0,"timestamp":1608282335,"path_taken":["R","M","M","?","?","M","T","E","R","E","M","?","$","M","M","BOSS"],"items_purchased_type":["Relic","Card"],"build_version":"2020-12-13","purchased_purges":0,"victory":false,"max_hp_per_floor":[77,77,77,77,77,77,77,77,87,87,87,87,87,87,87,87,87],"card_choices":[{"not_picked":["hexamod:RainOfEmbers","hexamod:BurningTouch"],"picked":"hexamod:FastForward","floor":2.0},{"not_picked":["hexamod:NightmareStrike","hexamod:GhostLash"],"picked":"hexamod:RainOfEmbers","floor":3.0},{"not_picked":["hexamod:BacktrackSmack","hexamod:AdvancingGuard","hexamod:BurningTouch"],"picked":"SKIP","floor":5.0},{"not_picked":["hexamod:BacktrackSmack","hexamod:NightmareStrike"],"picked":"hexamod:DynamicBlow","floor":6.0},{"not_picked":["hexamod:HeatMetal","hexamod:AdvancingGuard","hexamod:SwordOfDarkness"],"picked":"SKIP","floor":8.0},{"not_picked":["hexamod:Firestarter","hexamod:ExtraCrispy"],"picked":"hexamod:Hexaguard","floor":10.0},{"not_picked":["hexamod:Firestarter","hexamod:GhostLash"],"picked":"hexamod:GhostflameInferno","floor":11.0},{"not_picked":["hexamod:Again","hexamod:RadiantFlame","hexamod:InspiringFlames"],"picked":"SKIP","floor":13.0},{"not_picked":["hexamod:Firestarter","hexamod:HauntingEcho","hexamod:Hexaguard"],"picked":"SKIP","floor":14},{"not_picked":["hexamod:RainOfEmbers","hexamod:ShieldOfDarkness","hexamod:UnleashSpirits"],"picked":"SKIP","floor":15}],"player_experience":1563479,"relics_obtained":[{"floor":8.0,"key":"Art of War"},{"floor":10.0,"key":"Du-Vu Doll"}],"event_choices":[{"cards_removed":["hexamod:Sear"],"damage_healed":0.0,"max_hp_gain":0.0,"max_hp_loss":0.0,"gold_gain":0.0,"event_name":"Bonfire Elementals","player_choice":"Offered Basic","floor":4.0,"gold_loss":0.0,"damage_taken":0.0}],"is_beta":false,"boss_relics":[],"items_purged_floors":[],"is_endless":false,"potions_floor_spawned":[6,11,14],"killed_by":"downfall:Defect","ascension_level":0}}