{"host":"k2x36244ucab5lxq","time":1608255519,"event":{"mods":["2.2 Compatiblity","AchievementEnabler","Act Like it!","Aspiration","BaseMod","Beaked The Cultist","Bestiary","Better Altar","Better Match","Better Note","Better Sensory Stone","Better Skull","Better Third Choice","Better Vampires","BetterRewards","Block Reminder","CatGirl Mod","Clawfect","Clockwork Mod","Colored Map","Conspire","Curses Come First","Downfall","Energized Spire","Gensokyo","GungeonMod","Halation","Hermit","Hubris","Infinite Spire","Jedi Mod","JesterMod","Jorbs\u0027s Wanderer Trilogy","Marisa????????","Marked Mod","Mimic Mod","Minty Spire (QoL Compilation)","Pale of the Ancients","Random Character Button","Rare Cards Sparkle","Relic Sorter","Relic Stats","Replay The Spire","SCP261 Mod","Shop Mod","StSLib","The Administrix","The Alterego","The Blackbeard","The Bladedancer","The Construct","The Cursed","The Disciple","The Judge","The Necromancer","The Problem Sleuth","The Sage","The Servant 0.9.4","The Showman","Transform Curses","Unceasing Turn Reminder","Virulent Crown","egg","everything is the same but u backflip on backflip","slay the spire mod where everything is the same but ironclad has a cowboy hat","thorton"],"gold_per_floor":[119,131,131,131,142,142,176,188,225,239,204,204,235,103,103,179,179,199,47,47,18,32,59,59,86,118,148,159,176,196,216,216,295,295,315,315,315,315,65,65,93,107,141,141,141,16,16,26,26,26,41,41,41,41,41,54,54,135,135,135],"floor_reached":61,"playtime":3114,"items_purged":["Languid","hexamod:Haunted","Replay:Hysterical Blindness"],"score":2092,"play_id":"d9455586-b7cc-4985-bb6f-68ff7c5f1c27","local_time":"20201217203839","is_ascension_mode":true,"campfire_choices":[{"data":"FTL","floor":6,"key":"SMITH"},{"data":"Genetic Algorithm","floor":12,"key":"SMITH"},{"data":"ReplayTheSpireMod:Haul","floor":15,"key":"SMITH"},{"data":"Hologram","floor":24,"key":"SMITH"},{"data":"White Noise","floor":32,"key":"SMITH"},{"floor":40,"key":"REST"},{"floor":44,"key":"REST"},{"data":"Clawfect:ClawCell","floor":49,"key":"SMITH"},{"data":"infinitespire:Execution","floor":55,"key":"SMITH"},{"data":"Coolheaded","floor":57,"key":"SMITH"}],"circlet_count":0,"master_deck":["AscendersBane","Gash","Gash","Gash","Gash","Gash","Defend_B","Defend_B","Defend_B","Defend_B","Defend_B","Clawfect:Clawline","Coolheaded+1","ReplayTheSpireMod:Haul+1","FTL+1","FTL","FTL","Genetic Algorithm+1","Conserve Battery","Clawfect:ClawForOne","Coolheaded+1","Clawfect:ClawingBeam","Hologram+1","FTL","White Noise+1","FTL","Clawfect:ClawSnap","Clawfect:Clawter","Clawfect:ClawCell+1","Clawfect:ClawingBeam+1","Machine Learning","Clawfect:ScrapingClaw","infinitespire:Execution+1","Clawfect:Clawrage","Clawfect:Clawrage","Clawfect:ClawForTheEyes","FTL","Gash","ReplayGash","FTL+1","Undo"],"relics":["Clawfect:DRClaw","hubris:Icosahedron","NeowsBlessing","Omamori","DemoMod:Metronome","Snack Pack","energizedSpire:EnergizedDie","DemoMod:ClearGuonStone","Bag of Preparation","Shuriken","Pet Ghost","Sozu","SlaversCollar","aspiration:AnachronicSnailShell","hubris:SlimyHat","aspiration:EnhancedActuators","aspiration:HatOfInfinitePower","jedi:kaleidoscope","paleoftheancients:Timepiece","paleoftheancients:KeyRelic","paleoftheancients:SoulOfTheDefect"],"acts_visited":["Exordium","TheCity","TheBeyond","paleoftheancients:PaleOfTheAncients"],"potions_floor_usage":[8,18,23,31,33],"damage_taken":[{"damage":4,"enemies":"infinitespire:Voidling","floor":1,"turns":3},{"damage":1,"enemies":"Jaw Worm","floor":2,"turns":2},{"damage":0,"enemies":"2 Louse","floor":5,"turns":2},{"damage":16,"enemies":"3 Sentries","floor":7,"turns":7},{"damage":7,"enemies":"Exordium Wildlife","floor":8,"turns":4},{"damage":6,"enemies":"Red Slaver","floor":9,"turns":6},{"damage":11,"enemies":"Red Slaver","floor":10,"turns":3},{"damage":6,"enemies":"Lagavulin","floor":13,"turns":5},{"damage":16,"enemies":"Fading Forest","floor":16,"turns":11},{"damage":11,"enemies":"3 Byrds","floor":18,"turns":6},{"damage":7,"enemies":"conspire:FuzzyDice","floor":22,"turns":6},{"damage":26,"enemies":"Replay:Snechameleon","floor":23,"turns":6},{"damage":25,"enemies":"Book of Stabbing","floor":25,"turns":4},{"damage":0,"enemies":"Snake Plant","floor":26,"turns":8},{"damage":12,"enemies":"Replay:Snechameleon","floor":27,"turns":4},{"damage":3,"enemies":"Snake Plant","floor":28,"turns":5},{"damage":0,"enemies":"conspire:HollyBat","floor":29,"turns":4},{"damage":3,"enemies":"3 Cultists","floor":30,"turns":4},{"damage":4,"enemies":"Centurion and Healer","floor":31,"turns":5},{"damage":0,"enemies":"Automaton","floor":33,"turns":5},{"damage":47,"enemies":"3 Darklings","floor":35,"turns":5},{"damage":42,"enemies":"Reptomancer","floor":41,"turns":3},{"damage":0,"enemies":"Orb Walker","floor":42,"turns":2},{"damage":2,"enemies":"4 Shapes","floor":43,"turns":4},{"damage":0,"enemies":"4 Shapes","floor":45,"turns":3},{"damage":2,"enemies":"beaked:SuperParasite","floor":47,"turns":3},{"damage":11,"enemies":"3 Darklings","floor":48,"turns":4},{"damage":0,"enemies":"Replay:Hell Engine","floor":50,"turns":3},{"damage":14,"enemies":"Replay:Hell Engine","floor":51,"turns":4},{"damage":99,"enemies":"Replay:Hell Engine","floor":52,"turns":5},{"damage":0,"enemies":"Replay:Hell Engine","floor":56,"turns":3},{"damage":0,"enemies":"paleoftheancients:N","floor":60,"turns":3}],"seed_played":"3846321086162845836","potions_obtained":[{"floor":1,"key":"Block Potion"},{"floor":2,"key":"FocusPotion"},{"floor":10,"key":"Block Potion"},{"floor":22,"key":"champ:CounterPotion"},{"floor":23,"key":"LifebloodPotion"}],"is_trial":false,"path_per_floor":["M","M","?","?","M","R","E","M","MIM","M","?","R","E","$","R","B",null,"M","$","?","$","M","E","R","E","MIM","E","M","M","M","M","R","B",null,"M","AVR","?","?","$","R","E","M","MIM","R","M","$","E","M","R","B","M","M","?","$","R","M","R","T","?","B",null],"character_chosen":"DEFECT","items_purchased":["Coolheaded","Clawfect:ClawingBeam","Hologram","Clawfect:Clawrage","Clawfect:ClawForTheEyes","hubris:SlimyHat"],"campfire_rested":2,"item_purchase_floors":[14,19,21,39,39,39],"current_hp_per_floor":[60,59,59,59,59,59,43,36,30,19,36,36,30,30,30,42,64,65,65,65,65,70,51,51,42,50,50,55,67,68,71,71,71,71,30,30,33,33,33,55,25,33,45,67,74,74,74,67,67,77,74,77,77,77,77,77,77,77,77,77],"gold":135,"neow_bonus":"THREE_ENEMY_KILL","is_daily":false,"chose_seed":false,"campfire_upgraded":8,"win_rate":0.0,"timestamp":1608255519,"path_taken":["M","?","?","?","?","R","E","M","MIM","M","?","R","E","$","R","BOSS","M","$","?","?","M","E","R","E","MIM","E","M","M","M","M","R","BOSS","M","AVR","?","?","$","R","E","M","MIM","R","M","?","E","?","R","BOSS","M","M","?","$","R","M","R","T","?","BOSS"],"items_purchased_type":["Card","Card","Card","Card","Card","Relic"],"build_version":"2020-12-13","purchased_purges":3,"victory":true,"max_hp_per_floor":[71,71,71,71,71,71,71,71,71,71,71,71,71,71,71,71,71,71,71,71,71,71,71,71,71,71,71,71,71,71,71,71,71,71,71,71,74,74,74,74,74,74,74,74,74,74,74,74,74,77,77,77,77,77,77,77,77,77,77,77],"relic_stats":{"Sozu":3,"counters":[32,142],"Shuriken":[109],"Bag of Preparation":[46],"obtain_stats":[{"paleoftheancients:KeyRelic":50,"NeowsBlessing":0,"energizedSpire:EnergizedDie":17,"DemoMod:GlassGuonStoneRelic":1,"Omamori":7,"Bag of Preparation":25,"hubris:SlimyHat":39,"paleoftheancients:SoulOfTheDefect":56,"Pet Ghost":27,"Sozu":34,"paleoftheancients:Timepiece":50,"SlaversCollar":36,"jedi:kaleidoscope":47,"hubris:Icosahedron":53,"aspiration:EnhancedActuators":41,"DemoMod:Metronome":9,"Shuriken":26,"aspiration:AnachronicSnailShell":36,"Snack Pack":13,"DemoMod:ClearGuonStone":23,"Clawfect:DRClaw":0,"aspiration:HatOfInfinitePower":43},{"paleoftheancients:KeyRelic":28,"NeowsBlessing":0,"energizedSpire:EnergizedDie":9,"DemoMod:GlassGuonStoneRelic":1,"Omamori":4,"Bag of Preparation":13,"hubris:SlimyHat":21,"paleoftheancients:SoulOfTheDefect":31,"Pet Ghost":15,"Sozu":20,"paleoftheancients:Timepiece":28,"SlaversCollar":21,"jedi:kaleidoscope":26,"hubris:Icosahedron":30,"aspiration:EnhancedActuators":22,"DemoMod:Metronome":6,"Shuriken":14,"aspiration:AnachronicSnailShell":21,"Snack Pack":8,"DemoMod:ClearGuonStone":12,"Clawfect:DRClaw":0,"aspiration:HatOfInfinitePower":24},{"paleoftheancients:KeyRelic":127,"NeowsBlessing":0,"energizedSpire:EnergizedDie":43,"DemoMod:GlassGuonStoneRelic":3,"Omamori":14,"Bag of Preparation":65,"hubris:SlimyHat":105,"paleoftheancients:SoulOfTheDefect":139,"Pet Ghost":77,"Sozu":100,"paleoftheancients:Timepiece":127,"SlaversCollar":105,"jedi:kaleidoscope":120,"hubris:Icosahedron":136,"aspiration:EnhancedActuators":108,"DemoMod:Metronome":24,"Shuriken":73,"aspiration:AnachronicSnailShell":105,"Snack Pack":32,"DemoMod:ClearGuonStone":61,"Clawfect:DRClaw":0,"aspiration:HatOfInfinitePower":114}]},"card_choices":[{"not_picked":["Clawfect:ScrapingClaw","Time Bomb"],"picked":"Clawfect:Clawline","floor":1},{"not_picked":["hubris:Prefetch","ReplaySolidLightProjector"],"picked":"Coolheaded","floor":2},{"not_picked":["ReplayTheSpireMod:Echoes of Time","hubris:Fate"],"picked":"ReplayTheSpireMod:Haul","floor":4},{"not_picked":["jedi:sharpshooter","Self Repair"],"picked":"FTL","floor":5},{"not_picked":["Conserve Battery","Hyperbeam"],"picked":"FTL","floor":7},{"not_picked":["Consume","Panic Button"],"picked":"FTL","floor":8},{"not_picked":["ReplayTheSpireMod:Reroute Power","Hologram"],"picked":"Genetic Algorithm","floor":9},{"not_picked":["Clawfect:Clawter","Chill"],"picked":"Conserve Battery","floor":10},{"not_picked":["Blizzard","jedi:BurstLightning"],"picked":"Clawfect:ClawForOne","floor":13},{"not_picked":["Leap","aspiration:Polymerization","Time Bomb"],"picked":"SKIP","floor":18},{"not_picked":["Heatsinks","Conserve Battery"],"picked":"FTL","floor":22},{"not_picked":["Self Repair","Amplify","Stack"],"picked":"SKIP","floor":23},{"not_picked":["Clawfect:Clawter+1","Clawfect:ClawingBeam"],"picked":"White Noise","floor":25},{"not_picked":["Clawfect:ClawpileDriver","Turbo+1"],"picked":"FTL","floor":26},{"not_picked":["Steam","Rebound"],"picked":"Clawfect:ClawSnap","floor":27},{"not_picked":["jedi:blockon+1","Chill"],"picked":"Clawfect:Clawter","floor":28},{"not_picked":["Coolheaded","Recycle"],"picked":"Clawfect:ClawCell","floor":29},{"not_picked":["ReplaySolidLightProjector","jedi:BurstLightning","Sunder"],"picked":"SKIP","floor":30},{"not_picked":["BasicCrystalCard","Clawfect:Clawline"],"picked":"Clawfect:ClawingBeam+1","floor":31},{"not_picked":["jedi:studyfrost","hubris:Prefetch"],"picked":"Machine Learning","floor":33},{"not_picked":["Genetic Algorithm+1","Clawfect:ClawLightning"],"picked":"Clawfect:ScrapingClaw","floor":35},{"not_picked":["Tempest","Stack"],"picked":"FTL","floor":41},{"not_picked":["Rebound+1","BasicCrystalCard"],"picked":"Gash","floor":42},{"not_picked":["Clawfect:Clawline","Coolheaded"],"picked":"ReplayGash","floor":43},{"not_picked":["Defragment","Conserve Battery","Clawfect:Clawter"],"picked":"SKIP","floor":45},{"not_picked":["jedi:reiji","Clawfect:Clawline","Coolheaded+1"],"picked":"SKIP","floor":47},{"not_picked":["Rebound+1","Coolheaded+1","Chill+1"],"picked":"SKIP","floor":48},{"not_picked":["Turbo","Rebound+1"],"picked":"FTL+1","floor":51},{"not_picked":["Gash","Steam"],"picked":"Undo","floor":56}],"player_experience":548571,"relics_obtained":[{"floor":7,"key":"Omamori"},{"floor":9,"key":"DemoMod:Metronome"},{"floor":13,"key":"Snack Pack"},{"floor":23,"key":"DemoMod:ClearGuonStone"},{"floor":25,"key":"Bag of Preparation"},{"floor":26,"key":"Shuriken"},{"floor":27,"key":"Pet Ghost"},{"floor":41,"key":"aspiration:EnhancedActuators"},{"floor":43,"key":"aspiration:HatOfInfinitePower"},{"floor":47,"key":"jedi:kaleidoscope"},{"floor":56,"key":"paleoftheancients:SoulOfTheDefect"}],"event_choices":[{"damage_healed":0,"gold_gain":0,"player_choice":"Grow","damage_taken":0,"max_hp_gain":0,"max_hp_loss":0,"event_name":"Living Wall","floor":3,"gold_loss":0,"cards_upgraded":["Coolheaded"]},{"damage_healed":17,"gold_gain":0,"player_choice":"Healed","damage_taken":0,"max_hp_gain":0,"max_hp_loss":0,"event_name":"The Cleric","floor":11,"gold_loss":35},{"damage_healed":0,"gold_gain":0,"player_choice":"Ignored","damage_taken":0,"max_hp_gain":0,"max_hp_loss":0,"event_name":"OrinTheCat","floor":38,"gold_loss":0}],"is_beta":false,"boss_relics":[{"not_picked":["energizedSpire:NeverEndingSparkler","conspire:RoyalGoblet"],"picked":"energizedSpire:EnergizedDie"},{"not_picked":["aspiration:ServantSkillbook","Empty Cage"],"picked":"Sozu"}],"items_purged_floors":[14,19,46],"is_endless":false,"potions_floor_spawned":[1,2,10,13,22,23,28,30,31,33,35,42,48,56,60],"ascension_level":16}}