{"host":"br1k745010e75u9o","time":1608305994,"event":{"mods":["BaseMod","CCEM","Conspire","Downfall","Friendly Minions","Hermit","Hubris","Infinite Spire","Mari Mod (Legacy)","Mari\u0027s V1 Patch","Minty Spire (QoL Compilation)","Rare Cards Sparkle","Replay The Spire","StSLib","The Cursed","Yohane!"],"gold_per_floor":[118,137,155,155,155,155,167,92,92,92,108,84,104,104,104,209,209,227,277,307,350,362,362],"floor_reached":22,"playtime":815,"items_purged":["Defend_G"],"score":176,"play_id":"309073d9-4e52-466d-b5c0-dab1fd37dac6","local_time":"20201218153954","is_ascension_mode":false,"campfire_choices":[{"data":"Draining Mist","floor":6,"key":"SMITH"},{"data":"Noxious Fumes","floor":10,"key":"SMITH"},{"data":"Poisoned Stab","floor":15,"key":"SMITH"}],"circlet_count":0,"master_deck":["Strike_G","Strike_G","Strike_G","Strike_G","Defend_G","Defend_G","Defend_G","Defend_G","Survivor","Neutralize","Draining Mist+1","Poison Darts","Noxious Fumes+1","Poisoned Stab+1","Well Laid Plans","Replay:Bag of Tricks","Deflect","Looming Evil","conspire:PoisonWeapons+1","Deadly Poison"],"relics":["Slimebound:AbsorbEndCombat","infinitespire:Cubic Diamond","Replay:Bottled Steam","Honey Jar","Ring of Greed","Ring of Hypnosis","MawBank","Blue Doll","Red Mask"],"acts_visited":["Exordium","TheCity"],"potions_floor_usage":[11,13,21],"damage_taken":[{"damage":1,"enemies":"Cultist","floor":1,"turns":4},{"damage":6,"enemies":"Jaw Worm","floor":2,"turns":4},{"damage":0,"enemies":"2 Louse","floor":3,"turns":3},{"damage":7,"enemies":"Exordium Thugs","floor":7,"turns":4},{"damage":0,"enemies":"3 Louse","floor":11,"turns":3},{"damage":16,"enemies":"Large Slime","floor":13,"turns":4},{"damage":13,"enemies":"Hexaghost","floor":16,"turns":7},{"damage":32,"enemies":"conspire:FuzzyDice","floor":18,"turns":5},{"damage":5,"enemies":"Chosen","floor":20,"turns":4},{"damage":24,"enemies":"Masked Bandits","floor":21,"turns":4},{"damage":16,"enemies":"Shelled Parasite and Fungi","floor":22,"turns":2}],"seed_played":"7463683199585570004","potions_obtained":[{"floor":2,"key":"Block Potion"},{"floor":11,"key":"SkillPotion"},{"floor":16,"key":"Adrenaline Potion"},{"floor":18,"key":"Strength Potion"},{"floor":21,"key":"hexamod:EctoCoolerPotion"}],"is_trial":false,"path_per_floor":["M","M","M","?","?","R","M","$","T","R","M","$","M","?","R","B",null,"M","?","M","?","M"],"character_chosen":"THE_SILENT","items_purchased":["Poisoned Stab"],"campfire_rested":0,"item_purchase_floors":[12],"current_hp_per_floor":[76,70,70,70,70,70,63,63,63,63,63,63,47,70,70,57,77,45,45,40,16,0,0],"gold":362,"neow_bonus":"TEN_PERCENT_HP_BONUS","is_daily":false,"chose_seed":false,"campfire_upgraded":3,"win_rate":0.0,"timestamp":1608305994,"path_taken":["M","M","?","?","?","R","?","$","T","R","M","$","M","?","R","BOSS","M","?","M","?","M"],"items_purchased_type":["Card"],"build_version":"2020-12-13","purchased_purges":1,"victory":false,"max_hp_per_floor":[77,77,77,77,77,77,77,77,77,77,77,77,77,77,77,77,77,77,77,77,77,77,77],"card_choices":[{"not_picked":["Slice","Outmaneuver"],"picked":"Draining Mist","floor":1},{"not_picked":["hubris:Counter","Acrobatics","Dagger Spray"],"picked":"SKIP","floor":2},{"not_picked":["Accuracy","Dagger Spray"],"picked":"Poison Darts","floor":3},{"not_picked":["Outmaneuver","Slice"],"picked":"Noxious Fumes","floor":7},{"not_picked":["Tactician","Underhanded Strike","Sucker Punch"],"picked":"SKIP","floor":11},{"not_picked":["Deflect","Underhanded Strike"],"picked":"Well Laid Plans","floor":13},{"not_picked":["Storm of Steel","ReplayTheSpireMod:From All Sides"],"picked":"Replay:Bag of Tricks","floor":16},{"not_picked":["Quick Slash+1","Expertise","Blur"],"picked":"Deflect","floor":18},{"not_picked":["Draining Mist","Tactician+1","Quick Slash"],"picked":"conspire:PoisonWeapons+1","floor":20},{"not_picked":["Outmaneuver","Phantasmal Killer","Tactician"],"picked":"Deadly Poison","floor":21}],"player_experience":56605,"relics_obtained":[{"floor":9,"key":"Replay:Bottled Steam"},{"floor":19,"key":"Ring of Greed"},{"floor":19,"key":"Ring of Hypnosis"},{"floor":19,"key":"MawBank"},{"floor":19,"key":"Blue Doll"},{"floor":21,"key":"Red Mask"}],"event_choices":[{"cards_removed":["Strike_G"],"damage_healed":0,"gold_gain":0,"player_choice":"Purged","damage_taken":0,"max_hp_gain":0,"max_hp_loss":0,"event_name":"Purifier","floor":5,"gold_loss":0},{"damage_healed":0,"gold_gain":0,"player_choice":"Fought Bandits","damage_taken":0,"max_hp_gain":0,"max_hp_loss":0,"event_name":"Masked Bandits","floor":21,"gold_loss":0}],"is_beta":false,"boss_relics":[{"not_picked":["Snecko Scales","CCEMRelics:TransientCore"],"picked":"Honey Jar"}],"items_purged_floors":[8],"is_endless":false,"potions_floor_spawned":[2,11,16,18,21],"killed_by":"Shelled Parasite and Fungi","ascension_level":0}}