{"host":"i41n6wh529970c2c","time":1608315596,"event":{"mods":["Act Like it!","BaseMod","BetterRewards","Friendly Minions","Gold Saver","Hermit","Minty Spire (QoL Compilation)","Replay The Spire","Shop Mod","StSLib"],"gold_per_floor":[622,634,725,736,748,748,780,800,800,800,800,800],"floor_reached":11,"playtime":717,"items_purged":["Strike_B"],"score":98,"play_id":"d55f80a8-023f-4645-93ea-e408f8d3bcf8","local_time":"20201218131956","is_ascension_mode":true,"campfire_choices":[{"floor":6.0,"key":"REST"}],"circlet_count":0,"master_deck":["Strike_B","Strike_B","Strike_B","Defend_B","Defend_B","Defend_B","Zap","Dualcast","Seek","Ball Lightning","Genetic Algorithm","Lockon","ReplayTheSpireMod:Splinters","Genetic Algorithm","Leap","ReplayGash","ReplayGash","Conserve Battery"],"relics":["Cracked Core","Unceasing Top","Blood Vial","Ginger"],"acts_visited":["Exordium"],"potions_floor_usage":[],"damage_taken":[{"damage":1.0,"enemies":"Cultist","floor":1.0,"turns":3.0},{"damage":3.0,"enemies":"2 Louse","floor":2.0,"turns":3.0},{"damage":0.0,"enemies":"Small Slimes","floor":4.0,"turns":3.0},{"damage":25.0,"enemies":"3 Louse","floor":5.0,"turns":3.0},{"damage":23.0,"enemies":"3 Sentries","floor":7.0,"turns":5.0},{"damage":6.0,"enemies":"2 Fungi Beasts","floor":8.0,"turns":4.0},{"damage":15,"enemies":"Lagavulin","floor":11,"turns":5}],"seed_played":"8638530072271683367","potions_obtained":[{"floor":1.0,"key":"Weak Potion"},{"floor":7.0,"key":"FearPotion"},{"floor":8.0,"key":"Explosive Potion"}],"is_trial":false,"path_per_floor":["M","M","?","M","M","R","E","M","T","?","E"],"character_chosen":"DEFECT","items_purchased":["Ball Lightning"],"campfire_rested":1,"item_purchase_floors":[0],"current_hp_per_floor":[47,44,44,44,19,40,17,13,13,13,0,0],"gold":800,"neow_bonus":"","is_daily":false,"chose_seed":false,"campfire_upgraded":0,"win_rate":0.0,"timestamp":1608315596,"path_taken":["M","?","?","M","M","R","E","M","T","?","E"],"items_purchased_type":["Card"],"build_version":"2020-12-13","purchased_purges":1,"victory":false,"max_hp_per_floor":[70,70,70,70,70,70,70,70,70,70,70,70],"card_choices":[{"not_picked":["Go for the Eyes","Streamline"],"picked":"Genetic Algorithm","floor":1.0},{"not_picked":["Turbo","Rebound"],"picked":"Lockon","floor":2.0},{"not_picked":["ReplaySort","Barrage"],"picked":"Genetic Algorithm","floor":3.0},{"not_picked":["ReplayTheSpireMod:System Scan","Panic Button"],"picked":"Leap","floor":3.0},{"not_picked":["Hologram","Mirror Shield"],"picked":"ReplayGash","floor":4.0},{"not_picked":["Stack","Crystallizer"],"picked":"ReplayGash","floor":5.0},{"not_picked":["Stack","BasicCrystalCard","Streamline"],"picked":"SKIP","floor":7.0},{"not_picked":["Leap","Ball Lightning"],"picked":"Conserve Battery","floor":8.0}],"player_experience":847666,"relics_obtained":[{"floor":7.0,"key":"Blood Vial"},{"floor":9.0,"key":"Ginger"}],"event_choices":[{"damage_healed":0,"gold_gain":0,"player_choice":"Fled","damage_taken":0,"max_hp_gain":0,"max_hp_loss":0,"event_name":"Scrap Ooze","floor":10,"gold_loss":0}],"is_beta":false,"boss_relics":[],"items_purged_floors":[0],"is_endless":false,"potions_floor_spawned":[1,7,8],"killed_by":"Lagavulin","ascension_level":6}}