{"host":"7al4aiicz9n8t8fq","time":1608265504,"event":{"mods":["2.2 Compatiblity","Act Like it!","BaseMod","Downfall","Duelist Mod","GifTheSpireLib","Minty Spire (QoL Compilation)","Rare Cards Sparkle","Replay The Spire","StSLib","The Animator","The Bug Knight","The Necromancer"],"gold_per_floor":[123,143,143,158,140,140,160,178,178,178,35,35,35,64,64,64,64],"floor_reached":16,"playtime":906,"items_purged":[],"score":105,"play_id":"8b0d88bc-c87c-40b9-8caa-67b0c38c8270","local_time":"20201217212504","is_ascension_mode":true,"campfire_choices":[{"floor":6,"key":"REST"},{"floor":13,"key":"REST"},{"floor":15,"key":"REST"}],"circlet_count":0,"master_deck":["animator:Strike_Overlord","animator:Defend_Overlord","animator:Strike+1","animator:Strike","animator:Strike","animator:Defend","animator:Defend+1","animator:Defend","animator:Cocytus","animator:Demiurge","animator:AcuraAkari","animator:Berserker","animator:Sora","animator:RoyMustang+1","animator:Entoma+2","animator:MumenRider","animator:Alexander","animator:Caster"],"relics":["animator:LivingPicture","animator:TheMissingPiece","ReplayTheSpireMod:TigerMarble","Vajra","Whetstone"],"acts_visited":["Exordium"],"potions_floor_usage":[],"damage_taken":[{"damage":7,"enemies":"2 Louse","floor":1,"turns":3},{"damage":18,"enemies":"Cultist","floor":2,"turns":4},{"damage":13,"enemies":"Jaw Worm","floor":4,"turns":3},{"damage":3,"enemies":"Looter","floor":5,"turns":4},{"damage":21,"enemies":"Large Slime","floor":7,"turns":7},{"damage":20,"enemies":"Exordium Wildlife","floor":8,"turns":6},{"damage":23,"enemies":"3 Sentries","floor":14,"turns":9},{"damage":38,"enemies":"Hexaghost","floor":16,"turns":9}],"seed_played":"3351190287760395528","potions_obtained":[{"floor":1,"key":"sneckomod:MuddlingPotion"},{"floor":8,"key":"SpeedPotion"}],"is_trial":false,"path_per_floor":["M","M","?","M","M","R","M","M","T","?","$","?","R","E","R","B"],"character_chosen":"THE_ANIMATOR","items_purchased":["Vajra"],"campfire_rested":3,"item_purchase_floors":[11],"current_hp_per_floor":[65,47,47,34,31,52,33,15,15,15,15,15,37,14,36,0,0],"gold":64,"neow_bonus":"TEN_PERCENT_HP_BONUS","is_daily":false,"chose_seed":false,"campfire_upgraded":0,"win_rate":0.0,"timestamp":1608265504,"path_taken":["M","M","?","?","M","R","M","M","T","?","$","?","R","E","R","BOSS"],"items_purchased_type":["Relic"],"build_version":"2020-12-13","purchased_purges":0,"victory":false,"max_hp_per_floor":[72,72,72,72,72,72,74,76,76,76,76,76,76,76,76,76,76],"card_choices":[{"not_picked":["animator:Sebas","animator:Konayuki"],"picked":"animator:AcuraAkari","floor":1},{"not_picked":["animator:Illya","animator:Konayuki"],"picked":"animator:Berserker","floor":2},{"not_picked":["animator:AcuraTooru","animator:Geryuganshoop"],"picked":"animator:RoyMustang","floor":4},{"not_picked":["animator:Shalltear","animator:Demiurge"],"picked":"animator:Entoma","floor":5},{"not_picked":["animator:Assassin","animator:Tet"],"picked":"animator:MumenRider","floor":7},{"not_picked":["animator:Berserker","animator:Boros"],"picked":"animator:Alexander","floor":8},{"not_picked":["animator:Berserker","animator:Archer"],"picked":"animator:Caster","floor":14}],"player_experience":1121157,"relics_obtained":[{"floor":9,"key":"ReplayTheSpireMod:TigerMarble"},{"floor":14,"key":"Whetstone"}],"event_choices":[{"damage_healed":0,"gold_gain":0,"player_choice":"1 cards matched","damage_taken":0,"max_hp_gain":0,"max_hp_loss":0,"event_name":"Match and Keep!","floor":3,"gold_loss":0,"cards_obtained":["animator:Sora"]}],"is_beta":false,"boss_relics":[],"items_purged_floors":[],"is_endless":false,"potions_floor_spawned":[1,8],"killed_by":"Hexaghost","ascension_level":1}}