{"host":"0msxzbajcl1c78mb","time":1608265826,"event":{"mods":["AchievementEnabler","BaseMod","Colored Map","Colored Powertips","Highlight Path","Minty Spire (QoL Compilation)","Relic Sorter","Relic Stats","StSLib","The Jungle","everything is the same but u backflip on backflip"],"gold_per_floor":[111,124,124,124,124,165,165,90,90,90,110,153,153,197,197,316,316,331,349,2,2,23,23,54,54,54,54,95,95,120,120,120,120,120],"floor_reached":33,"playtime":1974,"items_purged":["Injury","Strike_G"],"score":437,"play_id":"a84177a2-abd0-471d-819d-d5cd05e78cb3","local_time":"20201217233026","is_ascension_mode":true,"campfire_choices":[{"data":"Glass Knife","floor":7,"key":"SMITH"},{"data":"Neutralize","floor":13,"key":"SMITH"},{"data":"Cloak And Dagger","floor":15,"key":"SMITH"},{"data":"Panache","floor":23,"key":"SMITH"},{"data":"Blade Dance","floor":27,"key":"SMITH"},{"data":"Wraith Form v2","floor":29,"key":"SMITH"},{"data":"Burst","floor":32,"key":"SMITH"}],"circlet_count":0,"master_deck":["Strike_G+1","Strike_G+1","Defend_G","Defend_G","Defend_G","Defend_G","Defend_G","Survivor","Neutralize+1","Dodge and Roll","Glass Knife+1","PiercingWail","Burst+1","Finesse","Cloak And Dagger+1","Venomology","Dash+1","Corpse Explosion","Sucker Punch+1","Panache+1","Blade Dance+1","Clumsy","Wraith Form v2+1"],"relics":["Ring of the Snake","NeowsBlessing","Vajra","Golden Idol","Potion Belt","Singing Bowl","Bag of Marbles","Molten Egg 2","Cursed Key","Pocketwatch","Lantern","Whetstone"],"acts_visited":["Exordium","TheCity"],"potions_floor_usage":[12,14,16,18,19,22,22,24,24,24,24,28,28,28,28,33,33,33],"damage_taken":[{"damage":0,"enemies":"2 Louse","floor":1,"turns":1},{"damage":0,"enemies":"Jaw Worm","floor":2,"turns":1},{"damage":0,"enemies":"Gremlin Nob","floor":6,"turns":1},{"damage":0,"enemies":"Small Slimes","floor":11,"turns":3},{"damage":4,"enemies":"3 Sentries","floor":12,"turns":7},{"damage":16,"enemies":"Lagavulin","floor":14,"turns":9},{"damage":16,"enemies":"Hexaghost","floor":16,"turns":13},{"damage":1,"enemies":"Spheric Guardian","floor":18,"turns":4},{"damage":7,"enemies":"2 Thieves","floor":19,"turns":4},{"damage":0,"enemies":"Snake Plant","floor":22,"turns":3},{"damage":22,"enemies":"Gremlin Leader","floor":24,"turns":5},{"damage":10,"enemies":"Book of Stabbing","floor":28,"turns":6},{"damage":3,"enemies":"Centurion and Healer","floor":30,"turns":6},{"damage":66,"enemies":"Champ","floor":33,"turns":12}],"seed_played":"-7802451508432980046","potions_obtained":[{"floor":2,"key":"Dexterity Potion"},{"floor":6,"key":"PowerPotion"},{"floor":14,"key":"ColorlessPotion"},{"floor":18,"key":"Strength Potion"},{"floor":22,"key":"Fire Potion"}],"is_trial":false,"path_per_floor":["M","M","?","?","?","E","R","$","T","?","M","E","R","E","R","B",null,"M","M","$","?","M","R","E","?","T","R","E","R","M","$","R","B"],"character_chosen":"THE_SILENT","items_purchased":["Panache","Regen Potion"],"campfire_rested":0,"item_purchase_floors":[20,20],"current_hp_per_floor":[63,63,56,56,56,56,56,56,56,56,56,54,54,38,38,22,60,59,54,54,54,54,54,58,58,58,58,48,48,47,47,47,0,0],"gold":120,"neow_bonus":"THREE_ENEMY_KILL","is_daily":false,"chose_seed":false,"campfire_upgraded":7,"win_rate":0.0,"timestamp":1608265826,"path_taken":["M","M","?","?","?","E","R","?","T","?","M","E","R","E","R","BOSS","M","M","$","?","M","R","E","?","T","R","E","R","M","$","R","BOSS"],"items_purchased_type":["Card","Potion"],"build_version":"2020-12-13","purchased_purges":2,"victory":false,"max_hp_per_floor":[70,70,70,70,70,70,70,70,70,70,70,72,72,72,72,72,72,72,74,74,74,74,74,76,76,76,76,76,76,78,78,78,78,78],"relic_stats":{"Singing Bowl":8,"counters":[14,75],"Golden Idol":84,"Whetstone":["Strike_G","Strike_G"],"Cursed Key":1,"obtain_stats":[{"Potion Belt":6,"Lantern":26,"NeowsBlessing":0,"Singing Bowl":9,"Golden Idol":4,"Vajra":3,"Molten Egg 2":14,"Bag of Marbles":12,"Whetstone":28,"Cursed Key":17,"Ring of the Snake":0,"Pocketwatch":24},{"Potion Belt":3,"Lantern":11,"NeowsBlessing":0,"Singing Bowl":3,"Golden Idol":2,"Vajra":2,"Molten Egg 2":6,"Bag of Marbles":5,"Whetstone":12,"Cursed Key":7,"Ring of the Snake":0,"Pocketwatch":11},{"Potion Belt":3,"Lantern":51,"NeowsBlessing":0,"Singing Bowl":3,"Golden Idol":2,"Vajra":2,"Molten Egg 2":22,"Bag of Marbles":13,"Whetstone":57,"Cursed Key":35,"Ring of the Snake":0,"Pocketwatch":51}],"Ring of the Snake":[28],"Pocketwatch":[9]},"card_choices":[{"not_picked":["Backflip","Prepared"],"picked":"Dodge and Roll","floor":1},{"not_picked":["Dagger Spray","Reflex","Slice"],"picked":"SKIP","floor":2},{"not_picked":["Outmaneuver","Dagger Throw"],"picked":"PiercingWail","floor":6},{"not_picked":["Flying Knee","Cloak And Dagger"],"picked":"Venomology","floor":11},{"not_picked":["Acrobatics","Bane","Endless Agony"],"picked":"Singing Bowl","floor":12},{"not_picked":["Underhanded Strike+1","Deadly Poison"],"picked":"Dash+1","floor":14},{"not_picked":["Doppelganger","Tools of the Trade"],"picked":"Corpse Explosion","floor":16},{"not_picked":["Deadly Poison","Masterful Stab+1"],"picked":"Sucker Punch+1","floor":18},{"not_picked":["Riddle With Holes+1","Poisoned Stab+1","Deflect"],"picked":"Singing Bowl","floor":19},{"not_picked":["Dagger Throw+1","Backflip+1"],"picked":"Blade Dance","floor":22},{"not_picked":["Prepared","Eviscerate+1","Sucker Punch+1"],"picked":"Singing Bowl","floor":24},{"not_picked":["Finisher+1","Terror"],"picked":"Wraith Form v2","floor":28},{"not_picked":["Dagger Spray+1","Underhanded Strike+1","Heel Hook+1"],"picked":"Singing Bowl","floor":30}],"player_experience":259767,"relics_obtained":[{"floor":6,"key":"Potion Belt"},{"floor":9,"key":"Singing Bowl"},{"floor":12,"key":"Bag of Marbles"},{"floor":14,"key":"Molten Egg 2"},{"floor":24,"key":"Pocketwatch"},{"floor":26,"key":"Lantern"},{"floor":28,"key":"Whetstone"}],"event_choices":[{"damage_healed":0,"gold_gain":0,"player_choice":"Success","damage_taken":7,"relics_obtained":["Vajra"],"max_hp_gain":0,"max_hp_loss":0,"event_name":"Scrap Ooze","floor":3,"gold_loss":0},{"damage_healed":0,"gold_gain":0,"player_choice":"Take Wound","damage_taken":0,"relics_obtained":["Golden Idol"],"max_hp_gain":0,"max_hp_loss":0,"event_name":"Golden Idol","floor":4,"gold_loss":0,"cards_obtained":["Injury"]},{"damage_healed":0,"gold_gain":0,"cards_transformed":["Strike_G"],"player_choice":"Change","damage_taken":0,"max_hp_gain":0,"max_hp_loss":0,"event_name":"Living Wall","floor":5,"gold_loss":0,"cards_obtained":["Glass Knife"]},{"damage_healed":0,"gold_gain":0,"player_choice":"3 cards matched","damage_taken":0,"max_hp_gain":0,"max_hp_loss":0,"event_name":"Match and Keep!","floor":10,"gold_loss":0,"cards_obtained":["Burst","Finesse","Cloak And Dagger"]},{"damage_healed":0,"gold_gain":0,"player_choice":"Ignored","damage_taken":0,"max_hp_gain":0,"max_hp_loss":0,"event_name":"Vampires","floor":21,"gold_loss":0},{"cards_removed":["Strike_G"],"damage_healed":0,"gold_gain":0,"player_choice":"Elegance","damage_taken":0,"max_hp_gain":0,"max_hp_loss":0,"event_name":"Back to Basics","floor":25,"gold_loss":0}],"is_beta":false,"boss_relics":[{"not_picked":["Ectoplasm","WristBlade"],"picked":"Cursed Key"}],"items_purged_floors":[8,20],"is_endless":false,"potions_floor_spawned":[2,6,14,18,22],"killed_by":"Champ","ascension_level":7}}