{"host":"5mo0809oo9tcrmpl","time":1608333251,"event":{"mods":["BaseMod","Highlight Path","Minty Spire (QoL Compilation)","Relic Stats","Slay the Relics Exporter"],"gold_per_floor":[219,219,236,255,275,275,308,337,397,409,435,473,356,388,400,412,412],"floor_reached":16,"playtime":835,"items_purged":[],"score":228,"play_id":"01f1626f-1136-4a33-a71a-fb344265b868","local_time":"20201218171411","is_ascension_mode":true,"campfire_choices":[{"data":"Zap","floor":6.0,"key":"SMITH"},{"floor":10.0,"key":"REST"},{"floor":15.0,"key":"REST"}],"circlet_count":0,"master_deck":["AscendersBane","Strike_B","Strike_B","Strike_B","Defend_B","Defend_B","Defend_B","Defend_B","Zap+1","Dualcast","Coolheaded","Streamline","Reinforced Body","Sweeping Beam","Coolheaded","Turbo","Conserve Battery","Double Energy","White Noise"],"relics":["Cracked Core","MawBank","Smiling Mask","Blue Candle","Bag of Marbles"],"acts_visited":[],"potions_floor_usage":[16,16],"damage_taken":[{"damage":0.0,"enemies":"2 Louse","floor":1.0,"turns":2.0},{"damage":1.0,"enemies":"Cultist","floor":3.0,"turns":3.0},{"damage":2.0,"enemies":"Jaw Worm","floor":4.0,"turns":3.0},{"damage":15.0,"enemies":"Lots of Slimes","floor":5.0,"turns":6.0},{"damage":15.0,"enemies":"Lagavulin","floor":7.0,"turns":6.0},{"damage":11.0,"enemies":"3 Louse","floor":8.0,"turns":3.0},{"damage":9.0,"enemies":"Large Slime","floor":11.0,"turns":6.0},{"damage":17.0,"enemies":"3 Sentries","floor":12.0,"turns":9.0},{"damage":6.0,"enemies":"Exordium Wildlife","floor":14.0,"turns":5.0},{"damage":44,"enemies":"Slime Boss","floor":16,"turns":7}],"seed_played":"5445381262841258351","potions_obtained":[{"floor":3.0,"key":"Regen Potion"},{"floor":4.0,"key":"EssenceOfSteel"},{"floor":11.0,"key":"SpeedPotion"},{"floor":12.0,"key":"Energy Potion"}],"is_trial":false,"path_per_floor":["M","?","M","M","M","R","E","M","T","R","M","E","?","M","R","B"],"character_chosen":"DEFECT","items_purchased":[],"campfire_rested":2,"item_purchase_floors":[],"current_hp_per_floor":[64,57,56,54,39,39,39,28,28,49,40,23,23,17,38,0,0],"gold":412,"neow_bonus":"HUNDRED_GOLD","is_daily":false,"chose_seed":false,"campfire_upgraded":1,"win_rate":0.0,"timestamp":1608333251,"path_taken":["M","?","M","M","M","R","E","M","T","R","M","E","?","M","R","BOSS"],"items_purchased_type":[],"build_version":"2020-12-13","purchased_purges":0,"victory":false,"max_hp_per_floor":[71,71,71,71,71,71,71,71,71,71,71,71,71,71,71,71,71],"relic_stats":{"counters":[10,50],"Blue Candle":[0],"MawBank":108,"Smiling Mask":0,"obtain_stats":[{"Blue Candle":12,"Bag of Marbles":13,"Cracked Core":0,"MawBank":7,"Smiling Mask":9},{"Blue Candle":8,"Bag of Marbles":8,"Cracked Core":0,"MawBank":5,"Smiling Mask":6},{"Blue Candle":38,"Bag of Marbles":38,"Cracked Core":0,"MawBank":20,"Smiling Mask":23}]},"card_choices":[{"not_picked":["Turbo","Hologram"],"picked":"Coolheaded","floor":1.0},{"not_picked":["Blizzard","Scrape"],"picked":"Streamline","floor":3.0},{"not_picked":["Darkness","Rip and Tear"],"picked":"Reinforced Body","floor":4.0},{"not_picked":["Go for the Eyes","Gash"],"picked":"Sweeping Beam","floor":5.0},{"not_picked":["Barrage","Go for the Eyes"],"picked":"Coolheaded","floor":7.0},{"not_picked":["Rebound","Lockon"],"picked":"Turbo","floor":8.0},{"not_picked":["Turbo","Lockon"],"picked":"Conserve Battery","floor":11.0},{"not_picked":["Conserve Battery","Meteor Strike"],"picked":"Double Energy","floor":12.0},{"not_picked":["Sweeping Beam","Melter"],"picked":"White Noise","floor":14.0}],"player_experience":1279678,"relics_obtained":[{"floor":7.0,"key":"MawBank"},{"floor":9.0,"key":"Smiling Mask"},{"floor":12.0,"key":"Blue Candle"}],"event_choices":[{"cards_removed":["Strike_B"],"damage_healed":0.0,"max_hp_gain":0.0,"max_hp_loss":0.0,"gold_gain":0.0,"event_name":"Golden Wing","player_choice":"Card Removal","floor":2.0,"gold_loss":0.0,"damage_taken":7.0},{"damage_healed":0.0,"max_hp_gain":0.0,"max_hp_loss":0.0,"gold_gain":0.0,"event_name":"WeMeetAgain","player_choice":"Paid Gold","floor":13.0,"gold_loss":129.0,"damage_taken":0.0,"relics_obtained":["Bag of Marbles"]}],"is_beta":false,"boss_relics":[],"items_purged_floors":[],"is_endless":false,"potions_floor_spawned":[3,4,5,11,12],"killed_by":"Slime Boss","ascension_level":20}}