{"host":"99ad87xtd5ypi7ii","time":1608254670,"event":{"mods":["BaseMod","Hermit","Highlight Path","Marisa????????","Minty Spire (QoL Compilation)","Robot Space Explorer","StSLib","The Bladedancer","The Construct","The Cursed","The Disciple","The Gatherer","The Hierophant","The Runesmith","The Servant 0.9.4","TheVacant"],"gold_per_floor":[111,286,297,267,281,281,248,246,300,275,275,246,73,98,98,78,78],"floor_reached":16,"playtime":740,"items_purged":["Doubt"],"score":104,"play_id":"8aa7b338-6dd0-4606-bd73-3c66071da0f8","local_time":"20201218022430","is_ascension_mode":false,"campfire_choices":[{"data":"hierophant:Punish","floor":6,"key":"SMITH"},{"floor":11,"key":"REST"},{"floor":15,"key":"REST"}],"circlet_count":0,"master_deck":["hierophant:Strike_Hierophant","hierophant:Strike_Hierophant","hierophant:Strike_Hierophant","hierophant:Strike_Hierophant","hierophant:Punish+1","hierophant:Defend_Hierophant","hierophant:Defend_Hierophant","hierophant:Defend_Hierophant","hierophant:Defend_Hierophant","hierophant:ChurchCoffers","hierophant:RepressedViolence","hierophant:HolyVerse","hierophant:HolyVerse","hierophant:ThreeLashes","hierophant:Exaltation","hierophant:PassingBell","hierophant:RepressedViolence","hierophant:BulkyChest"],"relics":["hierophant:PropheticMaskRelic","hierophant:DonationBoxRelic","Art of War"],"acts_visited":["Exordium"],"potions_floor_usage":[12,12,14,16],"damage_taken":[{"damage":0,"enemies":"2 Louse","floor":1,"turns":3},{"damage":22,"enemies":"Cultist","floor":3,"turns":6},{"damage":0,"enemies":"Small Slimes","floor":5,"turns":3},{"damage":41,"enemies":"Lagavulin","floor":7,"turns":9},{"damage":0,"enemies":"2 Fungi Beasts","floor":8,"turns":2},{"damage":0,"enemies":"Looter","floor":10,"turns":2},{"damage":28,"enemies":"Exordium Thugs","floor":12,"turns":5},{"damage":4,"enemies":"Blue Slaver","floor":14,"turns":2},{"damage":0,"enemies":"Hexaghost","floor":16,"turns":2}],"seed_played":"6400142707197878547","potions_obtained":[{"floor":3,"key":"SneckoOil"},{"floor":4,"key":"LiquidBronze"},{"floor":4,"key":"Dexterity Potion"},{"floor":5,"key":"Regen Potion"},{"floor":7,"key":"FearPotion"},{"floor":12,"key":"Weak Potion"}],"is_trial":false,"path_per_floor":["M","?","M","?","M","R","E","M","T","M","R","M","$","M","R","B"],"character_chosen":"HIEROPHANT","items_purchased":["hierophant:RepressedViolence","PowerPotion"],"campfire_rested":2,"item_purchase_floors":[13,13],"current_hp_per_floor":[82,82,60,60,60,60,19,19,19,19,43,30,30,26,50,50,50],"gold":78,"neow_bonus":"TEN_PERCENT_HP_BONUS","is_daily":false,"chose_seed":false,"campfire_upgraded":1,"win_rate":0.0,"timestamp":1608254670,"path_taken":["M","?","M","?","M","R","E","M","T","M","R","M","$","M","R","BOSS"],"items_purchased_type":["Card","Potion"],"build_version":"2020-12-13","purchased_purges":1,"victory":false,"max_hp_per_floor":[82,82,82,82,82,82,82,82,82,82,82,82,82,82,82,82,82],"card_choices":[{"not_picked":["hierophant:Sermon","hierophant:SealAway"],"picked":"hierophant:RepressedViolence","floor":1},{"not_picked":["hierophant:CursedGold","hierophant:EyeForCoin"],"picked":"hierophant:HolyVerse","floor":3},{"not_picked":["hierophant:Shelter","hierophant:Purify"],"picked":"hierophant:HolyVerse","floor":5},{"not_picked":["hierophant:DeathKnell","hierophant:Purify","hierophant:Doomsaying"],"picked":"SKIP","floor":7},{"not_picked":["hierophant:Remorse","hierophant:Glossolalia"],"picked":"hierophant:ThreeLashes","floor":8},{"not_picked":["hierophant:Mercenaries","hierophant:Doubloon"],"picked":"hierophant:Exaltation","floor":10},{"not_picked":["hierophant:HolyVerse","hierophant:OrnateBuckler"],"picked":"hierophant:PassingBell","floor":12},{"not_picked":["hierophant:DisplayOfPower","hierophant:ArchangelShield"],"picked":"hierophant:BulkyChest","floor":14}],"player_experience":770096,"relics_obtained":[{"floor":7,"key":"hierophant:DonationBoxRelic"},{"floor":9,"key":"Art of War"}],"event_choices":[{"damage_healed":0,"gold_gain":175,"player_choice":"AGREE","damage_taken":0,"max_hp_gain":0,"max_hp_loss":0,"event_name":"Liars Game","floor":2,"gold_loss":0,"cards_obtained":["Doubt"]},{"damage_healed":0,"gold_gain":0,"player_choice":"Bought 2 Potions","damage_taken":0,"max_hp_gain":0,"max_hp_loss":0,"event_name":"The Woman in Blue","floor":4,"gold_loss":0}],"is_beta":false,"boss_relics":[],"items_purged_floors":[13],"is_endless":false,"potions_floor_spawned":[3,5,7,12],"killed_by":"Hexaghost","ascension_level":0}}