{"host":"1mxf43y0hzpoj3pg","time":1608292817,"event":{"mods":["AchievementEnabler","BaseMod","BetterRewards","Colored Map","Conspire","Downfall","Hubris","Infinite Spire","Minty Spire (QoL Compilation)","Permanent Neow","Replay The Spire","Shop Mod","StSLib","The Jungle"],"gold_per_floor":[99,99,99,109,128,161,161,179,201,201,201,501,501,501,513,616,616,616,616,636,636,657,765,839,862,881,806,821,833,852,545,573,678,678,678,716,716,716,750,825,628,647,699,699,732,732,732,732,732,732,747,747],"floor_reached":53,"playtime":6445,"items_purged":["Replay:Hysterical Blindness","hexamod:Sear"],"score":690,"play_id":"96830dbd-db8c-4463-a170-8b289dd5c7fa","local_time":"20201218070017","is_ascension_mode":false,"campfire_choices":[{"data":"hexamod:Float","floor":1,"key":"SMITH"},{"data":"hexamod:Defend","floor":3,"key":"SMITH"},{"floor":10,"key":"REST"},{"floor":18,"key":"DIG"},{"data":"hexamod:ThermalTransfer","floor":21,"key":"SMITH"},{"data":"hexamod:RadiantFlame","floor":27,"key":"SMITH"},{"data":"hexamod:RecurringNightmare","floor":35,"key":"SMITH"},{"data":"hexamod:ThermalTransfer","floor":44,"key":"SMITH"},{"data":"hexamod:GhostOfSpirePresent","floor":46,"key":"SMITH"}],"circlet_count":0,"master_deck":["hexamod:Strike+1","hexamod:Strike+1","hexamod:Strike+1","hexamod:Defend+1","hexamod:Defend+1","hexamod:Defend+1","hexamod:Defend+1","hexamod:Sear+1","hexamod:Float+1","hexamod:GhostShield+1","hexamod:CatchUp+1","hexamod:AdvancingGuard","hexamod:ThermalTransfer+1","hubris:Fate","Slimebound:Icky","Slimebound:Icky","hexamod:SpectersWail","hexamod:VolcanoVisage","hexamod:GhostflameBarrier","hexamod:RainOfEmbers+1","expansioncontent:GoopSpray","hexamod:HexaLevel","hexamod:FirstSeal","hexamod:RadiantFlame+1","hexamod:Hexaguard","hexamod:ThermalTransfer+1","hexamod:SoulSteal+1","hexamod:SpectralAdrenaline+1","hexamod:Firestarter+1","hubris:Fate+1","hexamod:FirstSeal","hexamod:RecurringNightmare+1","hexamod:UnleashSpirits","hexamod:FirstSeal","hexamod:FourthSeal","hexamod:Hexaguard","hexamod:ThirdSeal","hexamod:AdvancingGuard+1","hexamod:GhostOfSpirePresent+1","hexamod:RecurringNightmare+1","Bandage Up","hexamod:Firestarter","hexamod:FourthSeal","hexamod:SpectralAdrenaline+1","hexamod:GhostOfSpirePresent+1","expansioncontent:DecasProtection","hexamod:InspiringFlames+1"],"relics":["hexamod:SpiritBrand","ReplayFunnel","Replay:Bottled Eggs","hubris:SphereOfDissonance","Mirror","conspire:SlowCooker","War Paint","downfall:GremlinSack","hubris:MysteriousPyramids","downfall:HeartBlessingGreen","DollysMirror","Potion Belt","Girya","Chemical X","MerchantsRug","hexamod:TheBrokenSeal","Juzu Bracelet","Replay:Baseball","hubris:Towel","hubris:FunFungus"],"acts_visited":["Exordium","TheCity","TheBeyond"],"potions_floor_usage":[6,16,16,16,16,22,23,23,25,26,26,26,26,29,30,30,32,33,36,41,42,42,45,48,52,52,52],"damage_taken":[{"damage":0,"enemies":"Small Slimes","floor":4,"turns":4},{"damage":0,"enemies":"Cultist","floor":5,"turns":3},{"damage":64,"enemies":"Lagavulin","floor":6,"turns":17},{"damage":0,"enemies":"Jaw Worm","floor":8,"turns":4},{"damage":1,"enemies":"2 Fungi Beasts","floor":9,"turns":6},{"damage":0,"enemies":"Large Slime","floor":15,"turns":4},{"damage":0,"enemies":"downfall:Watcher","floor":16,"turns":17},{"damage":0,"enemies":"Chosen","floor":20,"turns":4},{"damage":2,"enemies":"Spheric Guardian","floor":22,"turns":7},{"damage":21,"enemies":"Spheric Guardian","floor":23,"turns":5},{"damage":8,"enemies":"Centurion and Healer","floor":25,"turns":8},{"damage":41,"enemies":"3 Cultists","floor":26,"turns":6},{"damage":24,"enemies":"Snake Plant","floor":28,"turns":5},{"damage":14,"enemies":"Centurion and Healer","floor":29,"turns":10},{"damage":0,"enemies":"Snecko","floor":30,"turns":7},{"damage":0,"enemies":"downfall:FleeingMerchant","floor":31,"turns":4},{"damage":15,"enemies":"Snake Plant","floor":32,"turns":4},{"damage":17,"enemies":"downfall:Defect","floor":33,"turns":8},{"damage":37,"enemies":"conspire:MimicChest","floor":36,"turns":8},{"damage":15,"enemies":"Giant Head","floor":39,"turns":5},{"damage":0,"enemies":"downfall:FleeingMerchant","floor":41,"turns":4},{"damage":39,"enemies":"3 Shapes","floor":42,"turns":8},{"damage":0,"enemies":"Reptomancer","floor":45,"turns":1},{"damage":0,"enemies":"infinitespire:Three Voidlings","floor":48,"turns":1},{"damage":4,"enemies":"Orb Walker","floor":51,"turns":3},{"damage":22,"enemies":"downfall:Silent","floor":52,"turns":4}],"seed_played":"-159057631364577612","potions_obtained":[{"floor":4,"key":"GamblersBrew"},{"floor":9,"key":"CultistPotion"},{"floor":15,"key":"EntropicBrew"},{"floor":16,"key":"hexamod:EctoCoolerPotion"},{"floor":16,"key":"Elixir"},{"floor":20,"key":"conspire:TimeTravelPotion"},{"floor":22,"key":"sneckomod:MuddlingPotion"},{"floor":23,"key":"Elixir"},{"floor":23,"key":"Slimebound:ThreeZeroPotion"},{"floor":25,"key":"Reflective Coating"},{"floor":25,"key":"Adrenaline Potion"},{"floor":26,"key":"Swift Potion"},{"floor":28,"key":"LifebloodPotion"},{"floor":29,"key":"PowerPotion"},{"floor":30,"key":"SmokeBomb"},{"floor":31,"key":"SteroidPotion"},{"floor":32,"key":"DuplicationPotion"},{"floor":33,"key":"Regen Potion"},{"floor":39,"key":"SkillPotion"},{"floor":39,"key":"Energy Potion"},{"floor":40,"key":"downfall:CursedFountainPotion"},{"floor":41,"key":"Weak Potion"},{"floor":42,"key":"Explosive Potion"},{"floor":45,"key":"champ:CounterPotion"},{"floor":51,"key":"ColorlessPotion"},{"floor":51,"key":"Weak Potion"}],"is_trial":false,"path_per_floor":["R","?","R","M","M","E","T","M","M","R","?","?","?","T","M","B",null,"R_BF","?","M","R","M","?","T","M","M","R","M","M","M","$","M","B",null,"R","?","PTL","PTL","E","?","$","M","T","R","E","R","?","?","?","T","M","B",null],"character_chosen":"THE_SPIRIT","items_purchased":["DollysMirror","Regen Potion","Chemical X","MerchantsRug","Energy Potion","Bandage Up"],"campfire_rested":1,"item_purchase_floors":[31,31,41,41,41,41],"current_hp_per_floor":[70,70,70,70,70,6,6,6,5,26,8,8,8,8,8,15,70,70,70,70,70,70,60,60,59,32,32,22,15,37,37,34,31,70,70,63,63,63,62,62,66,80,80,80,80,80,70,73,76,79,75,57],"gold":747,"neow_bonus":"RANDOM_COMMON_RELIC","is_daily":false,"chose_seed":false,"campfire_upgraded":7,"win_rate":0.0,"timestamp":1608292817,"path_taken":["R","?","R","M","M","E","T","?","M","R","?","?","?","?","M","BOSS","R_BF","?","M","R","M","?","T","M","?","R","?","M","?","?","M","BOSS","R","?","PTL","PTL","E","?","$","M","T","R","E","R","?","?","?","?","M","BOSS"],"items_purchased_type":["Relic","Potion","Relic","Relic","Potion","Card"],"build_version":"2020-12-13","purchased_purges":2,"victory":true,"max_hp_per_floor":[70,70,70,70,70,70,70,70,70,70,70,70,70,70,70,70,70,70,70,70,70,70,70,70,70,70,70,70,70,70,70,70,70,70,70,70,70,70,70,70,70,80,80,80,80,80,80,80,80,80,80,80],"card_choices":[{"not_picked":["hexamod:GhostOfSpireFuture","hexamod:AdvancingGuard"],"picked":"hexamod:GhostShield","floor":4},{"not_picked":["hexamod:GhostLash","hexamod:ExtraCrispy"],"picked":"hexamod:SecondSeal","floor":5},{"not_picked":["hexamod:SecondSeal","hexamod:BacktrackSmack"],"picked":"hexamod:CatchUp","floor":6},{"not_picked":["hexamod:RainOfEmbers","hexamod:SecondSeal"],"picked":"hexamod:AdvancingGuard","floor":8},{"not_picked":["hexamod:HauntingEcho","hexamod:CatchUp"],"picked":"hexamod:ThermalTransfer","floor":9},{"not_picked":["infinitespire:FinalStrike","ReplayTheSpireMod:Haul"],"picked":"hubris:Fate","floor":11},{"not_picked":["hexamod:CatchUp","hexamod:Hexaguard"],"picked":"hexamod:FirstSeal","floor":15},{"not_picked":["hexamod:SearingWound","hexamod:GhostflameInferno"],"picked":"hexamod:FifthSeal","floor":16},{"not_picked":["hexamod:HauntingEcho","hexamod:NecessarySacrifice"],"picked":"hexamod:SpectersWail","floor":20},{"not_picked":["hexamod:SwordOfDarkness+1","hexamod:ThermalTransfer","hexamod:NightmareStrike"],"picked":"SKIP","floor":22},{"not_picked":["hexamod:NightmareGuise","hexamod:StepThrough"],"picked":"hexamod:HexaLevel","floor":23},{"not_picked":["hexamod:FourthSeal","hexamod:SecondSeal"],"picked":"hexamod:FirstSeal","floor":25},{"not_picked":["hexamod:NightmareStrike","hexamod:RainOfEmbers+1"],"picked":"hexamod:RadiantFlame","floor":25},{"not_picked":["hexamod:FirstSeal","hexamod:SpectersWail+1"],"picked":"hexamod:Hexaguard","floor":26},{"not_picked":["hexamod:NightmareGuise","hexamod:FourthSeal"],"picked":"hexamod:ThermalTransfer","floor":28},{"not_picked":["hexamod:SecondSeal","hexamod:ThirdSeal"],"picked":"hexamod:SixthSeal","floor":29},{"not_picked":["hexamod:Hexaguard","hexamod:HauntingEcho+1"],"picked":"hexamod:SoulSteal+1","floor":29},{"not_picked":["hexamod:BacktrackSmack","hexamod:AdvancingGuard"],"picked":"hexamod:SpectralAdrenaline+1","floor":30},{"not_picked":["hexamod:SixthSeal","hexamod:FirstSeal"],"picked":"hexamod:ThirdSeal","floor":31},{"not_picked":["hexamod:NightmareGuise","hexamod:RainOfEmbers"],"picked":"hexamod:Firestarter","floor":31},{"not_picked":["hexamod:FourthSeal","hexamod:SecondSeal"],"picked":"hexamod:FirstSeal","floor":32},{"not_picked":["hexamod:NightmareStrike","hexamod:WildfireWeapon"],"picked":"hexamod:RecurringNightmare","floor":32},{"not_picked":["hexamod:SpectersWail","hexamod:SecondSeal","hexamod:FastForward"],"picked":"SKIP","floor":32},{"not_picked":["hexamod:GhostflameInferno","hexamod:EmpoweringStance"],"picked":"hexamod:UnleashSpirits","floor":33},{"not_picked":["hexamod:SwordOfDarkness","hexamod:Haunt"],"picked":"hexamod:FirstSeal","floor":36},{"not_picked":["hexamod:ThirdSeal","hexamod:SixthSeal"],"picked":"hexamod:FourthSeal","floor":36},{"not_picked":["hexamod:HauntingEcho+1","hexamod:ChargedBarrage+1"],"picked":"hexamod:Hexaguard","floor":36},{"not_picked":["hexamod:FirstSeal","hexamod:FourthSeal"],"picked":"hexamod:ThirdSeal","floor":39},{"not_picked":["hexamod:NightmareStrike","hexamod:Hexaguard+1","hexamod:RainOfEmbers+1"],"picked":"SKIP","floor":39},{"not_picked":["hexamod:BacktrackSmack+1","hexamod:NecessarySacrifice"],"picked":"hexamod:AdvancingGuard+1","floor":41},{"not_picked":["hexamod:Rewind","hexamod:HauntingEcho"],"picked":"hexamod:GhostOfSpirePresent+1","floor":41},{"not_picked":["hexamod:HauntingEcho","hexamod:BurningTouch"],"picked":"hexamod:RecurringNightmare+1","floor":41},{"not_picked":["hexamod:StepThrough+1","hexamod:BacktrackSmack"],"picked":"hexamod:Firestarter","floor":42},{"not_picked":["hexamod:FirstSeal","hexamod:ThirdSeal"],"picked":"hexamod:FourthSeal","floor":42},{"not_picked":["hexamod:ThirdSeal","hexamod:SwordOfDarkness"],"picked":"hexamod:SpectralAdrenaline+1","floor":42},{"not_picked":["hexamod:GhostflameInferno","hexamod:ChargedBarrage+1"],"picked":"hexamod:GhostOfSpirePresent","floor":45},{"not_picked":["expansioncontent:GoopSpray","expansioncontent:Flail"],"picked":"expansioncontent:DecasProtection","floor":47},{"not_picked":["hexamod:Hexaguard+1","hexamod:BacktrackSmack"],"picked":"hexamod:InspiringFlames+1","floor":51}],"player_experience":160021,"relics_obtained":[{"floor":6,"key":"Replay:Bottled Eggs"},{"floor":7,"key":"hubris:SphereOfDissonance"},{"floor":14,"key":"Mirror"},{"floor":18,"key":"War Paint"},{"floor":23,"key":"downfall:GremlinSack"},{"floor":24,"key":"hubris:MysteriousPyramids"},{"floor":36,"key":"Potion Belt"},{"floor":39,"key":"Girya"},{"floor":43,"key":"Juzu Bracelet"},{"floor":45,"key":"Replay:Baseball"},{"floor":50,"key":"hubris:FunFungus"}],"event_choices":[{"cards_removed":["hexamod:Strike"],"damage_healed":0,"gold_gain":0,"player_choice":"Offered Basic","damage_taken":0,"max_hp_gain":0,"max_hp_loss":0,"event_name":"Bonfire Elementals","floor":2,"gold_loss":0},{"damage_healed":0,"gold_gain":0,"player_choice":"Simplicity","damage_taken":0,"max_hp_gain":0,"max_hp_loss":0,"event_name":"Back to Basics","floor":19,"gold_loss":0,"cards_upgraded":["hexamod:Strike","hexamod:Strike","hexamod:Strike"]}],"is_beta":false,"boss_relics":[{"not_picked":["hubris:BlackHole","Runic Pyramid"],"picked":"conspire:SlowCooker"},{"not_picked":["Replay:Drink Me","infinitespire:Cupcake","Sozu"]}],"items_purged_floors":[31,41],"is_endless":false,"potions_floor_spawned":[4,9,16,23,25,26,32,45,51],"ascension_level":0}}