{"host":"no0bdlpxzp7bzzks","time":1608250404,"event":{"mods":["BaseMod","Better Match","Block Reminder","Colored Map","Curses Come First","DeckTracker","Downfall","Duelist Mod","Filter the Spire","Highlight Path","Jedi Mod","Jorbs\u0027s Wanderer Trilogy","Key Reminder","Minty Spire (QoL Compilation)","Permanent Neow","Relic Sorter","Relic Stats","Replay The Spire","StSLib","The Construct"],"gold_per_floor":[115,115,139,166,186,221,233,233,233],"floor_reached":8,"playtime":1493,"items_purged":[],"score":60,"play_id":"5ff6445e-2274-4d29-b17b-a6d991d4a251","local_time":"20201217181324","is_ascension_mode":false,"campfire_choices":[],"circlet_count":0,"master_deck":["stsjorbsmod:ForbiddenGrimoire+1","stsjorbsmod:Strike_Wanderer","stsjorbsmod:Strike_Wanderer","stsjorbsmod:Strike_Wanderer","stsjorbsmod:Defend_Wanderer","stsjorbsmod:Defend_Wanderer","stsjorbsmod:Defend_Wanderer","stsjorbsmod:FreshAdventure","stsjorbsmod:EyeOfTheStorm","stsjorbsmod:ParryingBlow","stsjorbsmod:Introspection","stsjorbsmod:WanderingMind","stsjorbsmod:Aid","stsjorbsmod:UnseenServant","stsjorbsmod:Channel","stsjorbsmod:Stalwart","stsjorbsmod:TinyHut"],"relics":["stsjorbsmod:GrimoireRelic","Replay:Kaleidoscope","Bronze Scales"],"acts_visited":["Exordium"],"potions_floor_usage":[6,8],"damage_taken":[{"damage":2,"enemies":"2 Louse","floor":1,"turns":2},{"damage":5,"enemies":"Jaw Worm","floor":3,"turns":4},{"damage":13,"enemies":"Cultist","floor":4,"turns":5},{"damage":6,"enemies":"2 Fungi Beasts","floor":5,"turns":4},{"damage":18,"enemies":"3 Sentries","floor":6,"turns":6},{"damage":3,"enemies":"3 Louse","floor":7,"turns":6},{"damage":20,"enemies":"Gremlin Nob","floor":8,"turns":3}],"seed_played":"-2987233806595166483","potions_obtained":[{"floor":3,"key":"BlessingOfTheForge"},{"floor":4,"key":"stsjorbsmod:LiquidClarity"},{"floor":6,"key":"FearPotion"}],"is_trial":false,"path_per_floor":["M","?","M","M","M","E","M","E"],"character_chosen":"WANDERER","items_purchased":[],"campfire_rested":0,"item_purchase_floors":[],"current_hp_per_floor":[49,42,39,32,30,14,16,0,0],"gold":233,"neow_bonus":"TRANSFORM_TWO_CARDS","is_daily":false,"chose_seed":false,"campfire_upgraded":0,"win_rate":0.0,"timestamp":1608250404,"path_taken":["M","?","M","M","M","E","M","E"],"items_purchased_type":[],"build_version":"2020-12-13","purchased_purges":0,"victory":false,"max_hp_per_floor":[68,68,68,70,72,72,74,74,74],"relic_stats":{"counters":[7,30],"Bronze Scales":[18],"obtain_stats":[{"Bronze Scales":6,"stsjorbsmod:GrimoireRelic":0,"Replay:Kaleidoscope":2},{"Bronze Scales":5,"stsjorbsmod:GrimoireRelic":0,"Replay:Kaleidoscope":1},{"Bronze Scales":21,"stsjorbsmod:GrimoireRelic":0,"Replay:Kaleidoscope":2}]},"card_choices":[{"not_picked":["stsjorbsmod:Prepare","stsjorbsmod:Prestidigitation"],"picked":"stsjorbsmod:WanderingMind","floor":1},{"not_picked":["stsjorbsmod:WanderingMind","stsjorbsmod:ChatteringStrike"],"picked":"stsjorbsmod:Aid","floor":3},{"not_picked":["stsjorbsmod:Prestidigitation","stsjorbsmod:AnimateObjects"],"picked":"stsjorbsmod:UnseenServant","floor":4},{"not_picked":["stsjorbsmod:ParryingBlow","stsjorbsmod:RefuseToForget"],"picked":"stsjorbsmod:Channel","floor":5},{"not_picked":["stsjorbsmod:SiphonEnergy","stsjorbsmod:UnseenServant"],"picked":"stsjorbsmod:Stalwart","floor":6},{"not_picked":["stsjorbsmod:ScorchingRay","stsjorbsmod:Prestidigitation"],"picked":"stsjorbsmod:TinyHut","floor":7}],"player_experience":130766,"relics_obtained":[{"floor":6,"key":"Bronze Scales"}],"event_choices":[{"damage_healed":0,"gold_gain":0,"player_choice":"Success","damage_taken":7,"relics_obtained":["Replay:Kaleidoscope"],"max_hp_gain":0,"max_hp_loss":0,"event_name":"Scrap Ooze","floor":2,"gold_loss":0}],"is_beta":false,"boss_relics":[],"items_purged_floors":[],"is_endless":false,"potions_floor_spawned":[3,4,6],"killed_by":"Gremlin Nob","ascension_level":0}}