{"host":"9tzam4717zt8ei1o","time":1608296505,"event":{"mods":["BaseMod","Colored Map","Keyboard Shortcuts","Minty Spire (QoL Compilation)","Quick Restart","StSLib","SuperFastMode"],"gold_per_floor":[116,134,145,14,28,28,63,75,75,35,48,61,61,74,74,148,148,166,256,273,293,303,303,322,322,322,322,332,332,343,99,99,176,176,191,191,203,203,203,203,13,13,13,39,54,80,105,139,139,139],"floor_reached":51,"playtime":1486,"items_purged":["Strike_G"],"score":1328,"play_id":"38bbb808-9ff9-4ae2-ade5-6196a525ab79","local_time":"20201218220145","is_ascension_mode":true,"campfire_choices":[{"data":"Footwork","floor":6.0,"key":"SMITH"},{"data":"Dagger Spray","floor":13.0,"key":"SMITH"},{"data":"A Thousand Cuts","floor":15.0,"key":"SMITH"},{"data":"Cloak And Dagger","floor":23.0,"key":"SMITH"},{"floor":25.0,"key":"REST"},{"data":"Adrenaline","floor":27.0,"key":"SMITH"},{"data":"Calculated Gamble","floor":29.0,"key":"SMITH"},{"data":"Bouncing Flask","floor":32.0,"key":"SMITH"},{"data":"Venomology","floor":40.0,"key":"SMITH"},{"data":"Deflect","floor":42.0,"key":"SMITH"},{"floor":49.0,"key":"REST"}],"circlet_count":0,"master_deck":["AscendersBane","Strike_G","Defend_G","Defend_G","Defend_G","Defend_G","Defend_G","Survivor","Neutralize+1","Deadly Poison","Footwork+1","Deadly Poison","Backflip","Dagger Spray+1","Backflip","Deflect+1","A Thousand Cuts+1","Adrenaline+1","Reflex+1","Dagger Throw+1","Footwork+1","Cloak And Dagger+1","Deflect","Calculated Gamble+1","Adrenaline+1","Bouncing Flask+1","Venomology+1","Deflect","After Image","Acrobatics+1"],"relics":["Ring of the Snake","Ancient Tea Set","Matryoshka","Astrolabe","White Beast Statue","WingedGreaves","DollysMirror","SacredBark","Membership Card","Bird Faced Urn","Bottled Tornado","Juzu Bracelet","Ninja Scroll","Thread and Needle","Darkstone Periapt"],"acts_visited":["Exordium","TheCity","TheBeyond"],"potions_floor_usage":[50,50,50],"damage_taken":[{"damage":1.0,"enemies":"Jaw Worm","floor":1.0,"turns":4.0},{"damage":0.0,"enemies":"Cultist","floor":2.0,"turns":3.0},{"damage":7.0,"enemies":"2 Louse","floor":3.0,"turns":2.0},{"damage":0.0,"enemies":"Red Slaver","floor":5.0,"turns":4.0},{"damage":21.0,"enemies":"3 Sentries","floor":7.0,"turns":10.0},{"damage":3.0,"enemies":"Blue Slaver","floor":8.0,"turns":4.0},{"damage":0.0,"enemies":"Looter","floor":10.0,"turns":4.0},{"damage":8.0,"enemies":"3 Louse","floor":11.0,"turns":4.0},{"damage":0.0,"enemies":"2 Fungi Beasts","floor":12.0,"turns":4.0},{"damage":1.0,"enemies":"Looter","floor":14.0,"turns":2.0},{"damage":10.0,"enemies":"Slime Boss","floor":16.0,"turns":9.0},{"damage":10.0,"enemies":"2 Thieves","floor":18.0,"turns":4.0},{"damage":3.0,"enemies":"Chosen","floor":20.0,"turns":5.0},{"damage":0.0,"enemies":"3 Cultists","floor":21.0,"turns":4.0},{"damage":27.0,"enemies":"Cultist and Chosen","floor":22.0,"turns":7.0},{"damage":6.0,"enemies":"Snake Plant","floor":24.0,"turns":6.0},{"damage":4.0,"enemies":"3 Cultists","floor":28.0,"turns":6.0},{"damage":10.0,"enemies":"Cultist and Chosen","floor":30.0,"turns":7.0},{"damage":3.0,"enemies":"Collector","floor":33.0,"turns":7.0},{"damage":0.0,"enemies":"Orb Walker","floor":35.0,"turns":3.0},{"damage":17.0,"enemies":"3 Shapes","floor":37.0,"turns":4.0},{"damage":8.0,"enemies":"Nemesis","floor":44.0,"turns":7.0},{"damage":6.0,"enemies":"Spire Growth","floor":45.0,"turns":6.0},{"damage":42.0,"enemies":"Giant Head","floor":46.0,"turns":10.0},{"damage":0.0,"enemies":"Mind Bloom Boss Battle","floor":47.0,"turns":6.0},{"damage":1.0,"enemies":"Nemesis","floor":48.0,"turns":9.0},{"damage":42,"enemies":"Donu and Deca","floor":50,"turns":10}],"seed_played":"6633841201749140366","potions_obtained":[{"floor":1.0,"key":"SkillPotion"},{"floor":5.0,"key":"Poison Potion"},{"floor":11.0,"key":"CultistPotion"},{"floor":12.0,"key":"Fire Potion"},{"floor":18.0,"key":"Energy Potion"},{"floor":20.0,"key":"Regen Potion"},{"floor":22.0,"key":"LiquidMemories"},{"floor":24.0,"key":"SkillPotion"},{"floor":28.0,"key":"CunningPotion"},{"floor":30.0,"key":"Ancient Potion"},{"floor":33.0,"key":"SteroidPotion"},{"floor":45.0,"key":"EntropicBrew"},{"floor":48.0,"key":"AttackPotion"}],"is_trial":false,"path_per_floor":["M","M","M","$","M","R","E","M","T","M","M","M","R","M","R","B",null,"M","?","M","M","M","R","M","R","T","R","M","R","M","$","R","B",null,"M","?","M","$","?","R","$","R","T","E","M","E","?","E","R","B",null],"character_chosen":"THE_SILENT","items_purchased":["Backflip","DollysMirror","Bouncing Flask","Membership Card","Deflect"],"campfire_rested":2,"item_purchase_floors":[4,31,31,41,41],"current_hp_per_floor":[58,58,51,51,51,51,30,27,27,27,19,19,19,18,18,8,52,42,30,27,36,9,9,3,22,22,22,18,18,8,8,8,5,51,51,51,34,34,63,63,63,63,63,55,55,21,29,36,54,20],"gold":139,"neow_bonus":"UPGRADE_CARD","is_daily":false,"chose_seed":false,"campfire_upgraded":9,"win_rate":0.0,"timestamp":1608296505,"path_taken":["M","M","M","$","M","R","E","M","T","M","M","M","R","M","R","BOSS","M","?","M","M","M","R","M","R","T","R","M","R","M","$","R","BOSS","M","?","M","$","?","R","$","R","T","E","M","E","?","E","R","BOSS"],"items_purchased_type":["Card","Relic","Card","Relic","Card"],"build_version":"2020-12-13","purchased_purges":1,"victory":true,"max_hp_per_floor":[66,66,66,66,66,66,66,66,66,66,66,66,66,66,66,66,66,66,66,66,66,66,66,66,66,66,66,66,66,66,66,66,66,66,66,63,63,63,63,63,63,63,63,63,63,63,63,63,63,63],"card_choices":[{"not_picked":["Underhanded Strike","Backflip"],"picked":"Deadly Poison","floor":1.0},{"not_picked":["Blade Dance","Slice"],"picked":"Footwork","floor":2.0},{"not_picked":["Dodge and Roll","Slice"],"picked":"Deadly Poison","floor":3.0},{"not_picked":["Night Terror","Terror"],"picked":"Dagger Spray","floor":5.0},{"not_picked":["Tactician","Outmaneuver","Cloak And Dagger"],"picked":"SKIP","floor":7.0},{"not_picked":["Blade Dance","Quick Slash"],"picked":"Backflip","floor":8.0},{"not_picked":["Poisoned Stab","Prepared"],"picked":"Backstab","floor":10.0},{"not_picked":["Terror","Acrobatics","Slice"],"picked":"SKIP","floor":11.0},{"not_picked":["Underhanded Strike","Sucker Punch"],"picked":"Deflect","floor":12.0},{"not_picked":["Flying Knee","Outmaneuver"],"picked":"A Thousand Cuts","floor":14.0},{"not_picked":["Malaise","Tools of the Trade"],"picked":"Adrenaline","floor":16.0},{"not_picked":["Deadly Poison","Dagger Throw"],"picked":"Cloak And Dagger","floor":18.0},{"not_picked":["Dodge and Roll","Expertise","Sucker Punch"],"picked":"SKIP","floor":20.0},{"not_picked":["Bane","Slice","Terror"],"picked":"SKIP","floor":21.0},{"not_picked":["Bane","Slice","Terror"],"picked":"SKIP","floor":21.0},{"not_picked":["Slice","Finisher","Cloak And Dagger"],"picked":"SKIP","floor":22.0},{"not_picked":["Eviscerate","Footwork"],"picked":"Deflect","floor":24.0},{"not_picked":["Dagger Throw","Slice+1"],"picked":"Calculated Gamble","floor":28.0},{"not_picked":["Acrobatics","Backflip","Poisoned Stab"],"picked":"SKIP","floor":30.0},{"not_picked":["Glass Knife","Grand Finale"],"picked":"Venomology","floor":33.0},{"not_picked":["Acrobatics","Footwork","Backflip+1"],"picked":"SKIP","floor":35.0},{"not_picked":["Underhanded Strike","Choke","Riddle With Holes+1"],"picked":"SKIP","floor":37.0},{"not_picked":["Bane","Dagger Spray","Eviscerate"],"picked":"SKIP","floor":44.0},{"not_picked":["Finisher","Bane"],"picked":"After Image","floor":45.0},{"not_picked":["Deflect+1","Backflip","Expertise+1"],"picked":"SKIP","floor":46.0},{"not_picked":["Caltrops","Blade Dance+1"],"picked":"Acrobatics+1","floor":48.0}],"player_experience":79653,"relics_obtained":[{"floor":7.0,"key":"Ancient Tea Set"},{"floor":9.0,"key":"Matryoshka"},{"floor":26.0,"key":"White Beast Statue"},{"floor":26.0,"key":"WingedGreaves"},{"floor":43.0,"key":"Bird Faced Urn"},{"floor":43.0,"key":"Bottled Tornado"},{"floor":44.0,"key":"Juzu Bracelet"},{"floor":46.0,"key":"Ninja Scroll"},{"floor":47.0,"key":"Thread and Needle"},{"floor":48.0,"key":"Darkstone Periapt"}],"event_choices":[{"damage_healed":0.0,"max_hp_gain":0.0,"max_hp_loss":0.0,"gold_gain":90.0,"event_name":"Knowing Skull","player_choice":"GOLD ","floor":19.0,"potions_obtained":[],"gold_loss":0.0,"damage_taken":12.0,"cards_obtained":[]},{"damage_healed":0.0,"max_hp_gain":0.0,"max_hp_loss":3.0,"gold_gain":0.0,"event_name":"Winding Halls","player_choice":"Max HP","floor":36.0,"gold_loss":0.0,"damage_taken":0.0},{"cards_removed":["Backstab"],"damage_healed":29.0,"max_hp_gain":0.0,"max_hp_loss":0.0,"gold_gain":0.0,"event_name":"Bonfire Elementals","player_choice":"Offered Uncommon","floor":39.0,"gold_loss":0.0,"damage_taken":0.0},{"damage_healed":0.0,"max_hp_gain":0.0,"max_hp_loss":0.0,"gold_gain":0.0,"event_name":"MindBloom","player_choice":"Fight","floor":47.0,"gold_loss":0.0,"damage_taken":0.0}],"is_beta":false,"boss_relics":[{"not_picked":["Ectoplasm","Calling Bell"],"picked":"Astrolabe"},{"not_picked":["Fusion Hammer","Snecko Eye"],"picked":"SacredBark"}],"items_purged_floors":[4],"is_endless":false,"potions_floor_spawned":[1,5,11,12,14,18,20,22,24,28,30,33,35,37,44,45,46,47,48],"ascension_level":17}}