{"host":"bg8va46pgqgvtzim","time":1608294910,"event":{"mods":["BaseMod","Downfall","Minty Spire (QoL Compilation)","Quick Restart","StSLib","SuperFastMode"],"gold_per_floor":[99,99,109,34,63,75,75,0,0,0,13,13,113,129,149,249,249,249,262,262,293,305,305,305,305,331,331,2,2,16,16,36,131,131,131,131,159,171,181,181,181,181,193,225,240,240,260,260,273,273],"floor_reached":51,"playtime":1534,"items_purged":["Guardian:Strike_Guardian"],"score":1010,"play_id":"6f61a89b-4cbe-4603-9495-de48dfdf05a0","local_time":"20201218203510","is_ascension_mode":true,"campfire_choices":[{"floor":1.0,"key":"RECALL"},{"data":"Guardian:CurlUp","floor":4.0,"key":"SMITH"},{"data":"Guardian:SpikerProtocol","floor":8.0,"key":"SMITH"},{"data":"Guardian:ChargeCore","floor":10.0,"key":"SMITH"},{"data":"Guardian:PrismaticBeam","floor":18.0,"key":"SMITH"},{"data":"Guardian:Suspension","floor":23.0,"key":"SMITH"},{"data":"Guardian:VentSteam","floor":25.0,"key":"SMITH"},{"data":"Guardian:PrismaticBarrier","floor":27.0,"key":"SMITH"},{"data":"Guardian:StasisEngine","floor":35.0,"key":"SMITH"},{"data":"Guardian:Defend_Guardian","floor":40.0,"key":"SMITH"},{"data":"Guardian:Defend_Guardian","floor":42.0,"key":"SMITH"}],"circlet_count":0,"master_deck":["Guardian:Strike_Guardian","Guardian:Strike_Guardian","Guardian:Defend_Guardian+1","Guardian:Defend_Guardian+1","Guardian:CurlUp+1","Guardian:TwinSlam+1","Guardian:ChargeCore+1","Guardian:EvasiveProtocol+1","Guardian:Suspension+1","Guardian:PrismaticBeam+1","Guardian:VentSteam+1","Guardian:PrismaticBarrier+1","Guardian:StasisEngine+1","Guardian:Gem_Cyan","Guardian:TemporalShield+1","Guardian:Gem_Red","Guardian:FuturePlans","expansioncontent:YouAreMine","Guardian:TimeCapacitor"],"relics":["Guardian:ModeShifterPlus","downfall:HeartBlessingRed","Nunchaku","downfall:HeartBlessingBlue","Guardian:PickAxe","Orichalcum","Shuriken","Ginger","Mummified Hand","StrikeDummy","Cursed Key","Pear","Letter Opener"],"acts_visited":["Exordium","TheCity","TheBeyond"],"potions_floor_usage":[],"damage_taken":[{"damage":1.0,"enemies":"Cultist","floor":3.0,"turns":3.0},{"damage":15.0,"enemies":"3 Sentries","floor":5.0,"turns":9.0},{"damage":0.0,"enemies":"Jaw Worm","floor":6.0,"turns":3.0},{"damage":0.0,"enemies":"downfall:FleeingMerchant","floor":9.0,"turns":4.0},{"damage":0.0,"enemies":"2 Louse","floor":11.0,"turns":1.0},{"damage":9.0,"enemies":"downfall:Heads","floor":13.0,"turns":5.0},{"damage":10.0,"enemies":"Exordium Thugs","floor":14.0,"turns":4.0},{"damage":1.0,"enemies":"3 Louse","floor":15.0,"turns":3.0},{"damage":27.0,"enemies":"downfall:Watcher","floor":16.0,"turns":9.0},{"damage":0.0,"enemies":"Chosen","floor":19.0,"turns":4.0},{"damage":8.0,"enemies":"Book of Stabbing","floor":21.0,"turns":3.0},{"damage":0.0,"enemies":"Spheric Guardian","floor":22.0,"turns":3.0},{"damage":17.0,"enemies":"Gremlin Leader","floor":26.0,"turns":4.0},{"damage":0.0,"enemies":"downfall:FleeingMerchant","floor":28.0,"turns":4.0},{"damage":7.0,"enemies":"Shelled Parasite and Fungi","floor":30.0,"turns":3.0},{"damage":0.0,"enemies":"Centurion and Healer","floor":32.0,"turns":5.0},{"damage":44.0,"enemies":"downfall:Ironclad","floor":33.0,"turns":5.0},{"damage":0.0,"enemies":"Reptomancer","floor":37.0,"turns":4.0},{"damage":0.0,"enemies":"3 Shapes","floor":38.0,"turns":4.0},{"damage":0.0,"enemies":"Orb Walker","floor":39.0,"turns":2.0},{"damage":0.0,"enemies":"Sphere and 2 Shapes","floor":43.0,"turns":4.0},{"damage":0.0,"enemies":"Nemesis","floor":44.0,"turns":5.0},{"damage":0.0,"enemies":"Jaw Worm Horde","floor":45.0,"turns":3.0},{"damage":0.0,"enemies":"Spire Growth","floor":47.0,"turns":3.0},{"damage":0,"enemies":"4 Shapes","floor":49,"turns":4},{"damage":0,"enemies":"downfall:Defect","floor":50,"turns":6}],"seed_played":"4038651337244797818","potions_obtained":[{"floor":3.0,"key":"Weak Potion"},{"floor":11.0,"key":"EntropicBrew"},{"floor":14.0,"key":"Explosive Potion"},{"floor":16.0,"key":"Explosive Potion"},{"floor":31.0,"key":"DistilledChaos"},{"floor":31.0,"key":"Fire Potion"},{"floor":39.0,"key":"Energy Potion"},{"floor":44.0,"key":"Explosive Potion"}],"is_trial":false,"path_per_floor":["R","?","M","R","E","M","T","R","$","R","M","?","?","M","M","B",null,"R","M","?","E","M","R","T","R","E","R","$","?","M","?","M","B",null,"R","?","E","M","M","R","T","R","M","E","M","?","M","?","M","B",null],"character_chosen":"GUARDIAN","items_purchased":["Mummified Hand"],"campfire_rested":0,"item_purchase_floors":[28],"current_hp_per_floor":[80,80,79,79,64,64,64,74,74,74,74,74,65,55,54,27,90,90,90,90,82,82,82,82,82,65,65,65,65,58,58,58,14,90,90,90,100,100,100,100,100,100,100,100,100,100,100,100,100,100],"gold":273,"neow_bonus":"UPGRADE_CARD","is_daily":false,"chose_seed":false,"campfire_upgraded":10,"win_rate":0.0,"timestamp":1608294910,"path_taken":["R","?","M","R","E","M","T","R","$","R","?","?","?","M","M","BOSS","R","M","?","E","M","R","T","R","E","R","?","?","M","?","M","BOSS","R","?","E","M","M","R","T","R","M","E","M","?","M","?","M","BOSS"],"items_purchased_type":["Relic"],"build_version":"2020-12-13","purchased_purges":1,"victory":true,"max_hp_per_floor":[80,80,80,80,80,80,80,90,90,90,90,90,90,90,90,90,90,90,90,90,90,90,90,90,90,90,90,90,90,90,90,90,90,90,90,90,100,100,100,100,100,100,100,100,100,100,100,100,100,100],"card_choices":[{"not_picked":["Guardian:CrystalBeam","Guardian:Preprogram","Guardian:Gem_Red"],"picked":"SKIP","floor":3.0},{"not_picked":["Guardian:Emergency","Guardian:Reroute"],"picked":"Guardian:Gem_Blue","floor":5.0},{"not_picked":["Guardian:Gem_Yellow","Guardian:TimeCapacitor"],"picked":"Guardian:SpikerProtocol","floor":6.0},{"not_picked":["Guardian:ChargeUp","Guardian:TimeBomb"],"picked":"Guardian:ChargeCore","floor":9.0},{"not_picked":["Guardian:RollAttack","Guardian:CrystalBeam"],"picked":"Guardian:Gem_Green","floor":11.0},{"not_picked":["Guardian:ChargeUp","Guardian:ArmoredProtocol"],"picked":"Guardian:Suspension","floor":13.0},{"not_picked":["Guardian:Gem_Green","Guardian:Planning"],"picked":"Guardian:PrismaticBeam","floor":14.0},{"not_picked":["Guardian:Gem_Lightblue","Guardian:Harden","Guardian:MultiBeam"],"picked":"SKIP","floor":15.0},{"not_picked":["Guardian:StasisStrike","Guardian:StasisField"],"picked":"Guardian:Gem_Synthetic","floor":16.0},{"not_picked":["Guardian:Planning","Guardian:MultiBeam"],"picked":"Guardian:VentSteam","floor":19.0},{"not_picked":["Guardian:Incinerate","Guardian:PolyBeam"],"picked":"Guardian:Gem_Blue","floor":21.0},{"not_picked":["Guardian:Gem_Lightblue","Guardian:Planning","Guardian:HyperBeam_Guardian"],"picked":"SKIP","floor":22.0},{"not_picked":["Guardian:WalkerClaw","Guardian:PrismaticBeam"],"picked":"Guardian:PrismaticBarrier","floor":26.0},{"not_picked":["Guardian:SpikerProtocol","Guardian:ConstructionForm"],"picked":"Guardian:Gem_Red","floor":28.0},{"not_picked":["Guardian:PiercingHide","Guardian:SentryBeam"],"picked":"Guardian:Gem_White","floor":30.0},{"not_picked":["Guardian:PrimingBeam+1","Guardian:CrystalBeam+1","Guardian:VentSteam+1"],"picked":"SKIP","floor":32.0},{"not_picked":["Guardian:GemFire","Guardian:SphericShield"],"picked":"Guardian:StasisEngine","floor":33.0},{"not_picked":["Guardian:Gem_Green","Guardian:ConstructionForm"],"picked":"Guardian:Gem_Cyan","floor":37.0},{"not_picked":["Guardian:GuardianWhirl","Guardian:VentSteam+1"],"picked":"Guardian:TemporalShield+1","floor":38.0},{"not_picked":["Guardian:Planning+1","Guardian:ChargeUp"],"picked":"Guardian:Gem_Red","floor":39.0},{"not_picked":["Guardian:Emergency","Guardian:PiercingHide"],"picked":"Guardian:FuturePlans","floor":43.0},{"not_picked":["Guardian:TemporalStrike+1","Guardian:SentryBeam","Guardian:PolyBeam"],"picked":"SKIP","floor":44.0},{"not_picked":["Guardian:TemporalStrike+1","Guardian:SentryBeam","Guardian:PolyBeam"],"picked":"SKIP","floor":44.0},{"not_picked":["Guardian:PrimingBeam","Guardian:FastForward","Guardian:TemporalStrike+1"],"picked":"SKIP","floor":45.0},{"not_picked":["Guardian:PrismaticBeam","Guardian:Clone+1","Guardian:Reroute"],"picked":"SKIP","floor":47.0},{"not_picked":["expansioncontent:PolyBeam","expansioncontent:GoopSpray"],"picked":"expansioncontent:YouAreMine","floor":48.0},{"not_picked":["Guardian:ChargeCore+1","Guardian:Gem_Purple"],"picked":"Guardian:TimeCapacitor","floor":49}],"player_experience":2140226,"relics_obtained":[{"floor":5.0,"key":"Nunchaku"},{"floor":21.0,"key":"Orichalcum"},{"floor":24.0,"key":"Shuriken"},{"floor":26.0,"key":"Ginger"},{"floor":37.0,"key":"Pear"},{"floor":44.0,"key":"Letter Opener"}],"event_choices":[{"damage_healed":0.0,"max_hp_gain":0.0,"max_hp_loss":0.0,"gold_gain":0.0,"event_name":"Lab","player_choice":"Got Potions","floor":31.0,"gold_loss":0.0,"damage_taken":0.0},{"cards_removed":["Guardian:SpikerProtocol"],"damage_healed":0.0,"max_hp_gain":0.0,"max_hp_loss":0.0,"gold_gain":0.0,"event_name":"Falling","player_choice":"Removed Power","floor":46.0,"gold_loss":0.0,"damage_taken":0.0}],"is_beta":false,"boss_relics":[{"not_picked":["expansioncontent:StudyCardRelic","Guardian:StasisSlotReductionRelic"],"picked":"Guardian:ModeShifterPlus"},{"not_picked":["Tiny House","Sozu"],"picked":"Cursed Key"}],"items_purged_floors":[28],"is_endless":false,"potions_floor_spawned":[3,11,14,16,21,32,33,39,44,47,49],"ascension_level":1}}