{"host":"90zmhqhem9nbzoc6","time":1608269423,"event":{"mods":["AchievementEnabler","Aspiration","BaseMod","Better Note","Better Third Choice","BetterRewards","Colored Map","Colored Powertips","Conspire","Downfall","Energized Spire","Friendly Minions","GifTheSpireLib","Hermit","Hubris","Infinite Spire","Minty Spire (QoL Compilation)","Quick Restart","Replay The Spire","Spikes Relics","StSLib","Stuff the Spire","The Blue Laboratory","The Jungle"],"gold_per_floor":[114,128,93,112,112,137,149,149,225,254,267,280,280,294,294,399,399,412,422,422,436,38,72,72,72,96,113,146,146,146,146],"floor_reached":30,"playtime":1537,"items_purged":[],"score":287,"play_id":"be8188db-ee22-48c9-a1e8-5f5c995aca4d","local_time":"20201217213023","is_ascension_mode":false,"campfire_choices":[{"floor":8,"key":"REST"},{"floor":13,"key":"REST"},{"floor":15,"key":"REST"},{"floor":25,"key":"REST"}],"circlet_count":0,"master_deck":["hermit:Strike_Hermit","hermit:Strike_Hermit","hermit:Strike_Hermit","hermit:Strike_Hermit","hermit:Defend_Hermit","hermit:Defend_Hermit","hermit:Defend_Hermit","hermit:Defend_Hermit","hermit:Snapshot","hermit:Covet","ReplayTheSpireMod:Restless Dread","hermit:Grudge","hermit:CursedWeapon","hermit:Brawl","expansioncontent:BronzeBeam","hermit:Gestalt","hermit:Spite","hermit:Dive","hermit:BodyArmor","hermit:Gestalt","hermit:Dive+1","hermit:Brawl","hermit:SprayPray","hermit:EyeOfTheStorm+1","hermit:Horror+1","hermit:FinalCanter","hermit:BodyArmor+1","hermit:Horror+1","hermit:Dive+1","hermit:CursedWeapon","hermit:Enervate+1","hermit:GhostlyPresence+1","hermit:Dive+1","hermit:Reprieve+1"],"relics":["hermit:Momento","ReplayTheSpireMod:CursedCoin","Dream Catcher","Pear","Toxic Egg 2","aspiration:Lifesprig","aspiration:Nostalgia","Replay:M_SmolderingBlood","Bottled Flame","aspiration:RitualStick","Centennial Puzzle","hubris:MysteriousPyramids"],"acts_visited":["Exordium","TheCity"],"potions_floor_usage":[6,6,16,23,23,28,28],"damage_taken":[{"damage":10,"enemies":"2 Louse","floor":1,"turns":2},{"damage":3,"enemies":"Jaw Worm","floor":2,"turns":3},{"damage":2,"enemies":"Small Slimes","floor":4,"turns":2},{"damage":22,"enemies":"Lagavulin","floor":6,"turns":7},{"damage":2,"enemies":"3 Louse","floor":7,"turns":2},{"damage":16,"enemies":"3 Sentries","floor":10,"turns":10},{"damage":9,"enemies":"Large Slime","floor":11,"turns":8},{"damage":4,"enemies":"Looter","floor":12,"turns":3},{"damage":2,"enemies":"Exordium Wildlife","floor":14,"turns":5},{"damage":13,"enemies":"Fading Forest","floor":16,"turns":11},{"damage":4,"enemies":"conspire:FuzzyDice","floor":18,"turns":6},{"damage":6,"enemies":"Chosen","floor":19,"turns":6},{"damage":29,"enemies":"Snake Plant","floor":21,"turns":5},{"damage":27,"enemies":"Nightmare","floor":23,"turns":7},{"damage":22,"enemies":"Sentry and Sphere","floor":27,"turns":6},{"damage":2,"enemies":"conspire:MimicChest","floor":28,"turns":12},{"damage":3,"enemies":"Chosen and Byrds","floor":30,"turns":3}],"seed_played":"-2266612126908719782","potions_obtained":[{"floor":2,"key":"Ancient Potion"},{"floor":4,"key":"champ:CounterPotion"},{"floor":12,"key":"BlessingOfTheForge"},{"floor":14,"key":"EssenceOfSteel"},{"floor":16,"key":"Elixir"},{"floor":19,"key":"Adrenaline Potion"},{"floor":21,"key":"LiquidBronze"},{"floor":27,"key":"Weak Potion"}],"is_trial":false,"path_per_floor":["M","M","?","M","?","E","M","R","T","E","M","M","R","M","R","B",null,"M","M","?","M","$","NM","?","R","T","M","?","T","M"],"character_chosen":"HERMIT","items_purchased":["ReplayTheSpireMod:CursedCoin","hermit:Grudge","hermit:CursedWeapon","hermit:Brawl","expansioncontent:BronzeBeam","aspiration:Lifesprig","hermit:Dive+1","hermit:CursedWeapon","aspiration:Nostalgia"],"campfire_rested":4,"item_purchase_floors":[0,0,0,0,0,22,22,22,22],"current_hp_per_floor":[65,62,75,73,73,51,49,71,81,65,56,52,77,75,85,82,85,81,75,75,46,46,19,2,27,27,5,3,3,0,0],"gold":146,"neow_bonus":"","is_daily":false,"chose_seed":false,"campfire_upgraded":0,"win_rate":0.0,"timestamp":1608269423,"path_taken":["M","M","?","M","?","E","M","R","T","E","M","M","R","M","R","BOSS","M","M","?","M","$","NM","?","R","T","M","?","?","M"],"items_purchased_type":["Relic","Card","Card","Card","Card","Relic","Card","Card","Relic"],"build_version":"2020-12-13","purchased_purges":0,"victory":false,"max_hp_per_floor":[75,75,75,75,75,75,75,75,85,85,85,85,85,85,85,85,85,85,85,85,85,85,85,85,85,85,85,85,85,85,85],"card_choices":[{"not_picked":["hermit:BodyArmor","hermit:Vantage"],"picked":"hermit:Gestalt","floor":1},{"not_picked":["hermit:Ricochet","hermit:Quickdraw"],"picked":"hermit:Spite","floor":2},{"not_picked":["hermit:TakeAim","hermit:Desperado"],"picked":"hermit:Dive","floor":4},{"not_picked":["hermit:Cheat","hermit:Glare","hermit:Headshot"],"picked":"SKIP","floor":6},{"not_picked":["hermit:TrackingShot","hermit:Headshot"],"picked":"hermit:BodyArmor","floor":7},{"not_picked":["hermit:Quickdraw","hermit:Snipe"],"picked":"hermit:Gestalt","floor":8},{"not_picked":["hermit:Roulette","hermit:OverwhelmingPower"],"picked":"hermit:Dive+1","floor":10},{"not_picked":["hermit:HighCaliber","hermit:Glare+1"],"picked":"hermit:Brawl","floor":11},{"not_picked":["hermit:Dissolve+1","hermit:Spite"],"picked":"hermit:SprayPray","floor":12},{"not_picked":["hermit:LowProfile+1","hermit:Feint+1"],"picked":"hermit:EyeOfTheStorm+1","floor":13},{"not_picked":["hermit:FlashPowder+1","hermit:Headshot"],"picked":"hermit:Horror+1","floor":14},{"not_picked":["hermit:Brawl","hermit:Headshot"],"picked":"hermit:FinalCanter","floor":15},{"not_picked":["hermit:FullyLoaded+1","hermit:FlashPowder+1","hermit:ItchyTrigger"],"picked":"SKIP","floor":18},{"not_picked":["hermit:FlashPowder+1","hermit:FullyLoaded+1"],"picked":"hermit:BodyArmor+1","floor":19},{"not_picked":["hermit:Vantage+1","hermit:Desperado+1"],"picked":"hermit:Horror+1","floor":21},{"not_picked":["FlyingSleeves+1","hermit:NoHoldsBarred"],"picked":"hermit:Enervate+1","floor":23},{"not_picked":["FollowUp+1","hermit:LoneWolf+1"],"picked":"hermit:GhostlyPresence+1","floor":25},{"not_picked":["Crescendo+1","hermit:TrackingShot+1"],"picked":"hermit:Dive+1","floor":27},{"not_picked":["Halt+1","hermit:Snipe+1"],"picked":"hermit:Reprieve+1","floor":28}],"player_experience":215426,"relics_obtained":[{"floor":6,"key":"Dream Catcher"},{"floor":9,"key":"Pear"},{"floor":10,"key":"Toxic Egg 2"},{"floor":23,"key":"Bottled Flame"},{"floor":28,"key":"Centennial Puzzle"},{"floor":29,"key":"hubris:MysteriousPyramids"}],"event_choices":[{"damage_healed":18,"gold_gain":0,"player_choice":"Healed","damage_taken":0,"max_hp_gain":0,"max_hp_loss":0,"event_name":"The Cleric","floor":3,"gold_loss":35},{"damage_healed":0,"gold_gain":1,"player_choice":"LEAVE","damage_taken":0,"max_hp_gain":0,"max_hp_loss":0,"event_name":"betterThird:BetterScrap","floor":5,"gold_loss":0,"cards_obtained":["Terror"]},{"cards_removed":["hermit:Gestalt"],"damage_healed":0,"gold_gain":0,"player_choice":"Give","damage_taken":0,"max_hp_gain":0,"max_hp_loss":0,"event_name":"betterNote:BetterNote","floor":20,"gold_loss":0,"cards_obtained":["Dualcast"]}],"is_beta":false,"boss_relics":[{"not_picked":["energizedSpire:RedRose","Pandora\u0027s Box","aspiration:PoetsPen_weak"]}],"items_purged_floors":[],"is_endless":true,"potions_floor_spawned":[2,4,12,14,16,19,21,27],"killed_by":"Chosen and Byrds","ascension_level":0}}