{"host":"3jpwrwmmgyabjceh","time":1608303549,"event":{"mods":["AchievementEnabler","BaseMod","Colored Map","Colored Powertips","Highlight Path","Minty Spire (QoL Compilation)","StSLib"],"gold_per_floor":[118,118,134,59,74,74,103,130,130,130,130],"floor_reached":10,"playtime":215,"items_purged":[],"score":79,"play_id":"2da965bb-b4a2-4b09-9524-900222b4992b","local_time":"20201218175909","is_ascension_mode":true,"campfire_choices":[{"data":"Backflip","floor":6,"key":"SMITH"}],"circlet_count":0,"master_deck":["Strike_G","Strike_G","Strike_G","Strike_G","Defend_G","Defend_G","Defend_G","Defend_G","Defend_G","Survivor","Neutralize","Flying Knee","Backflip+1","Noxious Fumes","Deadly Poison"],"relics":["Ring of the Snake","NeowsBlessing","Art of War","Lantern","Eternal Feather"],"acts_visited":["Exordium"],"potions_floor_usage":[10],"damage_taken":[{"damage":0,"enemies":"Jaw Worm","floor":1,"turns":1},{"damage":0,"enemies":"Cultist","floor":3,"turns":1},{"damage":0,"enemies":"2 Louse","floor":5,"turns":1},{"damage":13,"enemies":"Lagavulin","floor":7,"turns":9},{"damage":60,"enemies":"Gremlin Nob","floor":10,"turns":4}],"seed_played":"-2189845013159364795","potions_obtained":[{"floor":7,"key":"DistilledChaos"}],"is_trial":false,"path_per_floor":["M","?","M","$","M","R","E","T","T","E"],"character_chosen":"THE_SILENT","items_purchased":["Noxious Fumes"],"campfire_rested":0,"item_purchase_floors":[4],"current_hp_per_floor":[70,70,70,70,70,70,57,57,57,0,0],"gold":130,"neow_bonus":"THREE_ENEMY_KILL","is_daily":false,"chose_seed":false,"campfire_upgraded":1,"win_rate":0.0,"timestamp":1608303549,"path_taken":["M","?","M","$","M","R","E","?","T","E"],"items_purchased_type":["Card"],"build_version":"2020-12-13","purchased_purges":0,"victory":false,"max_hp_per_floor":[70,70,70,70,70,70,70,70,70,70,70],"card_choices":[{"not_picked":["Acrobatics","Well Laid Plans"],"picked":"Flying Knee","floor":1},{"not_picked":["Slice","Dodge and Roll"],"picked":"Backflip","floor":3},{"not_picked":["Blade Dance","Acrobatics","Reflex"],"picked":"SKIP","floor":5},{"not_picked":["Predator","Blade Dance"],"picked":"Deadly Poison","floor":7}],"player_experience":219867,"relics_obtained":[{"floor":7,"key":"Art of War"},{"floor":8,"key":"Lantern"},{"floor":9,"key":"Eternal Feather"}],"event_choices":[{"cards_removed":["Strike_G"],"damage_healed":0,"gold_gain":0,"player_choice":"Forget","damage_taken":0,"max_hp_gain":0,"max_hp_loss":0,"event_name":"Living Wall","floor":2,"gold_loss":0}],"is_beta":false,"boss_relics":[],"items_purged_floors":[],"is_endless":false,"potions_floor_spawned":[7],"killed_by":"Gremlin Nob","ascension_level":4}}