{"host":"jgyoyy5iuhtvyvtg","time":1608275444,"event":{"mods":["2.2 Compatiblity","BaseMod","Challenge The Spire","Colored Map","Conspire","Downfall","Hermit","Highlight Path","Infinite Spire","Lobotomy","LobotomyExtend","Minty Spire (QoL Compilation)","Quick Restart","Replay The Spire","Spikes Relics","StSLib","The Construct","The Disciple","The Jungle","Yuri Mod"],"gold_per_floor":[116,148,161,175,27,42,42,72,72,91,91,166,166,183,183,278,278,290,390,114,114,135,163,187,187,210,135,135,135,171,188,188,188,188],"floor_reached":33,"playtime":1556,"items_purged":["Shame"],"score":356,"play_id":"013b96e2-d807-4382-b705-d195c7c01572","local_time":"20201217231044","is_ascension_mode":true,"campfire_choices":[{"data":"hermit:Maintenance","floor":7,"key":"SMITH"},{"data":"hermit:FlashPowder","floor":13,"key":"SMITH"},{"data":"hermit:TakeCover","floor":15,"key":"SMITH"},{"floor":25,"key":"REST"},{"data":"hermit:WideOpen","floor":29,"key":"SMITH"},{"floor":32,"key":"REST"}],"circlet_count":0,"master_deck":["hermit:Strike_Hermit","hermit:Strike_Hermit","hermit:Strike_Hermit","hermit:Strike_Hermit","hermit:Defend_Hermit","hermit:Defend_Hermit","hermit:Defend_Hermit","hermit:Defend_Hermit","hermit:Snapshot","hermit:Covet","expansioncontent:Chronoboost","hermit:FlashPowder+1","hermit:Virtue","hermit:HeroicBravado","hermit:Maintenance+1","hermit:TakeCover+1","hermit:Manifest","hermit:Quickdraw","hermit:BlackWind","expansioncontent:Torchfire+1","expansioncontent:YouAreMine+1","hermit:FatalDesire+1","hermit:Scavenge","Pot Of Greed","hermit:WideOpen+1","hermit:Brawl","hermit:Shortfuse","hermit:Horror","hermit:HighCaliber","hermit:Gestalt"],"relics":["hermit:Momento","LetterFromLob","infinitespire:Lucky Rock","Anchor","Snack Pack","Grinning Jar","Astrolabe","Chemical X","theJungle:SneckoAutograph","infinitespire:FocusingShard","Orichalcum","Blue Doll","ReplayFunnel"],"acts_visited":["Exordium","Exordium"],"potions_floor_usage":[2,14,22,23,33],"damage_taken":[{"damage":1,"enemies":"Cultist","floor":1,"turns":3},{"damage":17,"enemies":"conspire:MimicChest","floor":2,"turns":6},{"damage":1,"enemies":"conspire:RoseBush","floor":3,"turns":5},{"damage":6,"enemies":"Small Slimes","floor":4,"turns":4},{"damage":4,"enemies":"conspire:2 RoseBushes","floor":6,"turns":7},{"damage":3,"enemies":"Replay:BlueRogue","floor":8,"turns":6},{"damage":1,"enemies":"Large Slime","floor":10,"turns":7},{"damage":0,"enemies":"Gremlin Gang","floor":14,"turns":7},{"damage":47,"enemies":"Fading Forest","floor":16,"turns":11},{"damage":11,"enemies":"theJungle:GiantWrat","floor":18,"turns":4},{"damage":1,"enemies":"Shell Parasite","floor":22,"turns":7},{"damage":27,"enemies":"theJungle:MamaSnecko","floor":23,"turns":5},{"damage":21,"enemies":"theJungle:2_Snecko_Cultists","floor":24,"turns":7},{"damage":11,"enemies":"theJungle:Cassacara","floor":30,"turns":8},{"damage":12,"enemies":"theJungle:2_Flameangoes","floor":31,"turns":6},{"damage":54,"enemies":"theJungle:TotemBoss","floor":33,"turns":11}],"seed_played":"-8200723288561948936","potions_obtained":[{"floor":1,"key":"Block Potion"},{"floor":4,"key":"FairyPotion"},{"floor":10,"key":"EssenceOfSteel"},{"floor":16,"key":"Regen Potion"},{"floor":22,"key":"Explosive Potion"},{"floor":30,"key":"FearPotion"}],"is_trial":false,"path_per_floor":["M","?","M","M","$","M","R","E","T","M","M","?","R","M","R","B",null,"M","?","$","?","M","E","M","R","T","$","?","R","E","M","R","B"],"character_chosen":"HERMIT","items_purchased":["Anchor","Chemical X","hermit:WideOpen","hermit:Brawl"],"campfire_rested":2,"item_purchase_floors":[5,20,20,20],"current_hp_per_floor":[74,57,56,50,50,46,46,43,43,46,46,35,35,37,37,21,62,51,46,46,46,60,35,16,38,38,38,48,48,37,25,47,0,0],"gold":188,"neow_bonus":"RANDOM_COLORLESS","is_daily":false,"chose_seed":false,"campfire_upgraded":4,"win_rate":0.0,"timestamp":1608275444,"path_taken":["M","?","M","M","$","M","R","E","T","M","M","?","R","M","R","BOSS","M","?","$","?","M","E","M","R","T","$","?","R","E","M","R","BOSS"],"items_purchased_type":["Relic","Relic","Card","Card"],"build_version":"2020-12-13","purchased_purges":1,"victory":false,"max_hp_per_floor":[75,75,75,75,75,75,75,75,75,75,75,75,75,75,75,75,75,75,75,75,75,75,75,75,75,75,75,75,75,75,75,75,75,75],"card_choices":[{"not_picked":["Replay:SS_forest_2","PanicButton"],"picked":"expansioncontent:Chronoboost","floor":0},{"not_picked":["hermit:Quickdraw","hermit:Glare"],"picked":"hermit:FlashPowder","floor":1},{"not_picked":["hermit:FullyLoaded","hermit:Manifest"],"picked":"hermit:Misfire","floor":2},{"not_picked":["hermit:Showdown","hermit:Headshot"],"picked":"hermit:Virtue","floor":3},{"not_picked":["hermit:Coalescence","hermit:LoneWolf"],"picked":"hermit:HeroicBravado","floor":4},{"not_picked":["hermit:Ricochet","hermit:WideOpen"],"picked":"hermit:Maintenance","floor":6},{"not_picked":["hermit:GhostlyPresence","hermit:Deadeye"],"picked":"hermit:TakeCover","floor":8},{"not_picked":["hermit:Manifest","hermit:Desperado","hermit:Roulette"],"picked":"SKIP","floor":10},{"not_picked":["hermit:Desperado","hermit:Roulette"],"picked":"hermit:Manifest","floor":10},{"not_picked":["hermit:Grudge","hermit:HoleUp"],"picked":"hermit:Quickdraw","floor":14},{"not_picked":["hermit:Magnum","hermit:FinalCanter"],"picked":"hermit:BlackWind","floor":16},{"not_picked":["hermit:Snipe+1","hermit:Manifest"],"picked":"hermit:Scavenge","floor":18},{"not_picked":["hermit:HoleUp","hermit:Roulette"],"picked":"hermit:Shortfuse","floor":22},{"not_picked":["hermit:BodyArmor","hermit:Roulette","hermit:EyeOfTheStorm"],"picked":"SKIP","floor":23},{"not_picked":["hermit:SprayPray","hermit:TrackingShot"],"picked":"hermit:Horror","floor":24},{"not_picked":["hermit:Roulette","hermit:Deadeye"],"picked":"hermit:HighCaliber","floor":30},{"not_picked":["hermit:Feint+1","hermit:Vantage"],"picked":"hermit:Gestalt","floor":31}],"player_experience":3159622,"relics_obtained":[{"floor":1,"key":"LetterFromLob"},{"floor":2,"key":"infinitespire:Lucky Rock"},{"floor":8,"key":"Snack Pack"},{"floor":9,"key":"Grinning Jar"},{"floor":23,"key":"infinitespire:FocusingShard"},{"floor":26,"key":"Orichalcum"},{"floor":30,"key":"ReplayFunnel"}],"event_choices":[{"damage_healed":0,"gold_gain":75,"player_choice":"Gather Gold","damage_taken":11,"max_hp_gain":0,"max_hp_loss":0,"event_name":"World of Goop","floor":12,"gold_loss":0}],"is_beta":false,"boss_relics":[{"not_picked":["conspire:RoyalGoblet","Sandwich"],"picked":"Astrolabe"}],"items_purged_floors":[27],"is_endless":false,"potions_floor_spawned":[1,4,10,16,22,30],"killed_by":"theJungle:TotemBoss","ascension_level":5}}