{"host":"e1hsr9gtjq2d74pi","time":1608275487,"event":{"mods":["Act Like it!","BaseMod","Beaked The Cultist","BetterRewards","Clockwork Mod","Conspire","Downfall","Hermit","Hero for Fun","Hubris","Marisa????????","Minty Spire (QoL Compilation)","Shop Mod","Spicy Shops","StSLib","The Animator","The Construct","The Cursed","The Servant 0.9.4","UnlockEverythingMod"],"gold_per_floor":[118,118,134,151,151,151,7,36,36,36,53,70,70,102,102,203,203,222,222,233,84,99,99,99,133,178,178,188,205,205,205],"floor_reached":30,"playtime":1143,"items_purged":["construct:Strike_Gold"],"score":260,"play_id":"3c3c989f-2329-4d34-800a-3f9e8099cf62","local_time":"20201217231127","is_ascension_mode":false,"campfire_choices":[{"data":"construct:AttackMode+1","floor":6.0,"key":"SMITH"},{"data":"construct:ClusterMines","floor":10.0,"key":"SMITH"},{"data":"construct:ClusterMines+1","floor":13.0,"key":"SMITH"},{"data":"construct:ModeShift","floor":15.0,"key":"SMITH"},{"data":"construct:ModeShift+1","floor":23.0,"key":"SMITH"},{"data":"construct:FlakBarrage+1","floor":27,"key":"SMITH"}],"circlet_count":0,"master_deck":["construct:Strike_Gold","construct:Strike_Gold","construct:Strike_Gold","construct:Defend_Gold","construct:Defend_Gold","construct:Defend_Gold","construct:Defend_Gold","construct:Defend_Gold","construct:AttackMode+2","construct:DefenseMode","construct:ClusterMines+2","construct:ModeShift+2","construct:SiegeForm","construct:AttackMode+2","construct:AttackMode+2","construct:FlakBarrage+2"],"relics":["construct:ClockworkPhoenix","NeowsBlessing","Guardian:PocketSentry","Potion Belt","Letter Opener","Bronze Scales","hubris:Backtick","DollysMirror","conspire:TopHat","Bottled Flame","Ancient Tea Set"],"acts_visited":["Exordium","TheCity"],"potions_floor_usage":[],"damage_taken":[{"damage":0.0,"enemies":"Jaw Worm","floor":1.0,"turns":1.0},{"damage":0.0,"enemies":"Cultist","floor":3.0,"turns":1.0},{"damage":0.0,"enemies":"2 Louse","floor":4.0,"turns":1.0},{"damage":13.0,"enemies":"Lagavulin","floor":8.0,"turns":5.0},{"damage":6.0,"enemies":"Large Slime","floor":11.0,"turns":4.0},{"damage":2.0,"enemies":"Gremlin Gang","floor":12.0,"turns":2.0},{"damage":14.0,"enemies":"Gremlin Nob","floor":14.0,"turns":3.0},{"damage":27.0,"enemies":"Hexaghost","floor":16.0,"turns":7.0},{"damage":0.0,"enemies":"Spheric Guardian","floor":18.0,"turns":2.0},{"damage":24.0,"enemies":"2 Thieves","floor":20.0,"turns":3.0},{"damage":0.0,"enemies":"Sentry and Sphere","floor":22.0,"turns":4.0},{"damage":24.0,"enemies":"Gremlin Leader","floor":25.0,"turns":5.0},{"damage":0,"enemies":"Chosen and Byrds","floor":28,"turns":4},{"damage":11,"enemies":"Snecko","floor":29,"turns":7},{"damage":2,"enemies":"Shelled Parasite and Fungi","floor":30,"turns":4}],"seed_played":"8382280665994457236","potions_obtained":[{"floor":8.0,"key":"Explosive Potion"},{"floor":11.0,"key":"sneckomod:MuddlingPotion"},{"floor":16.0,"key":"Guardian:BlockOnCardUsePotion"},{"floor":20.0,"key":"Strength Potion"},{"floor":28,"key":"Ancient Potion"}],"is_trial":false,"path_per_floor":["M","?","M","M","?","R","$","E","T","R","M","M","R","E","R","B",null,"M","?","M","$","M","R","?","E","T","R","M","M","M"],"character_chosen":"THE_CONSTRUCT_MOD","items_purchased":["Guardian:PocketSentry","conspire:TopHat"],"campfire_rested":0,"item_purchase_floors":[7,21],"current_hp_per_floor":[85,85,85,85,85,85,85,72,72,72,66,64,64,50,50,23,85,85,85,61,61,61,61,45,21,21,21,21,10,8,8],"gold":205,"neow_bonus":"THREE_ENEMY_KILL","is_daily":false,"chose_seed":false,"campfire_upgraded":6,"win_rate":0.0,"timestamp":1608275487,"path_taken":["M","?","?","M","?","R","$","E","T","R","M","M","R","E","R","BOSS","M","?","?","?","M","R","?","E","T","R","M","M","M"],"items_purchased_type":["Relic","Relic"],"build_version":"2020-12-13","purchased_purges":1,"victory":false,"max_hp_per_floor":[85,85,85,85,85,85,85,85,85,85,85,85,85,85,85,85,85,85,85,85,85,85,85,90,90,90,90,90,90,90,90],"card_choices":[{"not_picked":["construct:SweepLaser","construct:SaveState"],"picked":"construct:ClusterMines","floor":1.0},{"not_picked":["construct:FlammableFog","construct:SyphonStrike"],"picked":"construct:ModeShift","floor":3.0},{"not_picked":["construct:Rollout","construct:BlazingSpeed","construct:OilSpill"],"picked":"SKIP","floor":4.0},{"not_picked":["construct:Anticipate","construct:Construct_Overclock","construct:CreateCores"],"picked":"SKIP","floor":8.0},{"not_picked":["construct:Rollout","construct:PowerUp","construct:ShieldBurst"],"picked":"SKIP","floor":11.0},{"not_picked":["construct:ModeShift","construct:Reinforce","construct:HeavyBolt"],"picked":"SKIP","floor":12.0},{"not_picked":["construct:Reinforce","construct:Autoturret","construct:SuppressiveFire"],"picked":"SKIP","floor":14.0},{"not_picked":["construct:Meltdown","construct:LongRangeLance"],"picked":"construct:SiegeForm","floor":16.0},{"not_picked":["construct:Reinforce","construct:Dampening","construct:Stasis+1"],"picked":"SKIP","floor":18.0},{"not_picked":["construct:FlammableFog","construct:SyphonStrike"],"picked":"construct:FlakBarrage+1","floor":20.0},{"not_picked":["construct:PhosphorStorm+1","construct:Boost+1","construct:ShiftStrike"],"picked":"SKIP","floor":22.0},{"not_picked":["construct:FlameCore","construct:HyperBeam","construct:ShieldBurst"],"picked":"SKIP","floor":25},{"not_picked":["construct:Boost","construct:FlakBarrage","construct:Reinforce"],"picked":"SKIP","floor":28},{"not_picked":["construct:SyphonStrike","construct:SweepLaser","construct:Accumulate"],"picked":"SKIP","floor":29}],"player_experience":444426,"relics_obtained":[{"floor":8.0,"key":"Potion Belt"},{"floor":9.0,"key":"Letter Opener"},{"floor":14.0,"key":"Bronze Scales"},{"floor":25,"key":"Bottled Flame"},{"floor":26,"key":"Ancient Tea Set"}],"event_choices":[{"cards_removed":["construct:Strike_Gold"],"damage_healed":0.0,"max_hp_gain":0.0,"max_hp_loss":0.0,"gold_gain":0.0,"event_name":"Purifier","player_choice":"Purged","floor":2.0,"gold_loss":0.0,"damage_taken":0.0},{"damage_healed":0.0,"max_hp_gain":0.0,"max_hp_loss":0.0,"gold_gain":0.0,"event_name":"Living Wall","player_choice":"Grow","floor":5.0,"gold_loss":0.0,"damage_taken":0.0,"cards_upgraded":["construct:AttackMode"]},{"damage_healed":0.0,"max_hp_gain":0.0,"max_hp_loss":0.0,"gold_gain":0.0,"event_name":"Duplicator","player_choice":"Copied","floor":19.0,"gold_loss":0.0,"damage_taken":0.0,"cards_obtained":["construct:AttackMode"]},{"damage_healed":0.0,"max_hp_gain":5.0,"max_hp_loss":0.0,"gold_gain":0.0,"event_name":"Forgotten Altar","player_choice":"Shed Blood","floor":24.0,"gold_loss":0.0,"damage_taken":21.0}],"is_beta":false,"boss_relics":[{"not_picked":["Fusion Hammer","Runic Dome"],"picked":"hubris:Backtick"}],"items_purged_floors":[21],"is_endless":false,"potions_floor_spawned":[8,11,16,20,28],"killed_by":"Shelled Parasite and Fungi","ascension_level":0}}