{"host":"yfjjw6nzi6ujtde1","time":1608306028,"event":{"mods":["2.2 Compatiblity","Act Like it!","BaseMod","Better Match","Colored Powertips","Downfall","Friendly Minions","Gensokyo","Hallownest","HololiveMod","Koishi","Marisa（F雨　魔理沙）","Minty Spire (QoL Compilation)","Quick Restart","Rare Cards Sparkle","Replay The Spire","StSLib","Td1madao Mod","The Gatherer","The Runesmith","The Senshi","The Servant 0.9.4","WarShipGirlsR/战舰少女R mod"],"gold_per_floor":[110,110,110,128,53,53,87,141,164,164,174,174,194,206,206,206,206],"floor_reached":16,"playtime":764,"items_purged":[],"score":100,"play_id":"0acc23e1-d37a-4f16-abaf-5bc67eb84d6a","local_time":"20201218234028","is_ascension_mode":false,"campfire_choices":[{"data":"KidneyShot","floor":6,"key":"SMITH"},{"floor":10,"key":"REST"}],"circlet_count":0,"master_deck":["Strike_S","Strike_S","Strike_S","Defend_S","Defend_S","Defend_S","KidneyShot+1","Exchange","FastForward","Reset","Pain","Ricochet+1","LightFlow","ShatteredReality+1","Replace","Rewind"],"relics":["Uniform","Gensokyo:LunaticRedEyes","Gensokyo:OccultBall","Ancient Tea Set","Bag of Preparation","Orichalcum"],"acts_visited":["Gensokyo:Gensokyo"],"potions_floor_usage":[16],"damage_taken":[{"damage":5.0,"enemies":"Gensokyo:2_Kodama","floor":1.0,"turns":4.0},{"damage":2.0,"enemies":"Gensokyo:Gryphon","floor":4.0,"turns":3.0},{"damage":42,"enemies":"Gensokyo:Aya","floor":7,"turns":6},{"damage":4,"enemies":"Gensokyo:3_Fairies","floor":11,"turns":4},{"damage":4,"enemies":"Gensokyo:Kitsune","floor":13,"turns":3},{"damage":13,"enemies":"Gensokyo:CorruptedTreant","floor":14,"turns":3},{"damage":2,"enemies":"Gensokyo:Reimu","floor":16,"turns":4}],"seed_played":"6811961117626597145","potions_obtained":[{"floor":1.0,"key":"SkillPotion"},{"floor":4.0,"key":"FairyPotion"},{"floor":7,"key":"CultistPotion"}],"is_trial":false,"path_per_floor":["M","?","?","M","?","R","E","T","T","R","M","?","M","M","R","B"],"character_chosen":"THE_SERVANT","items_purchased":[],"campfire_rested":1,"item_purchase_floors":[],"current_hp_per_floor":[42,42,42,40,40,40,19,19,19,38,34,34,30,17,36,34,34],"gold":206,"neow_bonus":"TRANSFORM_TWO_CARDS","is_daily":false,"chose_seed":false,"campfire_upgraded":1,"win_rate":0.0,"timestamp":1608306028,"path_taken":["M","?","?","M","?","R","E","?","T","R","M","?","?","M","R","BOSS"],"items_purchased_type":[],"build_version":"2020-12-13","purchased_purges":0,"victory":false,"max_hp_per_floor":[65,65,65,65,65,65,65,65,65,65,65,65,65,65,65,65,65],"card_choices":[{"not_picked":["Rearm","StarChef"],"picked":"Reset","floor":1.0},{"not_picked":["Foresight","Unruled"],"picked":"Ricochet","floor":4.0},{"not_picked":["GearUp","BottledTime"],"picked":"LightFlow","floor":7},{"not_picked":["Defy","FastForward"],"picked":"ShatteredReality","floor":11},{"not_picked":["FastForward","Collapse"],"picked":"Replace","floor":13},{"not_picked":["Potential","ShatteredReality"],"picked":"Rewind","floor":14}],"player_experience":158042,"relics_obtained":[{"floor":7,"key":"Ancient Tea Set"},{"floor":8,"key":"Bag of Preparation"},{"floor":9,"key":"Orichalcum"}],"event_choices":[{"damage_healed":0,"gold_gain":0,"player_choice":"3","damage_taken":0,"max_hp_gain":0,"max_hp_loss":0,"event_name":"betterMatch:BetterMatch","floor":5,"gold_loss":0,"cards_obtained":[]}],"is_beta":false,"boss_relics":[],"items_purged_floors":[],"is_endless":false,"potions_floor_spawned":[1,4,7],"killed_by":"Gensokyo:Reimu","ascension_level":0}}