{"host":"h7xtspmc2x3i8s2i","time":1608255118,"event":{"mods":["2.2 Compatiblity","AchievementEnabler","Act Like it!","AlwaysNeverKeys","Aspiration","Astrologer","BaseMod","Beaked The Cultist","Better Match","Better Sensory Stone","Better Third Choice","Better Vampires","BetterRewards","Challenge The Spire","Colored Map","Colored Powertips","Colorless Booster Pack","Curses Come First","Defuse TimeMaze Blight","Dio Mod","Downfall","Duelist Mod","EXCEPTION","Energized Spire","Friendly Minions","GifTheSpireLib","Gold Saver","Gremlin Skip","Halation","Hubris","Jedi Mod","Key Reminder","Marked Mod","Minty Spire (QoL Compilation)","Pale of the Ancients","Permanent Neow","Random Character Button","Random Character Mod","Rare Cards Sparkle","Relic Filter","Relic Stats","Replay The Spire","SacredBarkPlus","Shop Mod","Somnambulant","Spikes Relics","Spire Birthday Party","StSLib","Steal the Spire","Stuff the Spire","SuperFastMode","The Awakened One except there are too many feathers","The Blue Laboratory","The Cursed","The Death Knight","The Dragon Tamer","The Edgeheg","The Hierophant","The Problem Sleuth","The Wild Card","Transform Curses","Unceasing Turn Reminder","everything is the same but u backflip on backflip","slay the spire mod where everything is the same but ironclad has a cowboy hat","vexMod"],"gold_per_floor":[375,375,386,386,403,403,133,152,176,176,210,57,97,97,97,126,126,231,231,260,270,279,38,38,78,78,104,104,104,4,26,48,69,69,180,230,249,249,224,243,243,116,116,116,170,170,200,200,160,179,179,179,193,243,290,62,62,82,82,82,82,82,82],"floor_reached":62,"playtime":3000,"items_purged":["theDuelist:OjamaYellow","theDuelist:CurseAnubis"],"score":907,"play_id":"de3b77a0-27ac-4131-9659-611cc3dc4fc3","local_time":"20201217203158","is_ascension_mode":false,"campfire_choices":[{"floor":6,"key":"RECALL"},{"data":"theDuelist:OjamaGreen","floor":17,"key":"SMITH"},{"floor":29,"key":"REST"},{"floor":34,"key":"REST"},{"data":"theDuelist:DarkHorizon","floor":44,"key":"SMITH"},{"data":"theDuelist:OjamaGreen","floor":46,"key":"SMITH"},{"floor":51,"key":"REST"},{"data":"theDuelist:OjamaTrio","floor":57,"key":"SMITH"},{"floor":59,"key":"REST"}],"circlet_count":0,"master_deck":["theDuelist:IrisEarthMother","theDuelist:RainbowDragon","theDuelist:BigWaveSmallWave","theDuelist:Ojamuscle+1","theDuelist:StatueAnguishPattern","theDuelist:WhiteHowling","theDuelist:Ojamuscle","theDuelist:OjamaGreen+1","theDuelist:WhiteMagicalHat+1","theDuelist:Raigeki+1","theDuelist:RainbowDragon","theDuelist:OjamaGreen+1","theDuelist:DarkHorizon+1","theDuelist:OjamaTrio+1","theDuelist:OjamaKnight","theDuelist:OjamaRed+1","theDuelist:OjamaTrio","theDuelist:CrystalRaigeki","theDuelist:OjamaBlue","theDuelist:RainbowDragon+1","theDuelist:CrystalRaigeki","theDuelist:OjamaBlack","theDuelist:DarkHole","theDuelist:TributeDoomed","theDuelist:OjamaCountry","theDuelist:OjamaCountry","theDuelist:DarkFactory","theDuelist:TripodFish","theDuelist:OjamaBlack","theDuelist:PotGreed","theDuelist:DarkMagicianGirl+1"],"relics":["theDuelist:MillenniumPuzzle","theDuelist:CardPoolRelic","theDuelist:CardPoolBasicRelic","theDuelist:BoosterPackPoolRelic","theDuelist:CardPoolAddRelic","theDuelist:CardPoolMinusRelic","theDuelist:CardPoolSaveRelic","theDuelist:CardPoolOptionsRelic","Juzu Bracelet","theDuelist:NileToken","CeramicFish","SacredBark","theDuelist:MillenniumSymbol","hubris:Zylophone","theDuelist:FlowToken","theDuelist:MillenniumRing","Tiny House","hubris:Icosahedron","StuffTheSpire:HeavyRock","Replay:Bottled Flurry","paleoftheancients:Timepiece","paleoftheancients:KeyRelic","Orichalcum","Ice Cream","WizardHat","hubris:AstralHammer","aspiration:AnachronicSnailShell","StuffTheSpire:GrapeVine","paleoftheancients:SoulOfTheDefect","Tingsha"],"acts_visited":["Exordium","TheCity","TheBeyond","TheBeyond"],"potions_floor_usage":[16,16,18,25,27,37,37,47,62],"damage_taken":[{"damage":5,"enemies":"Small Slimes","floor":1,"turns":2},{"damage":0,"enemies":"Cultist","floor":3,"turns":2},{"damage":0,"enemies":"2 Louse","floor":5,"turns":1},{"damage":2,"enemies":"Red Slaver","floor":8,"turns":2},{"damage":0,"enemies":"Gremlin Nob","floor":11,"turns":3},{"damage":0,"enemies":"Lagavulin","floor":13,"turns":2},{"damage":0,"enemies":"Exordium Thugs","floor":16,"turns":2},{"damage":58,"enemies":"The Guardian","floor":18,"turns":12},{"damage":8,"enemies":"Chosen","floor":20,"turns":3},{"damage":0,"enemies":"Spheric Guardian","floor":21,"turns":3},{"damage":8,"enemies":"Book of Stabbing","floor":25,"turns":3},{"damage":12,"enemies":"3 Cultists","floor":27,"turns":3},{"damage":10,"enemies":"Sentry and Sphere","floor":31,"turns":3},{"damage":23,"enemies":"Centurion and Healer","floor":32,"turns":4},{"damage":5,"enemies":"Snake Plant","floor":33,"turns":2},{"damage":0,"enemies":"Pondfish","floor":35,"turns":6},{"damage":5,"enemies":"3 Darklings","floor":37,"turns":3},{"damage":10,"enemies":"Orb Walker","floor":40,"turns":2},{"damage":12,"enemies":"Reptomancer","floor":47,"turns":3},{"damage":37,"enemies":"Sphere and 2 Shapes","floor":50,"turns":4},{"damage":20,"enemies":"Replay:Hell Engine","floor":52,"turns":7},{"damage":78,"enemies":"Replay:Hell Engine","floor":53,"turns":5},{"damage":64,"enemies":"Replay:Hell Engine","floor":54,"turns":6},{"damage":0,"enemies":"Replay:Hell Engine","floor":55,"turns":4},{"damage":77,"enemies":"Replay:Hell Engine","floor":58,"turns":5},{"damage":25,"enemies":"paleoftheancients:N","floor":62,"turns":6}],"seed_played":"2822583150847722956","potions_obtained":[{"floor":1,"key":"theDuelist:FireBottle"},{"floor":3,"key":"blueLaboratory:Moonshine"},{"floor":11,"key":"Dexterity Potion"},{"floor":16,"key":"theDuelist:SealedPackC"},{"floor":20,"key":"hexamod:EctoCoolerPotion"},{"floor":25,"key":"theDuelist:CoolBottle"},{"floor":33,"key":"theDuelist:CoolBottle"},{"floor":36,"key":"jedi:StrikingPotion"},{"floor":40,"key":"Slimebound:ThreeZeroPotion"},{"floor":58,"key":"hexamod:EctoCoolerPotion"}],"is_trial":false,"path_per_floor":["M","?","M","?","M","R","$","M","T","?","E","$","E","PTL","PTL","M","R_BF","B",null,"M","M","?","?","?","E","?","M","T","R","$","M","M","M","R","B",null,"M","?","?","M","?","$","?","R","T","R","E","?","?","M","R","B","M","M","?","$","R","M","R","T","?","B"],"character_chosen":"THE_DUELIST","items_purchased":["theDuelist:CrystalRaigeki","theDuelist:TripodFish","theDuelist:NileToken","theDuelist:Ojamuscle","theDuelist:StatueAnguishPattern","StuffTheSpire:GrapeVine","theDuelist:PotGreed"],"campfire_rested":4,"item_purchase_floors":[7,7,12,42,42,56,56],"current_hp_per_floor":[75,75,75,75,75,75,75,73,73,73,73,73,73,73,73,73,73,15,80,72,72,72,72,72,64,58,46,46,70,70,60,37,32,56,80,85,80,80,80,73,73,73,73,73,73,73,61,61,61,28,53,85,46,85,85,85,85,47,72,72,72,49,49],"gold":82,"neow_bonus":"ONE_RANDOM_RARE_CARD","is_daily":false,"chose_seed":false,"campfire_upgraded":4,"win_rate":0.0,"timestamp":1608255118,"path_taken":["M","?","?","?","M","R","$","M","T","?","E","?","E","PTL","PTL","M","R_BF","BOSS","M","M","?","?","?","E","?","M","T","R","$","M","M","M","R","BOSS","M","?","?","M","?","?","?","R","T","R","E","?","?","M","R","BOSS","M","M","?","$","R","M","R","T","?","BOSS"],"items_purchased_type":["Card","Card","Relic","Card","Card","Relic","Card"],"build_version":"2020-12-13","purchased_purges":2,"victory":false,"max_hp_per_floor":[80,80,80,80,80,80,80,80,80,80,80,80,80,80,80,80,80,80,80,80,80,80,80,80,80,80,80,80,80,80,80,80,80,80,80,85,85,85,85,85,85,85,85,85,85,85,85,85,85,85,85,85,85,85,85,85,85,85,85,85,85,85,85],"relic_stats":{"counters":[26,96],"CeramicFish":153,"Tingsha":[0],"Juzu Bracelet":2,"Orichalcum":[54],"obtain_stats":[{"Ice Cream":52,"WizardHat":55,"Tiny House":36,"CeramicFish":13,"SacredBark":19,"Juzu Bracelet":11,"StuffTheSpire:GrapeVine":56,"paleoftheancients:SoulOfTheDefect":58,"theDuelist:MillenniumPuzzle":0,"theDuelist:BoosterPackPoolRelic":0,"hubris:Icosahedron":43,"hubris:AstralHammer":55,"StuffTheSpire:HeavyRock":45,"aspiration:AnachronicSnailShell":55,"theDuelist:CardPoolAddRelic":0,"theDuelist:CardPoolOptionsRelic":0,"Replay:Bottled Flurry":47,"theDuelist:CardPoolRelic":0,"paleoftheancients:KeyRelic":52,"Tingsha":60,"theDuelist:CardPoolSaveRelic":0,"Orichalcum":52,"keyreminder:keyreminder":6,"hubris:Zylophone":25,"theDuelist:MillenniumRing":28,"paleoftheancients:Timepiece":52,"theDuelist:FlowToken":26,"theDuelist:CardPoolMinusRelic":0,"theDuelist:NileToken":12,"theDuelist:CardPoolBasicRelic":0,"theDuelist:MillenniumSymbol":22},{"Ice Cream":21,"WizardHat":24,"Tiny House":16,"CeramicFish":6,"SacredBark":8,"Juzu Bracelet":5,"StuffTheSpire:GrapeVine":24,"paleoftheancients:SoulOfTheDefect":25,"theDuelist:MillenniumPuzzle":0,"theDuelist:BoosterPackPoolRelic":0,"hubris:Icosahedron":18,"hubris:AstralHammer":24,"StuffTheSpire:HeavyRock":18,"aspiration:AnachronicSnailShell":24,"theDuelist:CardPoolAddRelic":0,"theDuelist:CardPoolOptionsRelic":0,"Replay:Bottled Flurry":19,"theDuelist:CardPoolRelic":0,"paleoftheancients:KeyRelic":21,"Tingsha":25,"theDuelist:CardPoolSaveRelic":0,"Orichalcum":21,"keyreminder:keyreminder":3,"hubris:Zylophone":11,"theDuelist:MillenniumRing":12,"paleoftheancients:Timepiece":21,"theDuelist:FlowToken":11,"theDuelist:CardPoolMinusRelic":0,"theDuelist:NileToken":5,"theDuelist:CardPoolBasicRelic":0,"theDuelist:MillenniumSymbol":10},{"Ice Cream":70,"WizardHat":85,"Tiny House":52,"CeramicFish":12,"SacredBark":25,"Juzu Bracelet":10,"StuffTheSpire:GrapeVine":85,"paleoftheancients:SoulOfTheDefect":90,"theDuelist:MillenniumPuzzle":0,"theDuelist:BoosterPackPoolRelic":0,"hubris:Icosahedron":57,"hubris:AstralHammer":85,"StuffTheSpire:HeavyRock":57,"aspiration:AnachronicSnailShell":85,"theDuelist:CardPoolAddRelic":0,"theDuelist:CardPoolOptionsRelic":0,"Replay:Bottled Flurry":60,"theDuelist:CardPoolRelic":0,"paleoftheancients:KeyRelic":70,"Tingsha":90,"theDuelist:CardPoolSaveRelic":0,"Orichalcum":70,"keyreminder:keyreminder":5,"hubris:Zylophone":34,"theDuelist:MillenniumRing":37,"paleoftheancients:Timepiece":70,"theDuelist:FlowToken":34,"theDuelist:CardPoolMinusRelic":0,"theDuelist:NileToken":10,"theDuelist:CardPoolBasicRelic":0,"theDuelist:MillenniumSymbol":31}]},"card_choices":[{"not_picked":["theDuelist:LeviaDragon","theDuelist:GraydleDragon","theDuelist:HappyLover","theDuelist:Eva"],"picked":"theDuelist:RainbowDragon","floor":1},{"not_picked":["theDuelist:EvilswarmHeliotrope","theDuelist:Reload","theDuelist:FlameTiger","theDuelist:FuryFire"],"picked":"theDuelist:DarkFactory","floor":3},{"not_picked":["theDuelist:RageDeepSea","theDuelist:DarkMagician","theDuelist:GiantRedSeasnake","theDuelist:DepthShark","theDuelist:FabledAshenveil"],"picked":"SKIP","floor":5},{"not_picked":["theDuelist:HammerShot","theDuelist:MirrorForce","theDuelist:WeepingIdol","theDuelist:DarkMirrorForce"],"picked":"theDuelist:DarkHole","floor":8},{"not_picked":["theDuelist:HighTideGyojin","theDuelist:BigDesFrog","theDuelist:BigWaveSmallWave","theDuelist:StarBoy"],"picked":"theDuelist:OjamaTrio","floor":11},{"not_picked":["theDuelist:WaterHazard","theDuelist:CatapultTurtle","theDuelist:AegisOceanDragon"],"picked":"theDuelist:WhiteHowling","floor":13},{"not_picked":["theDuelist:NightmarePenguin","theDuelist:WaterSpirit","theDuelist:RainbowNeos","theDuelist:GishkiZielgigas"],"picked":"theDuelist:DarkHorizon","floor":16},{"not_picked":["theDuelist:SpiralSpearStrike+1","theDuelist:OjamaKnight+1","theDuelist:OjamaBlue","theDuelist:GamecieltheSeaTurtleKaiju"],"picked":"theDuelist:OjamaRed","floor":20},{"not_picked":["theDuelist:RageDeepSea","theDuelist:DunamesDarkWitch","theDuelist:SevenColoredFish","theDuelist:CallAtlanteans","theDuelist:BlizzardThunderbird"],"picked":"SKIP","floor":21},{"not_picked":["theDuelist:FishKicks","theDuelist:DiamondDust","theDuelist:FishSwaps","theDuelist:WaterHazard+1"],"picked":"theDuelist:BigWaveSmallWave","floor":25},{"not_picked":["theDuelist:GishkiAvance+1","theDuelist:RainbowNeos","theDuelist:Eva","theDuelist:MysticalElf"],"picked":"theDuelist:WhiteMagicalHat","floor":27},{"not_picked":["theDuelist:LightningDarts","theDuelist:Wiretap","theDuelist:DestructPotion","theDuelist:DianKeto+1"],"picked":"theDuelist:OjamaKnight","floor":31},{"not_picked":["theDuelist:DunamesDarkWitch","theDuelist:Eva","theDuelist:DarkMagicianGirl+1","theDuelist:IceQueen+1"],"picked":"theDuelist:IrisEarthMother","floor":32},{"not_picked":["theDuelist:RainbowNeos","theDuelist:HappyLover+1","theDuelist:Eva","theDuelist:KamionTimelord"],"picked":"theDuelist:RainbowDragon","floor":33},{"not_picked":["theDuelist:DunamesDarkWitch","theDuelist:HappyLover","theDuelist:Eva","theDuelist:KamionTimelord+1"],"picked":"theDuelist:RainbowDragon+1","floor":35},{"not_picked":["theDuelist:EarthquakeGiant","theDuelist:RainbowOverdragon","theDuelist:WormWarlord","theDuelist:Mathematician"],"picked":"theDuelist:Raigeki+1","floor":37},{"not_picked":["theDuelist:TorrentialTribute","theDuelist:FishborgLauncher+1","theDuelist:Relinquished","theDuelist:OhFish+1"],"picked":"theDuelist:TributeDoomed","floor":40},{"not_picked":["theDuelist:GishkiReliever","theDuelist:GishkiEmilia+1","theDuelist:GishkiAriel+1","theDuelist:GishkiShadow+1","theDuelist:GishkiAvance"],"picked":"SKIP","floor":47},{"not_picked":["theDuelist:GishkiShadow+1","theDuelist:GishkiReliever","theDuelist:GishkiBeast","theDuelist:GishkiEmilia+1","theDuelist:GishkiAvance"],"picked":"SKIP","floor":50},{"not_picked":["theDuelist:GishkiAriel+1","theDuelist:AquaactressArowana+1","theDuelist:Tierra+1"],"picked":"SKIP","floor":53},{"not_picked":["theDuelist:AbyssWarrior+1","theDuelist:FlyingSaucer+1","theDuelist:GiantTurtle+1","theDuelist:BigDesFrog+1"],"picked":"theDuelist:DarkMagicianGirl+1","floor":58}],"player_experience":513191,"relics_obtained":[{"floor":11,"key":"Juzu Bracelet"},{"floor":13,"key":"CeramicFish"},{"floor":25,"key":"hubris:Zylophone"},{"floor":28,"key":"theDuelist:MillenniumRing"},{"floor":45,"key":"StuffTheSpire:HeavyRock"},{"floor":47,"key":"Replay:Bottled Flurry"},{"floor":55,"key":"WizardHat"},{"floor":55,"key":"hubris:AstralHammer"},{"floor":55,"key":"aspiration:AnachronicSnailShell"},{"floor":58,"key":"paleoftheancients:SoulOfTheDefect"},{"floor":60,"key":"Tingsha"}],"event_choices":[{"cards_removed":["theDuelist:OjamaYellow"],"damage_healed":0,"gold_gain":0,"player_choice":"Purged","damage_taken":0,"max_hp_gain":0,"max_hp_loss":0,"event_name":"Purifier","floor":2,"gold_loss":0},{"damage_healed":0,"gold_gain":0,"player_choice":"Leave","duelist":true,"damage_taken":0,"max_hp_gain":0,"max_hp_loss":0,"event_name":"Tomb of the Nameless","floor":4,"gold_loss":0},{"damage_healed":0,"gold_gain":0,"player_choice":"Leave","duelist":true,"damage_taken":0,"max_hp_gain":0,"max_hp_loss":0,"event_name":"Card Trader","floor":10,"gold_loss":0},{"damage_healed":0,"gold_gain":0,"player_choice":"Took item - Received: Millennium Symbol","duelist":true,"damage_taken":0,"max_hp_gain":0,"max_hp_loss":0,"event_name":"Millennium Items","floor":22,"gold_loss":0},{"damage_healed":0,"gold_gain":0,"player_choice":"Leave","duelist":true,"damage_taken":0,"max_hp_gain":0,"max_hp_loss":0,"event_name":"Relic Duplicator","floor":24,"gold_loss":0},{"damage_healed":0,"gold_gain":0,"player_choice":"Dig - random Duelist relic","duelist":true,"damage_taken":0,"max_hp_gain":0,"max_hp_loss":0,"event_name":"Aknamkanon\u0027s Tomb","floor":26,"gold_loss":0},{"cards_removed":["GremboGang"],"damage_healed":0,"gold_gain":0,"player_choice":"Removed Power","damage_taken":0,"max_hp_gain":0,"max_hp_loss":0,"event_name":"Falling","floor":38,"gold_loss":0},{"damage_healed":0,"gold_gain":0,"player_choice":"Leave","duelist":true,"damage_taken":0,"max_hp_gain":0,"max_hp_loss":0,"event_name":"Tomb of the Nameless","floor":41,"gold_loss":0},{"damage_healed":0,"gold_gain":0,"player_choice":"Upgraded Two","damage_taken":0,"max_hp_gain":0,"max_hp_loss":0,"event_name":"Designer","floor":49,"gold_loss":40,"cards_upgraded":["theDuelist:OjamaRed","theDuelist:Ojamuscle"]},{"damage_healed":0,"gold_gain":0,"player_choice":"Fight","duelist":true,"damage_taken":0,"max_hp_gain":0,"max_hp_loss":0,"event_name":"Battle City","floor":55,"gold_loss":0}],"is_beta":false,"boss_relics":[{"not_picked":["theDuelist:ElectricKey","StuffTheSpire:Kangaroo"],"picked":"SacredBark"},{"not_picked":["energizedSpire:HugeHouse","Runic Cube"],"picked":"Tiny House"}],"items_purged_floors":[7,30],"is_endless":false,"potions_floor_spawned":[1,3,11,16,20,25,33,40,58],"killed_by":"paleoftheancients:N","ascension_level":0}}