{"host":"9ndbo4kgsfoemf7y","time":1608305378,"event":{"mods":["AchievementEnabler","BaseMod","Colored Map","DeckTracker","Keyboard Shortcuts","Minty Spire (QoL Compilation)","Permanent Neow","Quick Restart","Relic Stats","StSLib","SuperFastMode"],"gold_per_floor":[359,76,92,92,108,138,138,155,155,173,199,199,215,227,227,304,304,315,0,0,0,0],"floor_reached":21,"playtime":639,"items_purged":["Defend_R"],"score":458,"play_id":"657d5000-438a-411a-b61d-3d8252c41041","local_time":"20201219002938","is_ascension_mode":true,"campfire_choices":[{"data":"Uppercut","floor":7.0,"key":"SMITH"},{"floor":12.0,"key":"REST"},{"data":"Blood for Blood","floor":15.0,"key":"SMITH"}],"circlet_count":0,"master_deck":["AscendersBane","Bash","Uppercut+1","Perfected Strike","Limit Break","Ghostly Armor","Berserk","Battle Trance","Twin Strike","Perfected Strike","Blood for Blood+1","Reaper","Reaper","Juggernaut","Twin Strike","Exhume","Blood for Blood","Reaper","Heavy Blade","RitualDagger"],"relics":["Burning Blood","Lizard Tail","Ice Cream","WingedGreaves","Pandora\u0027s Box","Du-Vu Doll"],"acts_visited":["Exordium","TheCity"],"potions_floor_usage":[],"damage_taken":[{"damage":9.0,"enemies":"2 Louse","floor":1.0,"turns":4.0},{"damage":1.0,"enemies":"Cultist","floor":3.0,"turns":3.0},{"damage":14.0,"enemies":"Small Slimes","floor":5.0,"turns":3.0},{"damage":20.0,"enemies":"Lagavulin","floor":6.0,"turns":7.0},{"damage":6.0,"enemies":"Looter","floor":8.0,"turns":3.0},{"damage":22.0,"enemies":"Exordium Thugs","floor":10.0,"turns":6.0},{"damage":35.0,"enemies":"3 Sentries","floor":11.0,"turns":12.0},{"damage":10.0,"enemies":"2 Fungi Beasts","floor":13.0,"turns":4.0},{"damage":11.0,"enemies":"Lots of Slimes","floor":14.0,"turns":5.0},{"damage":0.0,"enemies":"Slime Boss","floor":16.0,"turns":5.0},{"damage":60.0,"enemies":"2 Thieves","floor":18.0,"turns":4.0},{"damage":25,"enemies":"Spheric Guardian","floor":21,"turns":3}],"seed_played":"1258315140585152274","potions_obtained":[{"floor":1.0,"key":"SteroidPotion"},{"floor":5.0,"key":"FearPotion"},{"floor":10.0,"key":"ColorlessPotion"},{"floor":14.0,"key":"DuplicationPotion"}],"is_trial":false,"path_per_floor":["M","$","M","?","M","E","R","M","T","M","E","R","M","M","R","B",null,"M","$","?","M"],"character_chosen":"IRONCLAD","items_purchased":["Perfected Strike","Limit Break","Du-Vu Doll"],"campfire_rested":1,"item_purchase_floors":[2,2,19],"current_hp_per_floor":[47,47,52,52,44,30,30,30,30,14,23,45,41,36,36,42,67,23,23,17,0,0],"gold":0,"neow_bonus":"TWO_FIFTY_GOLD","is_daily":false,"chose_seed":false,"campfire_upgraded":2,"win_rate":0.0,"timestamp":1608305378,"path_taken":["M","$","M","?","M","E","R","?","T","M","E","R","M","M","R","BOSS","M","$","?","M"],"items_purchased_type":["Card","Card","Relic"],"build_version":"2020-12-13","purchased_purges":1,"victory":false,"max_hp_per_floor":[75,75,75,75,75,75,75,75,75,75,75,75,75,75,75,75,75,75,75,75,75,75],"relic_stats":{"Lizard Tail":37,"counters":[12,59],"Pandora\u0027s Box":["Reaper","Juggernaut","Twin Strike","Exhume","Blood for Blood","Reaper","Heavy Blade"],"obtain_stats":[{"Ice Cream":9,"Du-Vu Doll":19,"Lizard Tail":6,"Pandora\u0027s Box":17,"WingedGreaves":11,"Burning Blood":0},{"Ice Cream":5,"Du-Vu Doll":11,"Lizard Tail":4,"Pandora\u0027s Box":10,"WingedGreaves":7,"Burning Blood":0},{"Ice Cream":20,"Du-Vu Doll":56,"Lizard Tail":17,"Pandora\u0027s Box":52,"WingedGreaves":38,"Burning Blood":0}],"Burning Blood":66},"card_choices":[{"not_picked":["Ghostly Armor","Body Slam"],"picked":"Uppercut","floor":1.0},{"not_picked":["Clothesline","Warcry"],"picked":"Ghostly Armor","floor":3.0},{"not_picked":["Havoc","Clothesline","Rupture"],"picked":"SKIP","floor":5.0},{"not_picked":["Rupture","Carnage"],"picked":"Berserk","floor":6.0},{"not_picked":["Searing Blow","Havoc","Thunderclap"],"picked":"SKIP","floor":8.0},{"not_picked":["Power Through","Pummel"],"picked":"Battle Trance","floor":10.0},{"not_picked":["Shrug It Off","Battle Trance"],"picked":"Twin Strike","floor":11.0},{"not_picked":["Thunderclap","Havoc"],"picked":"Perfected Strike","floor":13.0},{"not_picked":["Battle Trance","Fire Breathing"],"picked":"Blood for Blood","floor":14.0},{"not_picked":["Corruption","Bludgeon"],"picked":"Reaper","floor":16.0},{"not_picked":["Clash","Rupture","Blood for Blood"],"picked":"SKIP","floor":18.0}],"player_experience":700120,"relics_obtained":[{"floor":6.0,"key":"Lizard Tail"},{"floor":9.0,"key":"Ice Cream"},{"floor":11.0,"key":"WingedGreaves"}],"event_choices":[{"cards_removed":["Strike_R"],"damage_healed":0.0,"max_hp_gain":0.0,"max_hp_loss":0.0,"gold_gain":0.0,"event_name":"Bonfire Elementals","player_choice":"Offered Basic","floor":4.0,"gold_loss":0.0,"damage_taken":0.0},{"damage_healed":0,"gold_gain":0,"player_choice":"Joined the Cult","damage_taken":6,"max_hp_gain":0,"max_hp_loss":0,"event_name":"Nest","floor":20,"gold_loss":0,"cards_obtained":["RitualDagger"]}],"is_beta":false,"boss_relics":[{"not_picked":["Cursed Key","Black Blood"],"picked":"Pandora\u0027s Box"}],"items_purged_floors":[2],"is_endless":false,"potions_floor_spawned":[1,5,10,14],"killed_by":"Spheric Guardian","ascension_level":18}}