{"host":"m9i7qe3hvz6jihjh","time":1608303637,"event":{"mods":["BaseMod","Colored Powertips","Infinite Spire","Minty Spire (QoL Compilation)","Quick Restart","StSLib","The Animator","Waifu the Spire"],"gold_per_floor":[109,121,121,46,66,84,10,28,28,28,28,28,28,59,59,154,154,174,189,123,142,159,186,186,186,210,309,509,526,526,542,542,542,542],"floor_reached":33,"playtime":1201,"items_purged":["Defend_P","Strike_P"],"score":269,"play_id":"7d23e7f6-fd4f-4b8c-a78c-2f9ee1a733f5","local_time":"20201218160037","is_ascension_mode":false,"campfire_choices":[{"floor":13,"key":"REST"},{"data":"Study","floor":15,"key":"SMITH"},{"floor":24,"key":"REST"},{"floor":32,"key":"REST"}],"circlet_count":0,"master_deck":["Strike_P","Strike_P","Strike_P","Defend_P","Defend_P","Defend_P","Eruption","Vigilance","Halt","ForeignInfluence+1","TalkToTheHand","Indignation","ReachHeaven","FollowUp","Study+1","Judgement","Prostrate+1","Halt+1","ConjureBlade","ThirdEye","FollowUp","infinitespire:Menacing","ClearTheMind","Omniscience"],"relics":["PureWater","infinitespire:PuzzleCube","Peace Pipe","Gremlin Horn","VioletLotus","StoneCalendar","Vajra","Lizard Tail","Toy Ornithopter"],"acts_visited":["Exordium","TheCity"],"potions_floor_usage":[5,6,6,6,8,16,18,18,19,23,30],"damage_taken":[{"damage":0,"enemies":"Jaw Worm","floor":1,"turns":3},{"damage":0,"enemies":"infinitespire:Voidling","floor":2,"turns":4},{"damage":8,"enemies":"Small Slimes","floor":5,"turns":3},{"damage":7,"enemies":"2 Fungi Beasts","floor":6,"turns":4},{"damage":4,"enemies":"Blue Slaver","floor":8,"turns":4},{"damage":14,"enemies":"3 Sentries","floor":14,"turns":4},{"damage":24,"enemies":"The Guardian","floor":16,"turns":10},{"damage":0,"enemies":"Chosen","floor":18,"turns":3},{"damage":0,"enemies":"Shell Parasite","floor":19,"turns":3},{"damage":23,"enemies":"Centurion and Healer","floor":21,"turns":5},{"damage":23,"enemies":"3 Cultists","floor":22,"turns":5},{"damage":24,"enemies":"Book of Stabbing","floor":23,"turns":5},{"damage":2,"enemies":"Sentry and Sphere","floor":29,"turns":3},{"damage":0,"enemies":"Centurion and Healer","floor":30,"turns":1},{"damage":5,"enemies":"3 Cultists","floor":31,"turns":3},{"damage":102,"enemies":"Champ","floor":33,"turns":8}],"seed_played":"-2759715251973399249","potions_obtained":[{"floor":2,"key":"Block Potion"},{"floor":3,"key":"DuplicationPotion"},{"floor":3,"key":"EntropicBrew"},{"floor":5,"key":"Regen Potion"},{"floor":8,"key":"Dexterity Potion"},{"floor":18,"key":"DistilledChaos"},{"floor":22,"key":"Block Potion"},{"floor":29,"key":"SmokeBomb"}],"is_trial":false,"path_per_floor":["M","M","?","$","M","M","$","M","T","?","$","?","R","E","R","B",null,"M","M","?","M","M","E","R","AVR","T","?","?","M","M","M","R","B"],"character_chosen":"WATCHER","items_purchased":["ReachHeaven"],"campfire_rested":3,"item_purchase_floors":[7],"current_hp_per_floor":[72,72,72,72,64,69,69,65,65,65,65,62,72,58,58,34,72,72,72,72,49,26,2,23,23,23,23,23,21,26,21,42,0,0],"gold":542,"neow_bonus":"RANDOM_COMMON_RELIC","is_daily":false,"chose_seed":false,"campfire_upgraded":1,"win_rate":0.0,"timestamp":1608303637,"path_taken":["M","M","?","$","?","M","$","?","T","?","$","?","R","E","R","BOSS","M","M","?","M","?","E","R","AVR","T","?","?","M","?","M","R","BOSS"],"items_purchased_type":["Card"],"build_version":"2020-12-13","purchased_purges":2,"victory":false,"max_hp_per_floor":[72,72,72,72,72,72,72,72,72,72,72,72,72,72,72,72,72,72,72,72,72,72,72,72,72,72,72,72,72,72,72,72,72,72],"card_choices":[{"not_picked":["SashWhip","EmptyFist"],"picked":"Halt","floor":1},{"not_picked":["Weave","BowlingBash"],"picked":"ForeignInfluence","floor":2},{"not_picked":["SashWhip","Swivel"],"picked":"TalkToTheHand","floor":5},{"not_picked":["Conclude","Protect"],"picked":"Indignation","floor":6},{"not_picked":["Nirvana","BowlingBash"],"picked":"FollowUp","floor":8},{"not_picked":["BowlingBash","Brilliance"],"picked":"Study","floor":14},{"not_picked":["Brilliance","Blasphemy"],"picked":"Judgement","floor":16},{"not_picked":["BattleHymn","Fasting2"],"picked":"Prostrate+1","floor":18},{"not_picked":["Protect","CutThroughFate"],"picked":"Halt+1","floor":19},{"not_picked":["CrushJoints","JustLucky"],"picked":"ConjureBlade","floor":21},{"not_picked":["BowlingBash+1","EmptyFist"],"picked":"ThirdEye","floor":22},{"not_picked":["EmptyFist+1","Crescendo"],"picked":"FollowUp","floor":23},{"not_picked":["SandsOfTime","Vengeance+1"],"picked":"ClearTheMind","floor":29},{"not_picked":["SignatureMove","SashWhip"],"picked":"Omniscience","floor":31}],"player_experience":871037,"relics_obtained":[{"floor":14,"key":"Gremlin Horn"},{"floor":23,"key":"Vajra"},{"floor":26,"key":"Toy Ornithopter"}],"event_choices":[{"damage_healed":0,"gold_gain":0,"player_choice":"Got Potions","damage_taken":0,"max_hp_gain":0,"max_hp_loss":0,"event_name":"Lab","floor":3,"gold_loss":0},{"damage_healed":0,"gold_gain":0,"player_choice":"Success","damage_taken":3,"relics_obtained":["Peace Pipe"],"max_hp_gain":0,"max_hp_loss":0,"event_name":"Scrap Ooze","floor":12,"gold_loss":0},{"damage_healed":0,"gold_gain":0,"player_choice":"Paid Gold","damage_taken":0,"relics_obtained":["StoneCalendar"],"max_hp_gain":0,"max_hp_loss":0,"event_name":"WeMeetAgain","floor":20,"gold_loss":66},{"damage_healed":0,"gold_gain":99,"player_choice":"Stole From Cult","damage_taken":0,"max_hp_gain":0,"max_hp_loss":0,"event_name":"Nest","floor":27,"gold_loss":0},{"damage_healed":0,"gold_gain":200,"player_choice":"Gold","damage_taken":0,"max_hp_gain":0,"max_hp_loss":0,"event_name":"Wheel of Change","floor":28,"gold_loss":0}],"is_beta":false,"boss_relics":[{"not_picked":["Pandora\u0027s Box","Runic Pyramid"],"picked":"VioletLotus"}],"items_purged_floors":[4,25],"is_endless":false,"potions_floor_spawned":[2,5,8,18,22,29],"killed_by":"Champ","ascension_level":0}}