{"host":"3srbdas3e7jgqz5l","time":1608325764,"event":{"mods":["BaseMod","Downfall","Minty Spire (QoL Compilation)","StSLib"],"gold_per_floor":[99,109,141,154,154,169,250,267,367,397,497,516,526,178,191,289,289,289,289,289,316,327,345,345,149,149,184,198,215,215,215,228,325,325,250,262,467,478,478,85,111,136,150,178,194,194,211,230,242,242],"floor_reached":51,"playtime":4070,"items_purged":["Slimebound:Strike_Slimebound","Slimebound:Strike_Slimebound","Slimebound:Tackle"],"score":788,"play_id":"f8eedde8-5bf8-4f12-9bad-c3bb37c1214d","local_time":"20201218210924","is_ascension_mode":false,"campfire_choices":[{"data":"Slimebound:CorrosiveSpit","floor":1,"key":"SMITH"},{"data":"Slimebound:Split","floor":5,"key":"SMITH"},{"floor":18,"key":"RECALL"},{"floor":35,"key":"REST"}],"circlet_count":0,"master_deck":["Slimebound:Defend_Slimebound","Slimebound:Defend_Slimebound","Slimebound:Defend_Slimebound","Slimebound:Split+1","Slimebound:CorrosiveSpit+1","Slimebound:Equalize","Slimebound:SplitBruiser","Slimebound:LeadByExample","Slimebound:FinishingTackle","Slimebound:GoopSpray","Slimebound:SamplingLick","Slimebound:Gluttony+1","Slimebound:DuplicatedForm+1","Slimebound:LivingWall","Slimebound:SpikyOuterGoop+1","Slimebound:SamplingLick","Slimebound:GrowthPunch","Slimebound:OozeBath","Slimebound:LeadByExample+1","Slimebound:Teamwork","Slimebound:PressTheAttack+1","Slimebound:SplitSpecialist+1","Slimebound:DisruptingSlam","Slimebound:AcidTongue+1","Slimebound:LevelUp+1","Slimebound:LeechLife","Slimebound:ServeAndProtect","Slimebound:WasteNot","Slimebound:MegaLick+1","Slimebound:Prepare+1","Slimebound:MegaLick"],"relics":["Slimebound:AbsorbEndCombat","Centennial Puzzle","Frozen Egg 2","Mercury Hourglass","Potion Belt","Bag of Preparation","Fusion Hammer","Boot","Pear","Eternal Feather","Cursed Key","downfall:HeartBlessingRed","Omamori","Regal Pillow","Meat on the Bone"],"acts_visited":["Exordium","TheCity","TheBeyond"],"potions_floor_usage":[3,14,16,23,28,29,33,37,42],"damage_taken":[{"damage":6,"enemies":"Small Slimes","floor":2,"turns":4},{"damage":29,"enemies":"3 Sentries","floor":3,"turns":9},{"damage":4,"enemies":"2 Louse","floor":4,"turns":5},{"damage":12,"enemies":"Cultist","floor":6,"turns":2},{"damage":15,"enemies":"Large Slime","floor":8,"turns":3},{"damage":20,"enemies":"Gremlin Nob","floor":10,"turns":3},{"damage":24,"enemies":"downfall:LadyInBlue","floor":11,"turns":6},{"damage":8,"enemies":"2 Fungi Beasts","floor":12,"turns":2},{"damage":12,"enemies":"Gremlin Gang","floor":13,"turns":2},{"damage":15,"enemies":"downfall:FleeingMerchant","floor":14,"turns":4},{"damage":19,"enemies":"Large Slime","floor":15,"turns":4},{"damage":45,"enemies":"downfall:Defect","floor":16,"turns":6},{"damage":42,"enemies":"Slavers","floor":21,"turns":5},{"damage":27,"enemies":"Chosen","floor":22,"turns":4},{"damage":23,"enemies":"Spheric Guardian","floor":23,"turns":4},{"damage":27,"enemies":"downfall:FleeingMerchant","floor":25,"turns":4},{"damage":31,"enemies":"Book of Stabbing","floor":27,"turns":5},{"damage":13,"enemies":"Shelled Parasite and Fungi","floor":28,"turns":4},{"damage":16,"enemies":"Centurion and Healer","floor":29,"turns":4},{"damage":24,"enemies":"Snake Plant","floor":32,"turns":3},{"damage":51,"enemies":"downfall:Watcher","floor":33,"turns":7},{"damage":26,"enemies":"3 Shapes","floor":36,"turns":4},{"damage":28,"enemies":"downfall:FleeingMerchant","floor":37,"turns":4},{"damage":12,"enemies":"Orb Walker","floor":38,"turns":3},{"damage":69,"enemies":"Nemesis","floor":42,"turns":5},{"damage":28,"enemies":"Maw","floor":43,"turns":6},{"damage":78,"enemies":"Reptomancer","floor":44,"turns":7},{"damage":29,"enemies":"Spire Growth","floor":45,"turns":5},{"damage":54,"enemies":"Jaw Worm Horde","floor":47,"turns":5},{"damage":31,"enemies":"Maw","floor":48,"turns":6},{"damage":26,"enemies":"3 Darklings","floor":49,"turns":5},{"damage":59,"enemies":"downfall:Silent","floor":50,"turns":9}],"seed_played":"9029324363087362242","potions_obtained":[{"floor":0,"key":"CultistPotion"},{"floor":0,"key":"Slimebound:ThreeZeroPotion"},{"floor":0,"key":"Fire Potion"},{"floor":4,"key":"champ:CounterPotion"},{"floor":8,"key":"Dexterity Potion"},{"floor":11,"key":"Slimebound:SlimedPotion"},{"floor":11,"key":"ColorlessPotion"},{"floor":16,"key":"Block Potion"},{"floor":21,"key":"Slimebound:SlimedPotion"},{"floor":27,"key":"ColorlessPotion"},{"floor":29,"key":"Weak Potion"},{"floor":38,"key":"LiquidMemories"},{"floor":45,"key":"LiquidBronze"},{"floor":49,"key":"Block Potion"}],"is_trial":false,"path_per_floor":["R","M","E","M","R","M","T","M","?","E","?","M","M","$","M","B",null,"R","?","?","E","M","M","T","$","?","E","M","M","?","?","M","B",null,"R","M","$","M","?","$","T","E","M","E","M","?","M","M","M","B",null],"character_chosen":"SLIMEBOUND","items_purchased":["Slimebound:SpikyOuterGoop+1","Bag of Preparation","Slimebound:SamplingLick","Slimebound:DisruptingSlam","PowerPotion","Slimebound:ServeAndProtect","Slimebound:WasteNot","Omamori"],"campfire_rested":1,"item_purchase_floors":[14,14,14,25,40,40,40,40],"current_hp_per_floor":[60,60,35,41,41,43,43,48,48,48,50,58,60,60,53,36,60,60,50,50,32,38,44,54,60,60,66,75,75,75,75,65,51,75,75,61,63,75,75,75,75,49,71,75,64,64,75,75,71,75],"gold":242,"neow_bonus":"THREE_SMALL_POTIONS","is_daily":false,"chose_seed":false,"campfire_upgraded":2,"win_rate":0.0,"timestamp":1608325764,"path_taken":["R","M","E","M","R","M","T","M","?","E","?","M","M","$","M","BOSS","R","?","?","E","M","M","T","$","?","E","M","?","?","?","M","BOSS","R","M","$","M","?","$","T","E","M","E","?","?","M","M","M","BOSS"],"items_purchased_type":["Card","Relic","Card","Card","Potion","Card","Card","Relic"],"build_version":"2020-12-13","purchased_purges":3,"victory":true,"max_hp_per_floor":[60,60,60,60,60,60,60,60,60,60,60,60,60,60,60,60,60,60,65,65,65,65,65,75,75,75,75,75,75,75,75,75,75,75,75,75,75,75,75,75,75,75,75,75,75,75,75,75,75,75],"card_choices":[{"not_picked":["Slimebound:LeechingTouch","Slimebound:Dissolve"],"picked":"Slimebound:Equalize","floor":2},{"not_picked":["Slimebound:ComboTackle","Slimebound:SelfFormingGoo"],"picked":"Slimebound:SplitBruiser","floor":3},{"not_picked":["Slimebound:Schlurp","Slimebound:Dissolve"],"picked":"Slimebound:LeadByExample","floor":4},{"not_picked":["Slimebound:FlameTackle","Slimebound:SlimeTap"],"picked":"Slimebound:FinishingTackle","floor":6},{"not_picked":["Slimebound:PressTheAttack","Slimebound:ViciousTackle"],"picked":"Slimebound:GoopSpray","floor":8},{"not_picked":["Slimebound:SplitLeeching","Slimebound:ViciousTackle"],"picked":"Slimebound:SamplingLick","floor":10},{"not_picked":["Slimebound:SlimeSpikes","Slimebound:DivideAndConquer"],"picked":"Slimebound:Gluttony+1","floor":12},{"not_picked":["Slimebound:SplitLeeching","Slimebound:SplitAcid"],"picked":"Slimebound:DuplicatedForm+1","floor":13},{"not_picked":["Slimebound:DisruptingSlam","Slimebound:SplitMire"],"picked":"Slimebound:LivingWall","floor":14},{"not_picked":["Slimebound:GoopSpray","Slimebound:LeechingTouch"],"picked":"Slimebound:GrowthPunch","floor":15},{"not_picked":["Slimebound:Recycling+1","Slimebound:SlimeSlap"],"picked":"Slimebound:OozeBath","floor":16},{"not_picked":["Slimebound:SplitMire","Slimebound:ProtectTheBoss+1"],"picked":"Slimebound:Teamwork","floor":21},{"not_picked":["Slimebound:RollThrough","Slimebound:SplitLeeching"],"picked":"Slimebound:PressTheAttack+1","floor":22},{"not_picked":["Slimebound:SlimeTap+1","Slimebound:LeechEnergy","Slimebound:SamplingLick"],"picked":"SKIP","floor":23},{"not_picked":["Slimebound:SlimeBrawl+1","Slimebound:SplitLeeching"],"picked":"Slimebound:SplitSpecialist+1","floor":25},{"not_picked":["Slimebound:GrowthPunch","Slimebound:SamplingLick"],"picked":"Slimebound:AcidTongue+1","floor":27},{"not_picked":["Slimebound:PressTheAttack","Slimebound:SlimeSpikes"],"picked":"Slimebound:LevelUp+1","floor":28},{"not_picked":["Slimebound:PressTheAttack","Slimebound:SamplingLick","Slimebound:DivideAndConquer"],"picked":"SKIP","floor":29},{"not_picked":["Slimebound:FirmFortitude+1","Slimebound:FinishingTackle","Slimebound:DivideAndConquer"],"picked":"SKIP","floor":32},{"not_picked":["Slimebound:MassRepurpose","Slimebound:DuplicatedForm+1"],"picked":"Slimebound:LeechLife","floor":33},{"not_picked":["Slimebound:FinishingTackle+1","Slimebound:Schlurp","Slimebound:HungryTackle"],"picked":"SKIP","floor":36},{"not_picked":["Slimebound:DivideAndConquer+1","Slimebound:SplitMire","Slimebound:PressTheAttack+1"],"picked":"SKIP","floor":37},{"not_picked":["Slimebound:GoopSpray","Slimebound:SplitSpecialist","Slimebound:DivideAndConquer+1"],"picked":"SKIP","floor":38},{"not_picked":["Slimebound:SplitAcid+1","Slimebound:DouseInSlime","Slimebound:GoopSpray"],"picked":"SKIP","floor":42},{"not_picked":["Slimebound:SamplingLick+1","Slimebound:TongueLash+1"],"picked":"Slimebound:MegaLick+1","floor":43},{"not_picked":["Slimebound:Recollect","Slimebound:ForwardTackle","Slimebound:HungryTackle"],"picked":"SKIP","floor":44},{"not_picked":["Slimebound:ServeAndProtect+1","Slimebound:PressTheAttack"],"picked":"Slimebound:SamplingLick","floor":45},{"not_picked":["Slimebound:SplitBruiser+1","Slimebound:PressTheAttack+1"],"picked":"Slimebound:Prepare+1","floor":47},{"not_picked":["Slimebound:DivideAndConquer","Slimebound:ServeAndProtect"],"picked":"Slimebound:MegaLick","floor":48},{"not_picked":["Slimebound:GoopTackle","Slimebound:PressTheAttack+1","Slimebound:LeechEnergy+1"],"picked":"SKIP","floor":49}],"player_experience":448278,"relics_obtained":[{"floor":3,"key":"Centennial Puzzle"},{"floor":7,"key":"Frozen Egg 2"},{"floor":10,"key":"Mercury Hourglass"},{"floor":11,"key":"Potion Belt"},{"floor":21,"key":"Boot"},{"floor":24,"key":"Pear"},{"floor":27,"key":"Eternal Feather"},{"floor":42,"key":"Regal Pillow"},{"floor":44,"key":"Meat on the Bone"}],"event_choices":[{"damage_healed":0,"gold_gain":0,"player_choice":"Read","damage_taken":0,"max_hp_gain":0,"max_hp_loss":0,"event_name":"The Library","floor":20,"gold_loss":0,"cards_obtained":["Slimebound:LeadByExample"]},{"damage_healed":0,"gold_gain":0,"player_choice":"Ignored","damage_taken":0,"max_hp_gain":0,"max_hp_loss":0,"event_name":"Vampires","floor":31,"gold_loss":0},{"cards_removed":["Slimebound:Defend_Slimebound"],"damage_healed":0,"gold_gain":0,"player_choice":"Purged","damage_taken":0,"max_hp_gain":0,"max_hp_loss":0,"event_name":"Purifier","floor":39,"gold_loss":0},{"cards_removed":["Slimebound:SamplingLick"],"damage_healed":0,"gold_gain":0,"player_choice":"Removed Skill","damage_taken":0,"max_hp_gain":0,"max_hp_loss":0,"event_name":"Falling","floor":46,"gold_loss":0}],"is_beta":false,"boss_relics":[{"not_picked":["Black Star","Sozu"],"picked":"Fusion Hammer"},{"not_picked":["Velvet Choker","Snecko Eye"],"picked":"Cursed Key"}],"items_purged_floors":[14,25,37],"is_endless":false,"potions_floor_spawned":[4,8,12,13,16,21,27,29,38,45,49],"ascension_level":0}}