{"host":"63howft1cojq0ioc","time":1608303512,"event":{"mods":["Act Like it!","Aspiration","BaseMod","DeckTracker","Downfall","Infinite Spire","Minty Spire (QoL Compilation)","Quick Restart","Relic Stats","Replay The Spire","StSLib","SuperFastMode","The Jungle"],"gold_per_floor":[114,161,179,89,104,132,132,167,167,199,209,240,174,174,174,270,270,281,299,224,239,239,239,271,271,271],"floor_reached":25,"playtime":675,"items_purged":[],"score":299,"play_id":"a53049a0-1e4e-44f7-b1d0-101b3c488b75","local_time":"20201218125832","is_ascension_mode":true,"campfire_choices":[{"floor":7,"key":"REST"},{"floor":15,"key":"REST"},{"floor":23,"key":"REST"}],"circlet_count":0,"master_deck":["Strike_R","Strike_R","Strike_R","Strike_R","Defend_R+1","Defend_R","Defend_R","Bash","Cleave","Thunderclap","Sword Boomerang","Clash","Cleave","Clash","Demon Form","CurseOfTheBell","Spot Weakness+1","Battle Trance+1"],"relics":["Burning Blood","PreservedInsect","War Paint","Blue Doll","Replay:PocketPolymizer","infinitespire:EmpoweringShard","FossilizedHelix","Kunai","Calling Bell","ReplayTheSpireMod:Spearhead","Gremlin Horn","Calipers","Toxic Egg 2"],"acts_visited":["Exordium","TheCity"],"potions_floor_usage":[8,8,10,12,15,16,16,24,24,24],"damage_taken":[{"damage":9,"enemies":"Jaw Worm","floor":1,"turns":4},{"damage":15,"enemies":"Small Slimes","floor":3,"turns":3},{"damage":6,"enemies":"Cultist","floor":5,"turns":3},{"damage":27,"enemies":"Gremlin Nob","floor":6,"turns":4},{"damage":10,"enemies":"3 Sentries","floor":8,"turns":3},{"damage":16,"enemies":"Gremlin Nob","floor":10,"turns":3},{"damage":17,"enemies":"Exordium Thugs","floor":11,"turns":3},{"damage":15,"enemies":"Lagavulin","floor":12,"turns":4},{"damage":33,"enemies":"Hexaghost","floor":16,"turns":6},{"damage":33,"enemies":"2 Thieves","floor":18,"turns":3},{"damage":48,"enemies":"Shell Parasite","floor":19,"turns":5},{"damage":0,"enemies":"Centurion and Healer","floor":21,"turns":5},{"damage":15,"enemies":"Book of Stabbing","floor":24,"turns":3},{"damage":39,"enemies":"Sentry and Sphere","floor":25,"turns":5}],"seed_played":"5186264003127747014","potions_obtained":[{"floor":2,"key":"ElixirPotion"},{"floor":2,"key":"FearPotion"},{"floor":2,"key":"DuplicationPotion"},{"floor":6,"key":"Strength Potion"},{"floor":8,"key":"infinitespire:BlackPotion"},{"floor":10,"key":"BlessingOfTheForge"},{"floor":12,"key":"SkillPotion"},{"floor":18,"key":"Dexterity Potion"},{"floor":21,"key":"LiquidMemories"},{"floor":22,"key":"Slimebound:ThreeZeroPotion"},{"floor":22,"key":"DistilledChaos"},{"floor":24,"key":"Energy Potion"}],"is_trial":false,"path_per_floor":["M","?","M","?","M","E","R","E","T","E","M","E","$","?","R","B",null,"M","M","?","M","?","R","E","M"],"character_chosen":"IRONCLAD","items_purchased":["BloodPotion","Clash"],"campfire_rested":3,"item_purchase_floors":[13,13],"current_hp_per_floor":[77,57,48,48,48,27,51,47,47,37,26,17,17,17,57,30,80,53,11,11,17,17,41,32,0,0],"gold":271,"neow_bonus":"RANDOM_COMMON_RELIC","is_daily":false,"chose_seed":false,"campfire_upgraded":0,"win_rate":0.0,"timestamp":1608303512,"path_taken":["M","?","M","?","?","E","R","E","T","E","M","E","?","?","R","BOSS","M","?","?","M","?","R","E","M"],"items_purchased_type":["Potion","Card"],"build_version":"2020-12-13","purchased_purges":0,"victory":false,"max_hp_per_floor":[80,80,80,80,80,80,80,80,80,80,80,80,80,80,80,80,80,80,80,80,80,80,80,80,80,80],"relic_stats":{"Gremlin Horn":[3,3],"counters":[14,54],"PreservedInsect":145,"Kunai":[7],"War Paint":["Defend_R","Defend_R"],"obtain_stats":[{"Replay:PocketPolymizer":8,"Calipers":17,"Gremlin Horn":17,"Blue Doll":6,"PreservedInsect":0,"War Paint":4,"Burning Blood":0,"Calling Bell":17,"ReplayTheSpireMod:Spearhead":17,"infinitespire:EmpoweringShard":9,"Kunai":12,"Toxic Egg 2":24,"FossilizedHelix":10},{"Replay:PocketPolymizer":5,"Calipers":9,"Gremlin Horn":9,"Blue Doll":4,"PreservedInsect":0,"War Paint":2,"Burning Blood":0,"Calling Bell":9,"ReplayTheSpireMod:Spearhead":9,"infinitespire:EmpoweringShard":5,"Kunai":8,"Toxic Egg 2":13,"FossilizedHelix":6},{"Replay:PocketPolymizer":17,"Calipers":33,"Gremlin Horn":33,"Blue Doll":14,"PreservedInsect":0,"War Paint":7,"Burning Blood":0,"Calling Bell":33,"ReplayTheSpireMod:Spearhead":33,"infinitespire:EmpoweringShard":17,"Kunai":27,"Toxic Egg 2":49,"FossilizedHelix":20}],"Burning Blood":78},"card_choices":[{"not_picked":["Perfected Strike","Flame Barrier","True Grit"],"picked":"SKIP","floor":1},{"not_picked":["ReplayTheSpireMod:LeadingStrike","Second Wind"],"picked":"Cleave","floor":2},{"not_picked":["Disarm","Sword Boomerang"],"picked":"Thunderclap","floor":3},{"not_picked":["Warcry","Whirlwind"],"picked":"Sword Boomerang","floor":5},{"not_picked":["Body Slam","Sword Boomerang"],"picked":"Clash","floor":6},{"not_picked":["Massacre","Wild Strike","Run Through"],"picked":"SKIP","floor":8},{"not_picked":["ReplayTheSpireMod:Corrosion Curse","Wild Strike","Armaments"],"picked":"SKIP","floor":10},{"not_picked":["Body Slam","Reaper","Heavy Blade"],"picked":"SKIP","floor":11},{"not_picked":["Shrug It Off","ReplayTheSpireMod:Muscle Training"],"picked":"Cleave","floor":12},{"not_picked":["Reaper","Replay:Many Hands"],"picked":"Demon Form","floor":16},{"not_picked":["Blood for Blood","ReplayTheSpireMod:Corrosion Curse","Metallicize+1"],"picked":"SKIP","floor":18},{"not_picked":["Pommel Strike","Thunderclap"],"picked":"Spot Weakness+1","floor":19},{"not_picked":["Clash","ReplayTheSpireMod:Strike From Hell+1"],"picked":"Battle Trance+1","floor":21},{"not_picked":["Havoc+1","ReplayTheSpireMod:LeadingStrike","Blood for Blood"],"picked":"SKIP","floor":24}],"player_experience":95935,"relics_obtained":[{"floor":6,"key":"Blue Doll"},{"floor":8,"key":"Replay:PocketPolymizer"},{"floor":9,"key":"infinitespire:EmpoweringShard"},{"floor":10,"key":"FossilizedHelix"},{"floor":12,"key":"Kunai"},{"floor":17,"key":"ReplayTheSpireMod:Spearhead"},{"floor":17,"key":"Gremlin Horn"},{"floor":17,"key":"Calipers"},{"floor":24,"key":"Toxic Egg 2"}],"event_choices":[{"damage_healed":0,"gold_gain":0,"player_choice":"Paid Gold","damage_taken":0,"relics_obtained":["War Paint"],"max_hp_gain":0,"max_hp_loss":0,"event_name":"WeMeetAgain","floor":4,"gold_loss":90},{"cards_removed":["Defend_R"],"damage_healed":0,"gold_gain":0,"player_choice":"Offered Basic","damage_taken":0,"max_hp_gain":0,"max_hp_loss":0,"event_name":"Bonfire Elementals","floor":14,"gold_loss":0},{"cards_removed":["Strike_R"],"damage_healed":0,"gold_gain":0,"player_choice":"Gave Gold","damage_taken":0,"max_hp_gain":0,"max_hp_loss":0,"event_name":"Beggar","floor":20,"gold_loss":75},{"damage_healed":0,"gold_gain":0,"player_choice":"Got Potions","damage_taken":0,"max_hp_gain":0,"max_hp_loss":0,"event_name":"Lab","floor":22,"gold_loss":0}],"is_beta":false,"boss_relics":[{"not_picked":["aspiration:RunicSpoon","aspiration:RitualDagger"],"picked":"Calling Bell"}],"items_purged_floors":[],"is_endless":false,"potions_floor_spawned":[6,8,10,12,18,21,24],"killed_by":"Sentry and Sphere","ascension_level":4}}