{"host":"uc9rcmnrswh1l0kc","time":1608310074,"event":{"mods":["2.2 Compatiblity","A Magickal Journey","Aspiration","BaseMod","Better Altar","Better Third Choice","BetterRewards","Block Reminder","Colorless Booster Pack","Conspire","Defective Defect","Defuse TimeMaze Blight","Ekko","Energized Spire","GifTheSpireLib","Infinite Spire","Ironclad Rager","Minty Spire (QoL Compilation)","Rare Cards Sparkle","Red Circlet Mod","Relic Stats","Replay The Spire","SacredBarkPlus","Shop Mod","Spicy Shops","StSLib","Stuff the Spire","The Blackbeard","The Bladedancer","The Blue Laboratory","The Death Knight","The Edgeheg","The Necromancer","Uncapped","Watcher Patcher","everything is the same but u backflip on backflip","vexMod"],"gold_per_floor":[111,111,36,52,52,52,78,78,78,111,48,48,78,93,93,191,191,209,209,209,229,32,32,67,67,117,131,165,175,194,194,194,303,303,342,383,383,420,457,518,518,568,568,682,742,809,769,829,829,1033,1033,1116,1116,1196,1289,1314,1407,1552,1552,1578,1578,1578,1578,1664,225,225,333,333,373,348,348,386,386,386,386,437,462,525,525,525,525,30,30,196,146,170,201,284,319,361,361,434,7,30,66,66,66,110,176,188,292,304,316,26,89,156],"floor_reached":107,"playtime":5218,"items_purged":["Burn","ReplayTheSpireMod:Strike From Hell+1","Looming Evil","Normality","StuffTheSpire:CuriosityCurse","vexMod:UltimateCard"],"score":4116,"play_id":"3b631742-8bdf-4ed0-b4c9-374b44b2028a","local_time":"20201218114754","is_ascension_mode":false,"campfire_choices":[{"data":"Draining Mist","floor":6,"key":"SMITH"},{"data":"Draining Mist","floor":8,"key":"SMITH"},{"floor":15,"key":"REST"},{"data":"Adrenaline","floor":23,"key":"SMITH"},{"data":"StuffTheSpire:Incursion","floor":25,"key":"SMITH"},{"data":"Limit Break","floor":32,"key":"SMITH"},{"data":"infinitespire:SevenWalls","floor":41,"key":"SMITH"},{"data":"Poison Darts","floor":49,"key":"SMITH"},{"floor":66,"key":"REST"},{"data":"Poison Darts","floor":74,"key":"SMITH"},{"data":"Toxin Wave","floor":80,"key":"SMITH"},{"data":"Toxin Wave","floor":81,"key":"SMITH"},{"data":"Immolate","floor":83,"key":"SMITH"},{"data":"StuffTheSpire:ReptileScales","floor":91,"key":"SMITH"},{"data":"Looming Evil","floor":100,"key":"PURGE"},{"data":"infinitespire:Menacing+1","floor":103,"key":"SMITH"}],"circlet_count":0,"master_deck":["Strike_G","Strike_G","Strike_G","Strike_G","Strike_G","Defend_G","Defend_G","Defend_G","Defend_G","Defend_G","Survivor","Neutralize+1","Draining Mist+1","Draining Mist+1","Dodge and Roll","Poisoned Stab","infinitespire:TheBestDefense+1","Poisoned Stab","StuffTheSpire:Python+1","Adrenaline+1","StuffTheSpire:Injection","StuffTheSpire:Innocence","Backflip","CBP: UltraDivineWater","StuffTheSpire:Incursion+1","Corruption","StuffTheSpire:Python+1","Limit Break+1","Poison Darts+1","StuffTheSpire:Sprint+1","Massacre","ICR:Frenzy","Endless Agony","Poisoned Stab+1","Eclipse","Clothesline","Draining Mist+1","Deadly Poison","infinitespire:TheBestDefense+1","infinitespire:Menacing+2","infinitespire:SevenWalls+1","Immolate+1","Bludgeon","Exhume","Poison Darts+1","AbeCurse","Parasite","Sickly","Toxin Wave+1","Toxin Wave+1","Corpse Explosion+1","Replay:Bag of Tricks+1","Replay:Many Hands+1","Dagger Throw+1","Sickly","Feel No Pain+2","infinitespire:Punishment","infinitespire:DeathsTouch","ReplayTheSpireMod:Black Plague","Shame","ICR:VenomStrike","Inflame","Delirium","Deadly Poison","Prepared+1","ReplayTheSpireMod:Corrosion Curse","StuffTheSpire:MirrorStance+1","Pummel+1","Replay:Bag of Tricks+1","Bane+1","StuffTheSpire:ReptileScales+1","ReplayUltimateDefense+1","conspire:NecroticWound","Dark Embrace+1","Replay:Bootleg Shield Generator+1","StuffTheSpire:WarCurse","A Thousand Cuts+1","Immolate+1","Poison Darts+1","DevaForm+1"],"relics":["Ring of the Snake","DollysMirror","Replay:Baseball","vexMod:Spyglass","vexMod:RedPlottingStone","conspire:DeflatedDodgeball","infinitespire:Beetle Shell","Singing Bowl","StuffTheSpire:Experiment12","Regal Pillow","aspiration:IroncladSkillbook","TwistedFunnel","HornCleat","Replay:Rubber Ducky","Bag of Marbles","conspire:GiftBox","infinitespire:EvilPickle","vexMod:MysteryBossChallenge","vexMod:EndlessSickness","energizedSpire:StickyHand","Lantern","Gambling Chip","ReplayTheSpireMod:Ring of Collecting","Ring of Greed","The Courier","MealTicket","ReplayTheSpireMod:Ring of Challenge","Durian","Snake Skull","Abe\u0027s Treasure","Black Star","Ring of Fury","aspiration:ArtOfWarUpgrade","Orichalcum","WingedGreaves","ReplayTheSpireMod:Ring of Addiction","StuffTheSpire:Barrel","Chameleon Ring","Toy Ornithopter","Tiny Chest","Pantograph","Replay:Bandana","DeathKnight:SindragosasSkull","Golden Egg","Boot","Bronze Scales","Meat on the Bone","StuffTheSpire:WitherSkull","StuffTheSpire:Gunfinga","Garlic","Replay:Drink Me","Empty Cage","MutagenicStrength","Whetstone","vexMod:FocusSash","Ring of Panic","infinitespire:PuzzleCube","Juzu Bracelet","ReplayTheSpireMod:Lightbulb","infinitespire:Broken Mirror","Calipers","Chemical X","energizedSpire:HugeHouse","infinitespire:ShieldingShard","Ring of Misfortune","Potion Belt","conspire:TopHat","ReplayFunnel","Ring of Peace","conspire:InfiniteJournal","MawBank","Anchor","Nunchaku","aspiration:RitualDagger","BargainBundle","Lee\u0027s Waffle","aspiration:ChemicalBlood","Vajra","PreservedInsect"],"acts_visited":["Exordium","TheCity","TheBeyond","Exordium","TheCity","TheBeyond","TheEnding"],"potions_floor_usage":[13,16,30,50,50,64,67,76,84,106],"damage_taken":[{"damage":0,"enemies":"2 Louse","floor":1,"turns":2},{"damage":0,"enemies":"Jaw Worm","floor":4,"turns":4},{"damage":19,"enemies":"Gremlin Nob","floor":7,"turns":5},{"damage":1,"enemies":"Replay:BlueRogue","floor":10,"turns":4},{"damage":0,"enemies":"Gremlin Nob","floor":13,"turns":3},{"damage":0,"enemies":"Small Slimes","floor":14,"turns":3},{"damage":0,"enemies":"Hexaghost","floor":16,"turns":8},{"damage":10,"enemies":"conspire:FuzzyDice","floor":18,"turns":5},{"damage":0,"enemies":"2 Thieves","floor":21,"turns":3},{"damage":0,"enemies":"Replay:Snechameleon","floor":24,"turns":5},{"damage":0,"enemies":"Snecko","floor":27,"turns":4},{"damage":5,"enemies":"conspire:SneckoGhost","floor":28,"turns":5},{"damage":0,"enemies":"Centurion and Healer","floor":29,"turns":4},{"damage":0,"enemies":"Shelled Parasite and Fungi","floor":30,"turns":2},{"damage":1,"enemies":"Pondfish","floor":33,"turns":13},{"damage":0,"enemies":"3 Darklings","floor":35,"turns":4},{"damage":0,"enemies":"Orb Walker","floor":36,"turns":3},{"damage":0,"enemies":"3 Darklings","floor":38,"turns":4},{"damage":0,"enemies":"Transient","floor":39,"turns":5},{"damage":10,"enemies":"Nightmare","floor":40,"turns":5},{"damage":0,"enemies":"Reptomancer","floor":44,"turns":6},{"damage":0,"enemies":"Maw","floor":45,"turns":5},{"damage":0,"enemies":"4 Shapes","floor":46,"turns":5},{"damage":0,"enemies":"Transient","floor":48,"turns":5},{"damage":0,"enemies":"Donu and Deca","floor":50,"turns":12},{"damage":0,"enemies":"2 Louse","floor":52,"turns":1},{"damage":0,"enemies":"Jaw Worm","floor":54,"turns":1},{"damage":0,"enemies":"Small Slimes","floor":55,"turns":1},{"damage":0,"enemies":"Lagavulin","floor":57,"turns":3},{"damage":0,"enemies":"2 Fungi Beasts","floor":58,"turns":2},{"damage":40,"enemies":"Nightmare","floor":64,"turns":8},{"damage":0,"enemies":"Hexaghost","floor":67,"turns":3},{"damage":0,"enemies":"Chosen","floor":69,"turns":2},{"damage":0,"enemies":"Shell Parasite","floor":72,"turns":2},{"damage":0,"enemies":"Book of Stabbing","floor":76,"turns":4},{"damage":0,"enemies":"Slavers","floor":78,"turns":4},{"damage":0,"enemies":"Champ","floor":84,"turns":4},{"damage":0,"enemies":"3 Shapes","floor":86,"turns":1},{"damage":0,"enemies":"Orb Walker","floor":87,"turns":2},{"damage":0,"enemies":"Spire Growth","floor":88,"turns":1},{"damage":0,"enemies":"4 Shapes","floor":89,"turns":1},{"damage":0,"enemies":"3 Darklings","floor":90,"turns":2},{"damage":0,"enemies":"Maw","floor":92,"turns":3},{"damage":0,"enemies":"R_Hoarder","floor":95,"turns":2},{"damage":0,"enemies":"Nightmare","floor":98,"turns":2},{"damage":0,"enemies":"Transient","floor":99,"turns":5},{"damage":0,"enemies":"infinitespire:MassOfShapes","floor":101,"turns":6},{"damage":0,"enemies":"Shield and Spear","floor":105,"turns":1},{"damage":0,"enemies":"The Heart","floor":106,"turns":4}],"seed_played":"-5713043263303339016","potions_obtained":[{"floor":4,"key":"GhostInAJar"},{"floor":10,"key":"AttackPotion"},{"floor":24,"key":"blueLaboratory:HorrorPotion"},{"floor":28,"key":"Energy Potion"},{"floor":29,"key":"Elixir"},{"floor":30,"key":"CunningPotion"},{"floor":38,"key":"Block Potion"},{"floor":48,"key":"Adrenaline Potion"},{"floor":52,"key":"infinitespire:BlackPotion"},{"floor":55,"key":"SpeedPotion"},{"floor":60,"key":"DuplicationPotion"},{"floor":67,"key":"CunningPotion"},{"floor":72,"key":"blueLaboratory:BottleOfVodka"},{"floor":76,"key":"GhostInAJar"},{"floor":88,"key":"blueLaboratory:NinjaPotion"},{"floor":90,"key":"Strength Potion"},{"floor":95,"key":"Fire Potion"},{"floor":101,"key":"Swift Potion"}],"is_trial":false,"path_per_floor":["M","?","$","M","?","R","E","R","T","E","$","?","E","M","R","B",null,"M","?","AVR","M","$","R","E","R","T","M","E","M","M","T","R","B",null,"M","M","AVR","M","M","NM","R","?","T","E","M","M","?","M","R","B",null,"M","AVR","M","M","T","E","M","R","T","?","R","R","NM","$","R","B",null,"M","?","?","M","?","R","?","E","T","E","?","R","R","$","R","B",null,"M","M","M","M","M","R","M","$","T","E","T","?","NM","M","R","B",null,"R","$","E","B",null],"character_chosen":"THE_SILENT","items_purchased":["Draining Mist","DollysMirror","Replay:Baseball","CeramicFish","vexMod:Spyglass","conspire:DeflatedDodgeball","StuffTheSpire:Python","CBP: UltraDivineWater","Toxin Wave","Replay:Bandana","DeathKnight:SindragosasSkull","Golden Egg","Boot","Bronze Scales","Meat on the Bone","StuffTheSpire:WitherSkull","StuffTheSpire:Gunfinga","Garlic","Calipers","Chemical X","Feel No Pain","infinitespire:ShieldingShard","ReplayUltimateDefense","BargainBundle","Dark Embrace","Replay:Bootleg Shield Generator","Lee\u0027s Waffle"],"campfire_rested":2,"item_purchase_floors":[0,0,0,0,0,0,11,22,65,65,65,65,65,65,65,65,65,65,82,82,82,93,93,104,104,104,104],"current_hp_per_floor":[70,70,70,70,53,53,34,34,34,33,33,33,35,37,74,74,74,68,51,51,55,55,55,59,59,59,65,64,68,72,72,72,75,76,76,76,76,76,76,72,72,72,77,83,87,89,89,91,91,91,91,93,93,95,97,97,99,101,101,101,101,101,101,65,80,101,101,73,75,75,73,75,75,73,52,63,63,69,69,69,69,75,73,75,70,72,74,72,74,74,72,74,74,72,74,74,72,74,76,74,76,76,74,81,83,81],"gold":156,"neow_bonus":"","is_daily":false,"chose_seed":false,"campfire_upgraded":13,"win_rate":0.0,"timestamp":1608310074,"path_taken":["M","?","$","M","?","R","E","R","T","E","?","?","E","M","R","BOSS","M","?","AVR","M","$","R","E","R","T","?","E","?","M","?","R","BOSS","M","M","AVR","?","?","NM","R","?","T","E","?","?","?","M","R","BOSS","M","AVR","M","M","?","E","M","R","T","?","R","R","NM","$","R","BOSS","M","?","?","?","?","R","?","E","T","E","?","R","R","$","R","BOSS","M","M","M","?","M","R","M","$","T","E","?","?","NM","M","R","BOSS","R","$","E","BOSS"],"items_purchased_type":["Card","Relic","Relic","Relic","Relic","Relic","Card","Card","Card","Relic","Relic","Relic","Relic","Relic","Relic","Relic","Relic","Relic","Relic","Relic","Card","Relic","Card","Relic","Card","Card","Relic"],"build_version":"2020-12-13","purchased_purges":6,"victory":true,"max_hp_per_floor":[70,70,70,70,70,70,70,70,70,70,70,70,72,74,74,74,74,74,74,74,74,74,74,74,74,74,76,76,76,76,76,76,76,76,76,76,76,76,76,78,78,78,83,85,87,89,89,91,91,91,91,93,93,95,97,97,99,101,101,101,101,101,101,101,101,101,101,73,75,75,73,75,75,73,73,75,75,77,77,75,75,75,73,75,70,72,74,72,74,74,72,74,74,72,74,74,72,74,76,74,76,76,74,81,83,81],"relic_stats":{"Regal Pillow":15,"Lee\u0027s Waffle":7,"Singing Bowl":56,"counters":[49,185],"Snake Skull":[149],"PreservedInsect":0,"Juzu Bracelet":0,"Whetstone":["Neutralize","Dagger Throw"],"Orichalcum":[90],"Boot":[4],"MawBank":72,"Nunchaku":[6],"Gambling Chip":[32],"Pantograph":0,"Bronze Scales":[146],"MealTicket":21,"Tiny Chest":0,"Black Star":7,"Chemical X":[10],"obtain_stats":[{"TwistedFunnel":20,"Golden Egg":65,"StuffTheSpire:Barrel":60,"Calipers":82,"CeramicFish":0,"Vajra":105,"Whetstone":76,"Boot":65,"HornCleat":24,"infinitespire:ShieldingShard":93,"DollysMirror":0,"vexMod:EndlessSickness":34,"MealTicket":42,"aspiration:ArtOfWarUpgrade":62,"ReplayTheSpireMod:Ring of Addiction":60,"vexMod:MysteryBossChallenge":34,"infinitespire:Beetle Shell":7,"energizedSpire:StickyHand":37,"aspiration:IroncladSkillbook":17,"infinitespire:EvilPickle":33,"Replay:Baseball":0,"conspire:GiftBox":31,"infinitespire:Broken Mirror":78,"ReplayTheSpireMod:Ring of Collecting":42,"Bronze Scales":65,"MutagenicStrength":73,"Black Star":53,"Abe\u0027s Treasure":51,"infinitespire:PuzzleCube":77,"Meat on the Bone":65,"ReplayFunnel":95,"Regal Pillow":13,"Lantern":37,"StuffTheSpire:WitherSkull":65,"Singing Bowl":9,"Snake Skull":44,"Juzu Bracelet":78,"vexMod:Spyglass":0,"Empty Cage":70,"conspire:TopHat":95,"Replay:Rubber Ducky":26,"conspire:InfiniteJournal":96,"StuffTheSpire:Experiment12":10,"Replay:Bandana":65,"StuffTheSpire:Gunfinga":65,"Nunchaku":98,"Chameleon Ring":60,"vexMod:RedPlottingStone":0,"Gambling Chip":40,"Pantograph":64,"Ring of Peace":96,"Tiny Chest":64,"WingedGreaves":57,"energizedSpire:HugeHouse":85,"Chemical X":82,"Ring of Panic":77,"Replay:Drink Me":68,"Ring of the Snake":0,"aspiration:ChemicalBlood":105,"Potion Belt":94,"BargainBundle":104,"Lee\u0027s Waffle":104,"The Courier":42,"PreservedInsect":106,"Ring of Greed":42,"vexMod:FocusSash":76,"Orichalcum":57,"MawBank":98,"Anchor":98,"Ring of Misfortune":94,"Ring of Fury":56,"Bag of Marbles":28,"Durian":43,"Art of War":56,"Garlic":65,"aspiration:RitualDagger":102,"conspire:DeflatedDodgeball":0,"ReplayTheSpireMod:Ring of Challenge":43,"ReplayTheSpireMod:Lightbulb":78,"Toy Ornithopter":60,"DeathKnight:SindragosasSkull":65},{"TwistedFunnel":8,"Golden Egg":31,"StuffTheSpire:Barrel":30,"Calipers":36,"CeramicFish":0,"Vajra":48,"Whetstone":35,"Boot":31,"HornCleat":10,"infinitespire:ShieldingShard":43,"DollysMirror":0,"vexMod:EndlessSickness":15,"MealTicket":20,"aspiration:ArtOfWarUpgrade":30,"ReplayTheSpireMod:Ring of Addiction":30,"vexMod:MysteryBossChallenge":15,"infinitespire:Beetle Shell":3,"energizedSpire:StickyHand":17,"aspiration:IroncladSkillbook":7,"infinitespire:EvilPickle":15,"Replay:Baseball":0,"conspire:GiftBox":14,"infinitespire:Broken Mirror":36,"ReplayTheSpireMod:Ring of Collecting":20,"Bronze Scales":31,"MutagenicStrength":34,"Black Star":26,"Abe\u0027s Treasure":25,"infinitespire:PuzzleCube":35,"Meat on the Bone":31,"ReplayFunnel":44,"Regal Pillow":5,"Lantern":17,"StuffTheSpire:WitherSkull":31,"Singing Bowl":3,"Snake Skull":21,"Juzu Bracelet":36,"vexMod:Spyglass":0,"Empty Cage":33,"conspire:TopHat":44,"Replay:Rubber Ducky":10,"conspire:InfiniteJournal":44,"StuffTheSpire:Experiment12":4,"Replay:Bandana":31,"StuffTheSpire:Gunfinga":31,"Nunchaku":45,"Chameleon Ring":30,"vexMod:RedPlottingStone":0,"Gambling Chip":20,"Pantograph":31,"Ring of Peace":44,"Tiny Chest":31,"WingedGreaves":29,"energizedSpire:HugeHouse":37,"Chemical X":36,"Ring of Panic":35,"Replay:Drink Me":32,"Ring of the Snake":0,"aspiration:ChemicalBlood":48,"Potion Belt":43,"BargainBundle":47,"Lee\u0027s Waffle":47,"The Courier":20,"PreservedInsect":49,"Ring of Greed":20,"vexMod:FocusSash":35,"Orichalcum":29,"MawBank":45,"Anchor":45,"Ring of Misfortune":43,"Ring of Fury":28,"Bag of Marbles":12,"Durian":20,"Art of War":28,"Garlic":31,"aspiration:RitualDagger":47,"conspire:DeflatedDodgeball":0,"ReplayTheSpireMod:Ring of Challenge":20,"ReplayTheSpireMod:Lightbulb":36,"Toy Ornithopter":30,"DeathKnight:SindragosasSkull":31},{"TwistedFunnel":33,"Golden Egg":137,"StuffTheSpire:Barrel":129,"Calipers":152,"CeramicFish":0,"Vajra":181,"Whetstone":148,"Boot":137,"HornCleat":41,"infinitespire:ShieldingShard":165,"DollysMirror":0,"vexMod:EndlessSickness":68,"MealTicket":88,"aspiration:ArtOfWarUpgrade":129,"ReplayTheSpireMod:Ring of Addiction":129,"vexMod:MysteryBossChallenge":68,"infinitespire:Beetle Shell":11,"energizedSpire:StickyHand":74,"aspiration:IroncladSkillbook":28,"infinitespire:EvilPickle":68,"Replay:Baseball":0,"conspire:GiftBox":55,"infinitespire:Broken Mirror":152,"ReplayTheSpireMod:Ring of Collecting":88,"Bronze Scales":137,"MutagenicStrength":144,"Black Star":122,"Abe\u0027s Treasure":121,"infinitespire:PuzzleCube":148,"Meat on the Bone":137,"ReplayFunnel":167,"Regal Pillow":18,"Lantern":74,"StuffTheSpire:WitherSkull":137,"Singing Bowl":11,"Snake Skull":94,"Juzu Bracelet":152,"vexMod:Spyglass":0,"Empty Cage":142,"conspire:TopHat":167,"Replay:Rubber Ducky":41,"conspire:InfiniteJournal":167,"StuffTheSpire:Experiment12":15,"Replay:Bandana":137,"StuffTheSpire:Gunfinga":137,"Nunchaku":169,"Chameleon Ring":129,"vexMod:RedPlottingStone":0,"Gambling Chip":88,"Pantograph":137,"Ring of Peace":167,"Tiny Chest":137,"WingedGreaves":127,"energizedSpire:HugeHouse":156,"Chemical X":152,"Ring of Panic":148,"Replay:Drink Me":140,"Ring of the Snake":0,"aspiration:ChemicalBlood":181,"Potion Belt":165,"BargainBundle":180,"Lee\u0027s Waffle":180,"The Courier":88,"PreservedInsect":185,"Ring of Greed":88,"vexMod:FocusSash":148,"Orichalcum":127,"MawBank":169,"Anchor":169,"Ring of Misfortune":165,"Ring of Fury":124,"Bag of Marbles":49,"Durian":88,"Art of War":124,"Garlic":137,"aspiration:RitualDagger":180,"conspire:DeflatedDodgeball":0,"ReplayTheSpireMod:Ring of Challenge":88,"ReplayTheSpireMod:Lightbulb":152,"Toy Ornithopter":129,"DeathKnight:SindragosasSkull":137}],"Toy Ornithopter":5,"Ring of the Snake":[99],"Meat on the Bone":0},"card_choices":[{"not_picked":["StuffTheSpire:BumpUp","All Out Attack"],"picked":"Dodge and Roll","floor":1},{"not_picked":["Dagger Spray","Bane"],"picked":"Poisoned Stab","floor":4},{"not_picked":["ReplayTheSpireMod:Echoes of Time","infinitespire:DeathsTouch"],"picked":"infinitespire:TheBestDefense","floor":5},{"not_picked":["Slice","Expertise","Accuracy"],"picked":"SKIP","floor":7},{"not_picked":["Expertise","Hidden Blade"],"picked":"Poisoned Stab","floor":10},{"not_picked":["Quick Slash","Blade Dance","ForeignInfluence"],"picked":"Singing Bowl","floor":13},{"not_picked":["Leg Sweep","ReplayTheSpireMod:The Works","Flying Knee"],"picked":"Singing Bowl","floor":14},{"not_picked":["ReplayTheSpireMod:From All Sides","A Thousand Cuts"],"picked":"Adrenaline","floor":16},{"not_picked":["Armaments","Battle Trance+1","StuffTheSpire:RagingBull"],"picked":"StuffTheSpire:Injection","floor":18},{"not_picked":["Dropkick","ReplayTheSpireMod:Strike From Hell+1","Prepared"],"picked":"Backflip","floor":21},{"not_picked":["True Grit","Body Slam","Slice"],"picked":"StuffTheSpire:Incursion","floor":24},{"not_picked":["StuffTheSpire:Shiver","Burning Pact+1","Hidden Blade","Bane"],"picked":"Singing Bowl","floor":27},{"not_picked":["Battle Trance","conspire:Charge","StuffTheSpire:Resist+1"],"picked":"TalkToTheHand","floor":28},{"not_picked":["StuffTheSpire:BumpUp","Quick Slash","ReplayTheSpireMod:Speed Training"],"picked":"Corruption","floor":29},{"not_picked":["Twin Strike","StuffTheSpire:Shiver+1","ThirdEye"],"picked":"StuffTheSpire:Python+1","floor":30},{"not_picked":["Replay:Many Hands","Eclipse"],"picked":"Limit Break","floor":31},{"not_picked":["Malaise","After Image","DevaForm"],"picked":"Poison Darts","floor":33},{"not_picked":["StuffTheSpire:BloodClot+1","Quick Slash+1","Metallicize+1"],"picked":"StuffTheSpire:Sprint+1","floor":35},{"not_picked":["Clothesline+1","Fluid Movement+1","Wild Strike+1"],"picked":"ReplayTheSpireMod:Strike From Hell+1","floor":36},{"not_picked":["Massacre","ICR:Frenzy","Endless Agony"],"picked":"Poisoned Stab+1","floor":38},{"not_picked":["Eclipse","Clothesline","Deadly Poison"],"picked":"Draining Mist+1","floor":39},{"not_picked":["infinitespire:TheBestDefense","infinitespire:Menacing"],"picked":"infinitespire:SevenWalls","floor":40},{"not_picked":["True Grit","Bane+1","Power Through","Uppercut+1"],"picked":"Singing Bowl","floor":40},{"not_picked":["Wild Strike","BowlingBash","Flex+1","Bullet Time"],"picked":"Singing Bowl","floor":44},{"not_picked":["Rampage","Cloak And Dagger+1","Wild Strike","Quick Slash+1"],"picked":"Singing Bowl","floor":45},{"not_picked":["Havoc","Metallicize","StuffTheSpire:Resist+1","Heavy Blade+1"],"picked":"Singing Bowl","floor":46},{"not_picked":["Twin Strike","ReplayTheSpireMod:Strike From Hell+1","Hidden Blade+1","Cleave+1"],"picked":"Singing Bowl","floor":48},{"not_picked":["Immolate","Bludgeon","Exhume"],"picked":"Poison Darts","floor":50},{"not_picked":["StuffTheSpire:Repulse","Twin Strike","StuffTheSpire:ClusterCrunch","StuffTheSpire:Shiver"],"picked":"Singing Bowl","floor":52},{"not_picked":["Catalyst","Headbutt","ThirdEye","Deadly Poison"],"picked":"Singing Bowl","floor":54},{"not_picked":["ICR:PowerAttack","Metallicize","Venomology","Shrug It Off"],"picked":"Singing Bowl","floor":55},{"not_picked":["StuffTheSpire:Incineration","Inflame","Perfected Strike","Deadly Poison"],"picked":"Singing Bowl","floor":57},{"not_picked":["Massacre","StuffTheSpire:Pyroclast","Terror","StuffTheSpire:RockThrow"],"picked":"Singing Bowl","floor":58},{"not_picked":["Sword Boomerang","ReplayTheSpireMod:Limb From Limb","Immolate","Evolve"],"picked":"Singing Bowl","floor":64},{"not_picked":["Corpse Explosion","A Thousand Cuts","Replay:Many Hands"],"picked":"Replay:Bag of Tricks","floor":67},{"not_picked":["Choke","Crippling Poison","Poisoned Stab","ReplayTheSpireMod:Strike From Hell"],"picked":"Singing Bowl","floor":69},{"not_picked":["Dagger Spray+1","conspire:PoisonWeapons","Flame Barrier","Heavy Blade"],"picked":"Singing Bowl","floor":72},{"not_picked":["All Out Attack","Headbutt","Bane","Second Wind"],"picked":"Singing Bowl","floor":76},{"not_picked":["Blood for Blood","Cloak And Dagger+1","Bane","Iron Wave"],"picked":"Singing Bowl","floor":78},{"not_picked":["infinitespire:Punishment","ReplayTheSpireMod:Black Plague"],"picked":"infinitespire:DeathsTouch","floor":84},{"not_picked":["Feed","Reaper","Grand Finale","Ragnarok"],"picked":"Singing Bowl","floor":84},{"not_picked":["Clothesline+1","Backflip","Anger","Bloodletting+1"],"picked":"Singing Bowl","floor":86},{"not_picked":["Dagger Throw+1","StuffTheSpire:TitanForm","StuffTheSpire:Slingshot","ReplayTheSpireMod:Exploit Weakness+1"],"picked":"Singing Bowl","floor":87},{"not_picked":["Deadly Poison","Prepared+1","StuffTheSpire:MirrorStance+1"],"picked":"ReplayTheSpireMod:Corrosion Curse","floor":88},{"not_picked":["Iron Wave+1","WheelKick","StuffTheSpire:DoubleShiv","ReplayTheSpireMod:Strike From Hell"],"picked":"Singing Bowl","floor":89},{"not_picked":["Pummel+1","Replay:Bag of Tricks","Bane+1"],"picked":"StuffTheSpire:ReptileScales","floor":90},{"not_picked":["Expertise","ReplayTheSpireMod:Scrap Shanks","Dodge and Roll+1","Crippling Poison"],"picked":"Singing Bowl","floor":92},{"not_picked":["Well Laid Plans","Infinite Blades","Cloak And Dagger","Swivel+1"],"picked":"Singing Bowl","floor":95},{"not_picked":["StuffTheSpire:Slingshot","Massacre+1","Dodge and Roll","ReplayTheSpireMod:Strike From Hell"],"picked":"Singing Bowl","floor":98},{"not_picked":["StuffTheSpire:Python","PiercingWail","Anger","Headbutt+1"],"picked":"Singing Bowl","floor":99},{"not_picked":["Malaise","Demonic Infusion","Hemogenesis","Glass Knife"],"picked":"Singing Bowl","floor":101},{"not_picked":["StuffTheSpire:BrimstoneBlast+1","BowlingBash+1","StuffTheSpire:BumpUp+1","ReplayTheSpireMod:Exploit Weakness+1"],"picked":"Singing Bowl","floor":105},{"not_picked":["A Thousand Cuts","Immolate","DevaForm"],"picked":"Poison Darts","floor":106}],"player_experience":427337,"relics_obtained":[{"floor":7,"key":"infinitespire:Beetle Shell"},{"floor":9,"key":"Singing Bowl"},{"floor":10,"key":"StuffTheSpire:Experiment12"},{"floor":13,"key":"Regal Pillow"},{"floor":24,"key":"HornCleat"},{"floor":26,"key":"Replay:Rubber Ducky"},{"floor":28,"key":"Bag of Marbles"},{"floor":31,"key":"conspire:GiftBox"},{"floor":40,"key":"Gambling Chip"},{"floor":42,"key":"ReplayTheSpireMod:Ring of Collecting"},{"floor":42,"key":"Ring of Greed"},{"floor":42,"key":"The Courier"},{"floor":42,"key":"MealTicket"},{"floor":43,"key":"ReplayTheSpireMod:Ring of Challenge"},{"floor":43,"key":"Durian"},{"floor":44,"key":"Snake Skull"},{"floor":56,"key":"Ring of Fury"},{"floor":56,"key":"Art of War"},{"floor":57,"key":"Orichalcum"},{"floor":57,"key":"WingedGreaves"},{"floor":60,"key":"ReplayTheSpireMod:Ring of Addiction"},{"floor":60,"key":"StuffTheSpire:Barrel"},{"floor":60,"key":"Chameleon Ring"},{"floor":60,"key":"Toy Ornithopter"},{"floor":64,"key":"Tiny Chest"},{"floor":64,"key":"Pantograph"},{"floor":76,"key":"Whetstone"},{"floor":76,"key":"vexMod:FocusSash"},{"floor":77,"key":"Ring of Panic"},{"floor":77,"key":"infinitespire:PuzzleCube"},{"floor":78,"key":"Juzu Bracelet"},{"floor":78,"key":"ReplayTheSpireMod:Lightbulb"},{"floor":78,"key":"infinitespire:Broken Mirror"},{"floor":94,"key":"Ring of Misfortune"},{"floor":94,"key":"Potion Belt"},{"floor":95,"key":"conspire:TopHat"},{"floor":95,"key":"ReplayFunnel"},{"floor":96,"key":"Ring of Peace"},{"floor":96,"key":"conspire:InfiniteJournal"},{"floor":98,"key":"MawBank"},{"floor":98,"key":"Anchor"},{"floor":98,"key":"Nunchaku"},{"floor":105,"key":"aspiration:ChemicalBlood"},{"floor":105,"key":"Vajra"},{"floor":106,"key":"PreservedInsect"}],"event_choices":[{"damage_healed":70,"gold_gain":0,"player_choice":"Embrace Burn","damage_taken":0,"max_hp_gain":0,"max_hp_loss":70,"event_name":"betterThird:BetterShining","floor":2,"gold_loss":0},{"damage_healed":0,"gold_gain":0,"player_choice":"Leave","damage_taken":0,"max_hp_gain":0,"max_hp_loss":0,"event_name":"conspire:Investor","floor":12,"gold_loss":0},{"damage_healed":0,"gold_gain":0,"player_choice":"Upgraded Two","damage_taken":0,"max_hp_gain":0,"max_hp_loss":0,"event_name":"Designer","floor":47,"gold_loss":40,"cards_upgraded":["StuffTheSpire:Python","infinitespire:TheBestDefense"]},{"damage_healed":0,"gold_gain":0,"player_choice":"Got Potions","damage_taken":0,"max_hp_gain":0,"max_hp_loss":0,"event_name":"Lab","floor":61,"gold_loss":0},{"cards_removed":["A Thousand Cuts"],"damage_healed":0,"gold_gain":0,"player_choice":"Took Card","damage_taken":0,"max_hp_gain":0,"max_hp_loss":0,"event_name":"NoteForYourself","floor":71,"gold_loss":0,"cards_obtained":["Dagger Throw"]},{"damage_healed":0,"gold_gain":0,"player_choice":"Inject Mutagens","damage_taken":0,"relics_obtained":["MutagenicStrength"],"max_hp_gain":0,"max_hp_loss":0,"event_name":"Drug Dealer","floor":73,"gold_loss":0},{"cards_removed":["ReplayTheSpireMod:Restless Dread"],"damage_healed":0,"gold_gain":0,"player_choice":"Elegance","damage_taken":0,"max_hp_gain":0,"max_hp_loss":0,"event_name":"betterThird:BetterWriting","floor":79,"gold_loss":0},{"damage_healed":0,"gold_gain":0,"player_choice":"Upgraded","damage_taken":0,"max_hp_gain":0,"max_hp_loss":0,"event_name":"Upgrade Shrine","floor":97,"gold_loss":0,"cards_upgraded":["Feel No Pain"]}],"is_beta":false,"boss_relics":[{"not_picked":["Replay:Drink Me","StuffTheSpire:RunicHypercube"],"picked":"aspiration:IroncladSkillbook"},{"not_picked":["Runic Dome","conspire:SpecialSausage"],"picked":"vexMod:MysteryBossChallenge"},{"not_picked":["Philosopher\u0027s Stone","Empty Cage"],"picked":"Abe\u0027s Treasure"},{"not_picked":["energizedSpire:SpiderWeb","Fusion Hammer"],"picked":"Replay:Drink Me"},{"not_picked":["ReplayTheSpireMod:SealedPack","energizedSpire:DeadBattery"],"picked":"energizedSpire:HugeHouse"},{"not_picked":["vexMod:DeviousBotling","Coffee Dripper"],"picked":"aspiration:RitualDagger"}],"items_purged_floors":[3,37,53,65,93,104],"is_endless":true,"potions_floor_spawned":[4,10,24,28,29,30,35,36,38,48,52,55,67,72,76,88,90,92,95,101],"ascension_level":0}}