{"host":"x7u3amoxy3d4heu5","time":1608327001,"event":{"mods":["BaseMod","Colored Map","DeckTracker","Hermit","Hubris","Infinite Spire","Marisa????????","Minty Spire (QoL Compilation)","Quick Restart","Replay The Spire","StSLib","The Cursed","The IronCluck","The Jungle","The Servant 0.9.4","The Wild Card","Unceasing Turn Reminder","slay the spire mod where everything is the same but ironclad has a cowboy hat"],"gold_per_floor":[115,133,55,66,82,82,110,110,110,144,144,144,173,194,194,304,304,351,351,366,384,309,349,349,349,395,436,436,446,215,229,229,233,233],"floor_reached":33,"playtime":4922,"items_purged":[],"score":305,"play_id":"91d37ff5-f41f-499a-aca9-3b052b710af7","local_time":"20201218143001","is_ascension_mode":false,"campfire_choices":[{"data":"hermit:Determination","floor":6.0,"key":"SMITH"},{"floor":12.0,"key":"REST"},{"floor":15.0,"key":"DIG"},{"floor":25.0,"key":"REST"},{"floor":32,"key":"REST"}],"circlet_count":0,"master_deck":["hermit:Strike_Hermit","hermit:Strike_Hermit","hermit:Strike_Hermit","hermit:Strike_Hermit","hermit:Defend_Hermit","hermit:Defend_Hermit","hermit:Defend_Hermit","hermit:Defend_Hermit","hermit:Snapshot","hermit:BodyArmor","hermit:Determination+1","hermit:Grudge","hermit:HoleUp","hermit:LowProfile","hermit:Headshot","hermit:Desperado","hermit:Showdown","hermit:GhostlyPresence","hermit:Dissolve","hermit:PistolWhip","hermit:Manifest+1","hermit:LowProfile","hermit:Glare","hermit:HoleUp+1","hermit:HighCaliber+1","hermit:SprayPray+1","hermit:Manifest","hermit:FlashPowder"],"relics":["hermit:Momento","Nunchaku","infinitespire:Midas Blood","Replay:Accelerometer","Replay:Bottled Flurry","Tiny Chest","Black Star","Simple Rune","Art of War","infinitespire:Golems Mask","infinitespire:PuzzleCube","White Beast Statue","Iron Hammer","Blue Doll","Vajra"],"acts_visited":["Exordium","TheCity"],"potions_floor_usage":[29,29],"damage_taken":[{"damage":12.0,"enemies":"infinitespire:Voidling","floor":1.0,"turns":5.0},{"damage":1.0,"enemies":"Jaw Worm","floor":2.0,"turns":3.0},{"damage":7.0,"enemies":"Small Slimes","floor":4.0,"turns":4.0},{"damage":2.0,"enemies":"Blue Slaver","floor":5.0,"turns":5.0},{"damage":19.0,"enemies":"Replay:BlueRogue","floor":7.0,"turns":8.0},{"damage":14.0,"enemies":"Gremlin Nob","floor":10.0,"turns":5.0},{"damage":21.0,"enemies":"Lagavulin","floor":13.0,"turns":5.0},{"damage":1.0,"enemies":"3 Louse","floor":14.0,"turns":3.0},{"damage":23.0,"enemies":"Hexaghost","floor":16.0,"turns":9.0},{"damage":15.0,"enemies":"3 Byrds","floor":18.0,"turns":6.0},{"damage":6.0,"enemies":"Spheric Guardian","floor":20.0,"turns":4.0},{"damage":24.0,"enemies":"Shelled Parasite and Fungi","floor":21.0,"turns":8.0},{"damage":32.0,"enemies":"Nightmare","floor":23.0,"turns":15.0},{"damage":25.0,"enemies":"Slavers","floor":27.0,"turns":6.0},{"damage":0,"enemies":"Cultist and Chosen","floor":29,"turns":6},{"damage":0,"enemies":"Snecko","floor":31,"turns":5},{"damage":28,"enemies":"Collector","floor":33,"turns":3}],"seed_played":"5037019454724592027","potions_obtained":[{"floor":1.0,"key":"Adrenaline Potion"},{"floor":4.0,"key":"Languid Potion"},{"floor":5.0,"key":"SpeedPotion"},{"floor":10.0,"key":"DuplicationPotion"},{"floor":14.0,"key":"hermit:Tonic"},{"floor":16.0,"key":"Fire Potion"},{"floor":20.0,"key":"hermit:Eclipse"},{"floor":27.0,"key":"Fire Potion"},{"floor":29,"key":"FearPotion"},{"floor":31,"key":"Toxic Potion"}],"is_trial":false,"path_per_floor":["M","M","$","M","M","R","E","?","T","E","$","R","E","M","R_BF","B",null,"M","?","M","M","?","NM","?","R","T","E","T","M","$","M","R","B"],"character_chosen":"HERMIT","items_purchased":["hermit:Grudge","Vajra","hermit:SprayPray+1","hermit:Manifest"],"campfire_rested":3,"item_purchase_floors":[3,30,30,30],"current_hp_per_floor":[70,69,69,62,60,60,41,41,41,27,27,51,30,29,29,6,82,67,67,61,37,37,5,5,29,29,4,4,4,4,4,28,0,0],"gold":233,"neow_bonus":"TEN_PERCENT_HP_BONUS","is_daily":false,"chose_seed":false,"campfire_upgraded":1,"win_rate":0.0,"timestamp":1608327001,"path_taken":["M","?","$","M","M","R","E","?","T","E","$","R","E","M","R_BF","BOSS","M","?","M","M","?","NM","?","R","T","E","?","?","?","M","R","BOSS"],"items_purchased_type":["Card","Relic","Card","Card"],"build_version":"2020-12-13","purchased_purges":0,"victory":false,"max_hp_per_floor":[82,82,82,82,82,82,82,82,82,82,82,82,82,82,82,82,82,82,82,82,82,82,82,82,82,82,82,82,82,82,82,82,82,82],"card_choices":[{"not_picked":["hermit:TrackingShot","hermit:HighCaliber"],"picked":"hermit:BodyArmor","floor":1.0},{"not_picked":["hermit:GhostlyPresence","hermit:SprayPray"],"picked":"hermit:Determination","floor":2.0},{"not_picked":["hermit:Quickdraw","hermit:Showdown"],"picked":"hermit:HoleUp","floor":4.0},{"not_picked":["hermit:Brawl","hermit:Dive"],"picked":"hermit:LowProfile","floor":5.0},{"not_picked":["hermit:ShadowCloak","hermit:Snipe"],"picked":"hermit:Headshot","floor":7.0},{"not_picked":["hermit:Snipe","hermit:Vantage"],"picked":"hermit:Showdown","floor":10.0},{"not_picked":["hermit:EyeOfTheStorm","hermit:BodyArmor"],"picked":"hermit:GhostlyPresence","floor":13.0},{"not_picked":["hermit:WideOpen","hermit:LuckOfTheDraw","hermit:NoHoldsBarred"],"picked":"SKIP","floor":14.0},{"not_picked":["hermit:OverwhelmingPower","hermit:HighNoon"],"picked":"hermit:Dissolve","floor":16.0},{"not_picked":["hermit:Midnight","hermit:LowProfile"],"picked":"hermit:PistolWhip","floor":18.0},{"not_picked":["hermit:Roulette","hermit:NoHoldsBarred"],"picked":"hermit:Manifest+1","floor":20.0},{"not_picked":["hermit:HighCaliber+1","hermit:LuckOfTheDraw"],"picked":"hermit:LowProfile","floor":21.0},{"not_picked":["hermit:GoldenBullet","hermit:ItchyTrigger"],"picked":"hermit:Glare","floor":23.0},{"not_picked":["hermit:TrackingShot","hermit:Combo"],"picked":"hermit:HoleUp+1","floor":27.0},{"not_picked":["hermit:WideOpen","hermit:Cheat"],"picked":"hermit:HighCaliber+1","floor":29},{"not_picked":["hermit:PistolWhip+1","hermit:GhostlyPresence"],"picked":"hermit:FlashPowder","floor":31}],"player_experience":539124,"relics_obtained":[{"floor":7.0,"key":"Nunchaku"},{"floor":9.0,"key":"infinitespire:Midas Blood"},{"floor":10.0,"key":"Replay:Accelerometer"},{"floor":13.0,"key":"Replay:Bottled Flurry"},{"floor":15.0,"key":"Tiny Chest"},{"floor":23.0,"key":"Simple Rune"},{"floor":23.0,"key":"Art of War"},{"floor":24.0,"key":"infinitespire:Golems Mask"},{"floor":26.0,"key":"infinitespire:PuzzleCube"},{"floor":27.0,"key":"White Beast Statue"},{"floor":27.0,"key":"Iron Hammer"},{"floor":28.0,"key":"Blue Doll"}],"event_choices":[{"damage_healed":0.0,"max_hp_gain":0.0,"max_hp_loss":0.0,"gold_gain":0.0,"event_name":"Back to Basics","player_choice":"Simplicity","floor":19.0,"gold_loss":0.0,"damage_taken":0.0,"cards_upgraded":["hermit:Strike_Hermit","hermit:Strike_Hermit","hermit:Strike_Hermit","hermit:Strike_Hermit","hermit:Defend_Hermit","hermit:Defend_Hermit","hermit:Defend_Hermit","hermit:Defend_Hermit"]},{"cards_removed":["hermit:Covet"],"damage_healed":0.0,"max_hp_gain":0.0,"max_hp_loss":0.0,"gold_gain":0.0,"event_name":"Beggar","player_choice":"Gave Gold","floor":22.0,"gold_loss":75.0,"damage_taken":0.0},{"damage_healed":0.0,"max_hp_gain":0.0,"max_hp_loss":0.0,"gold_gain":0.0,"event_name":"Wheel of Change","player_choice":"Relic","floor":24.0,"gold_loss":0.0,"damage_taken":0.0}],"is_beta":false,"boss_relics":[{"not_picked":["SlaversCollar","hubris:ScarierMask"],"picked":"Black Star"}],"items_purged_floors":[],"is_endless":true,"potions_floor_spawned":[1,4,5,10,14,16,20,27,29,31],"killed_by":"Collector","ascension_level":0}}