{"host":"xvjs3dux1h1y4py8","time":1608271618,"event":{"mods":["AchievementEnabler","Act Like it!","Aspiration","Bard","BaseMod","Beaked The Cultist","Better Altar","Better Match","Better Note","Better Sensory Stone","Better Skull","Better Third Choice","BetterRewards","CCEM","Clawfect","Colored Map","Conspire","Downfall","GifTheSpireLib","Halation","Hallownest","Hermit","Highlight Path","Hubris","Hunter ?人","Infinite Spire","Jedi Mod","Jorbs\u0027s Wanderer Trilogy","Mad Scientist","Marisa（霧雨　魔理沙）","Mimic Mod","Minty Spire (QoL Compilation)","Permanent Neow","Replay The Spire","Shade Mod","Shop Mod","Spicy Shops","StSLib","Stuff the Spire","The Administrix","The Blackbeard","The Bug Knight","The Construct","The Cursed","The Disciple","The Gatherer","The Hierophant","The Jungle","The Mystic","The Necromancer","The Problem Sleuth","The Runesmith","The Servant 0.9.4","The Spell Scribe","The Witch","Unceasing Turn Reminder","everything is the same but u backflip on backflip"],"gold_per_floor":[111,123,123,123,48,48,83,4,29,70,90,90,125,138,138,267,267,292,292,567,590,608,608,643,656,703,736,763,794,817,817,817,940,940,965,965,965,238,259,292,292,316,355,355,391,391,391,429,429,429],"floor_reached":51,"playtime":5487,"items_purged":[],"score":1003,"play_id":"cd08be11-659c-4c7d-bc27-b94518c0bb9d","local_time":"20201218010658","is_ascension_mode":true,"campfire_choices":[{"data":"KidneyShot","floor":6,"key":"SMITH"},{"data":"Revamp","floor":12,"key":"SMITH"},{"floor":15,"key":"REST"},{"data":"Apotheosis","floor":23,"key":"SMITH"},{"data":"FlawlessForm","floor":32,"key":"SMITH"},{"data":"Replay:Dark Deal","floor":41,"key":"SMITH"},{"data":"jedi:LeechingStrike","floor":44,"key":"SMITH"},{"floor":46,"key":"REST"},{"data":"Spin","floor":49,"key":"SMITH"}],"circlet_count":0,"master_deck":["Strike_S","Strike_S","Strike_S","Defend_S+1","Defend_S","Defend_S","KidneyShot+1","Exchange","Deadline","Ricochet","Spin+1","DancingSilver+1","SilverBlades+1","StarChef+1","GearUp+1","Revamp+1","MoonPhase","Replace","SpecialFormula","Solidify+1","FlawlessForm+1","BestPractice+1","jedi:LeechingStrike","Apotheosis+1","Regret","Moondial+1","DoubleEdge+1","Starlight+1","ShatteredReality","Potential","DoubleEdge","SurpressingFire","Initiator","Orbit","Replay:Dark Deal+1","Hightail+1","Orbit+1","Parasite","Potential","Rearm+1","Gouge+1","BottledTime","KillingDoll"],"relics":["SplendidAttire","Golden Idol","hubris:TenFootPole","halation:LostSnail","Happy Flower","StuffTheSpire:OldFever","Gremlin Food","Replay:Mystery Machine","jedi:crownofsimplicity","Pocketwatch","Ancient Tea Set","Pen Nib","Replay:Fungal Core","halation:PapillonHeart","hubris:Icosahedron","aspiration:FrozenJewel","MerchantsRug","StuffTheSpire:BottledEssence","CCEMRelics:Barrel","halation:QuantumPhysicsTextbook","Juzu Bracelet","hubris:Zylophone"],"acts_visited":["Exordium","TheCity","TheBeyond"],"potions_floor_usage":[35,45,45],"damage_taken":[{"damage":2,"enemies":"Small Slimes","floor":1,"turns":3},{"damage":15,"enemies":"Jaw Worm","floor":2,"turns":4},{"damage":1,"enemies":"3 Sentries","floor":7,"turns":5},{"damage":5,"enemies":"Replay:BlueRogue","floor":10,"turns":4},{"damage":0,"enemies":"Cultist","floor":11,"turns":2},{"damage":0,"enemies":"Lagavulin","floor":13,"turns":4},{"damage":12,"enemies":"Looter","floor":14,"turns":3},{"damage":4,"enemies":"Hexaghost","floor":16,"turns":9},{"damage":6,"enemies":"Shell Parasite","floor":18,"turns":4},{"damage":14,"enemies":"2 Thieves","floor":21,"turns":5},{"damage":1,"enemies":"Snake Plant","floor":22,"turns":6},{"damage":39,"enemies":"Slavers","floor":24,"turns":7},{"damage":13,"enemies":"3 Cultists","floor":25,"turns":4},{"damage":9,"enemies":"Replay:Snechameleon","floor":27,"turns":5},{"damage":9,"enemies":"conspire:Head Lice","floor":29,"turns":6},{"damage":1,"enemies":"Shelled Parasite and Fungi","floor":30,"turns":5},{"damage":0,"enemies":"conspire:MysteriousRune","floor":33,"turns":7},{"damage":15,"enemies":"Orb Walker","floor":35,"turns":3},{"damage":0,"enemies":"3 Darklings","floor":39,"turns":3},{"damage":0,"enemies":"Reptomancer","floor":40,"turns":3},{"damage":7,"enemies":"Writhing Mass","floor":42,"turns":6},{"damage":0,"enemies":"Maw","floor":43,"turns":5},{"damage":7,"enemies":"Nemesis","floor":45,"turns":3},{"damage":0,"enemies":"Reptomancer","floor":48,"turns":4},{"damage":54,"enemies":"hubris:GrandSnecko","floor":50,"turns":9}],"seed_played":"4035926133370822995","potions_obtained":[{"floor":10,"key":"Fire Potion"},{"floor":13,"key":"ColorlessPotion"},{"floor":14,"key":"PowerPotion"},{"floor":18,"key":"Explosive Potion"},{"floor":25,"key":"champ:CounterPotion"},{"floor":27,"key":"Adrenaline Potion"},{"floor":29,"key":"Languid Potion"},{"floor":31,"key":"jedi:wingpotion"},{"floor":31,"key":"Fruit Juice"},{"floor":31,"key":"LiquidMemories"},{"floor":35,"key":"SkillPotion"},{"floor":45,"key":"Weak Potion"}],"is_trial":false,"path_per_floor":["M","M","?","?","?","R","E","$","T","E","M","R","E","M","R","B",null,"M","?","?","M","M","R","E","M","T","E","T","E","M","AVR","R","B",null,"M","?","?","$","M","E","R","M","MIM","R","E","R","?","E","R","B",null],"character_chosen":"THE_SERVANT","items_purchased":["halation:LostSnail","aspiration:FrozenJewel","MerchantsRug","Replay:Dark Deal","StuffTheSpire:BottledEssence"],"campfire_rested":2,"item_purchase_floors":[8,38,38,38,38],"current_hp_per_floor":[57,42,28,28,28,28,27,27,27,22,22,22,22,10,27,28,59,58,58,58,45,55,55,33,35,35,37,37,42,54,54,54,59,59,64,61,61,61,61,61,61,61,61,61,54,61,61,61,61,34],"gold":429,"neow_bonus":"TRANSFORM_TWO_CARDS","is_daily":false,"chose_seed":false,"campfire_upgraded":7,"win_rate":0.0,"timestamp":1608271618,"path_taken":["M","M","?","?","?","R","E","?","T","E","?","R","E","?","R","BOSS","M","?","?","?","M","R","E","?","T","E","?","E","M","AVR","R","BOSS","M","?","?","?","M","E","R","?","MIM","R","E","R","?","E","R","BOSS"],"items_purchased_type":["Relic","Relic","Relic","Card","Relic"],"build_version":"2020-12-13","purchased_purges":0,"victory":true,"max_hp_per_floor":[59,59,59,59,59,59,59,59,59,59,59,59,59,59,59,59,59,59,59,59,59,59,59,59,59,59,59,59,59,59,59,59,59,59,64,61,61,61,61,61,61,61,61,61,61,61,61,61,61,61],"card_choices":[{"not_picked":["Sabotage","Starlight"],"picked":"Spin","floor":1},{"not_picked":["Ricochet","ReturningBlade"],"picked":"DancingSilver","floor":2},{"not_picked":["Gouge+1","Read+1"],"picked":"SilverBlades+1","floor":5},{"not_picked":["Sabotage+1","Barrier+1"],"picked":"StarChef+1","floor":5},{"not_picked":["Moonlight+1","Desolation+1"],"picked":"GearUp+1","floor":5},{"not_picked":["Duplication","GearUp"],"picked":"Revamp","floor":7},{"not_picked":["DoubleEdge","BottledTime"],"picked":"MoonPhase","floor":10},{"not_picked":["Alleviate","Ricochet"],"picked":"Replace","floor":11},{"not_picked":["TimeWarp","SilverBlades"],"picked":"SpecialFormula","floor":13},{"not_picked":["Ricochet","Reset"],"picked":"Solidify","floor":14},{"not_picked":["MurderousAura","SoulSculpture"],"picked":"FlawlessForm","floor":16},{"not_picked":["Potential","BottledTime"],"picked":"BestPractice+1","floor":18},{"not_picked":["expansioncontent:CaCaw","Panache"],"picked":"jedi:LeechingStrike","floor":19},{"not_picked":["Discovery","Replay:SS_forest_2"],"picked":"Apotheosis","floor":19},{"not_picked":["Hightail","Rearm"],"picked":"Moondial+1","floor":21},{"not_picked":["Defy","Sabotage"],"picked":"DoubleEdge+1","floor":22},{"not_picked":["WasteNot+1","FastForward"],"picked":"Starlight+1","floor":24},{"not_picked":["Spin","Reset"],"picked":"ShatteredReality","floor":25},{"not_picked":["Collapse","Deadline"],"picked":"Potential","floor":27},{"not_picked":["Alleviate","Revamp"],"picked":"DoubleEdge","floor":29},{"not_picked":["SpecialFormula","Potential"],"picked":"SurpressingFire","floor":30},{"not_picked":["Duplication","Dilation"],"picked":"Initiator","floor":33},{"not_picked":["TimeWarp","Defy+1"],"picked":"Orbit","floor":35},{"not_picked":["Potential+1","Spin+1"],"picked":"Hightail+1","floor":39},{"not_picked":["Spin","Replace"],"picked":"Orbit+1","floor":40},{"not_picked":["Replace+1","Collapse"],"picked":"Potential","floor":42},{"not_picked":["Deadline+1","TimeWarp"],"picked":"Rearm+1","floor":43},{"not_picked":["Solidify","Revamp+1"],"picked":"Gouge+1","floor":45},{"not_picked":["DualDimension","Reset"],"picked":"KillingDoll","floor":48}],"player_experience":406230,"relics_obtained":[{"floor":7,"key":"hubris:TenFootPole"},{"floor":9,"key":"Happy Flower"},{"floor":10,"key":"StuffTheSpire:OldFever"},{"floor":13,"key":"Gremlin Food"},{"floor":24,"key":"Replay:Mystery Machine"},{"floor":26,"key":"jedi:crownofsimplicity"},{"floor":27,"key":"Pocketwatch"},{"floor":28,"key":"Ancient Tea Set"},{"floor":29,"key":"Pen Nib"},{"floor":40,"key":"CCEMRelics:Barrel"},{"floor":43,"key":"halation:QuantumPhysicsTextbook"},{"floor":45,"key":"Juzu Bracelet"},{"floor":48,"key":"hubris:Zylophone"}],"event_choices":[{"damage_healed":0,"gold_gain":0,"player_choice":"Take Damage","damage_taken":14,"relics_obtained":["Golden Idol"],"max_hp_gain":0,"max_hp_loss":0,"event_name":"Golden Idol","floor":3,"gold_loss":0},{"damage_healed":0,"gold_gain":0,"player_choice":"Grow","damage_taken":0,"max_hp_gain":0,"max_hp_loss":0,"event_name":"Living Wall","floor":4,"gold_loss":0,"cards_upgraded":["DancingSilver"]},{"damage_healed":0,"gold_gain":0,"player_choice":"3","damage_taken":0,"max_hp_gain":0,"max_hp_loss":0,"event_name":"betterMatch:BetterMatch","floor":5,"gold_loss":0,"cards_obtained":["betterMatch:UncommonCard"]},{"damage_healed":0,"gold_gain":2,"player_choice":"1","damage_taken":0,"max_hp_gain":0,"max_hp_loss":0,"event_name":"betterStone:BetterStone","floor":19,"gold_loss":0},{"damage_healed":0,"gold_gain":275,"player_choice":"Desecrate","damage_taken":0,"max_hp_gain":0,"max_hp_loss":0,"event_name":"Golden Shrine","floor":20,"gold_loss":0,"cards_obtained":["Regret"]}],"is_beta":false,"boss_relics":[{"not_picked":["aspiration:RitualDagger","Runic Dome"],"picked":"SplendidAttire"},{"not_picked":["halation:SmartPhone","StuffTheSpire:Kangaroo"],"picked":"Replay:Fungal Core"}],"items_purged_floors":[],"is_endless":false,"potions_floor_spawned":[10,13,14,18,24,25,27,29,35,45],"ascension_level":1}}