{"host":"8l7406mrfmv6e1l4","time":1608328241,"event":{"mods":["AchievementEnabler","Ascension Unlocker","BaseMod","Better Match","Better Third Choice","BetterRewards","Card Forge","Curses Come First","GifTheSpireLib","Halation","Minty Spire (QoL Compilation)","Rare Cards Sparkle","Replay The Spire","Spikes Relics","StSLib","The Blue Laboratory","Transform Curses","vexMod"],"gold_per_floor":[119,29323,29288,29288,29303,29332,29332,29363,29363,29363,29397,29409,29409,28324,28324,28324,28324,28399,28399,28418,28418,28418,27365,27365,27365,27392,27431,27431,27464,27476,27526,27526,27561,27561,27635,27635,27653,27667,27679,27702,27164,27164,27202,27225,27225,27243,27267,27296,27315,26899,26899,26903,26904,26904,26904,26425,26454,26509],"floor_reached":59,"playtime":7592,"items_purged":[],"score":3707,"play_id":"4a4f798e-f775-4dbf-934a-cca99364194f","local_time":"20201218165041","is_ascension_mode":true,"campfire_choices":[{"floor":7.0,"key":"RECALL"},{"floor":10.0,"key":"REST"},{"floor":13.0,"key":"REST"},{"floor":17.0,"key":"REST"},{"floor":25.0,"key":"REST"},{"floor":32.0,"key":"REST"},{"floor":34.0,"key":"REST"}],"circlet_count":0,"master_deck":["AscendersBane","Strike_G+10","Strike_G+10","Strike_G+10","Strike_G+10","Strike_G+10","Defend_G+10","Defend_G+10","Defend_G+10","Defend_G+10","Survivor+1","Neutralize+1","Feint+1","Magnetism+1","Reforge+1","Well Laid Plans+1","Calculated Gamble+1","ReplayTheSpireMod:Brewmster+1","Deep Breath+1","ReplayTheSpireMod:Exploit Weakness+1","Hidden Blade+1","Sucker Punch+1","Feint+1","Finisher+1","Endless Agony+1","Bane+1","Crow Ritual+1","Draining Mist+1","After Image+1","Backstab+1","Phantasmal Killer+1","A Thousand Cuts+1","CurseOfTheBell","Flying Knee+1","ReplayUltimateDefense+1","Footwork+1","Pot Of Greed+1","Pot Of Greed+1","Pot Of Greed+1","Pot Of Greed+1","Blade Dance+1","Dagger Spray+1","Dodge and Roll+1","ReplayTheSpireMod:From All Sides+1","Bane+1","Predator+1","Master of Strategy+1","Dagger Spray+1","Dagger Throw+1","Replay:Bag of Tricks+1","Eviscerate+1","BlessedFruit+1","BlessedFruit+1","Dagger Spray+1","Slice+1","Noxious Fumes+1","Skewer+1","ReplayTheSpireMod:Private Reserves+1","The Bomb+1","Heel Hook+1","Delirium"],"relics":["Ring of the Snake","Hammer of Thor","Seething Fire","Anvil of the Gods","Bag of Preparation","Strange Spoon","vexMod:CardConverter","The Specimen","Busted Crown","halation:IncompleteEncyclopedia","War Paint","vexMod:BarristanHead","vexMod:Spyglass","Unceasing Top","GiantMaggot","Pen Nib","halation:BlackBeret","GremlinMask","halation:AfternoonTea","RollingBoulder","CaptainsWheel","Replay:Wax Seal","Replay:Arrowhead","halation:LostSnail","halation:IllGainedPizza","vexMod:FocusSash","ToxicTincture","halation:PinkSoulGem","FossilizedHelix","Boot","halation:Toothbrush","Medical Kit","halation:LettersToHer","Calling Bell","Replay:Baseball","Golden Egg","halation:Trompette","Regal Pillow","MutagenicStrength","Counterbalance","CrustySpines","halation:Jellyphish","Letter Opener","vexMod:InvisibilityCloak","Replay:Bottled Flurry","ReplayTheSpireMod:Ring of Collecting","Ring of Greed","Blue Doll","Membership Card","Paper Crane","Coffee Dripper","Iron Hammer","Frozen Egg 2","ExplosiveVial","halation:SelfBoilingWater","Ring of Fury","Ninja Scroll","halation:SwordOfLegend","ZombieTooth","Durian","Bronze Scales","TheAbacus","OrangePellets","ReplayTheSpireMod:TigerMarble","Simple Rune","Anchor"],"acts_visited":[],"potions_floor_usage":[57,57],"damage_taken":[{"damage":1.0,"enemies":"Small Slimes","floor":1.0,"turns":4.0},{"damage":0.0,"enemies":"Jaw Worm","floor":5.0,"turns":2.0},{"damage":0.0,"enemies":"Lagavulin","floor":6.0,"turns":4.0},{"damage":0.0,"enemies":"Replay:BlueRogue","floor":8.0,"turns":4.0},{"damage":0.0,"enemies":"3 Sentries","floor":11.0,"turns":4.0},{"damage":0.0,"enemies":"2 Louse","floor":12.0,"turns":2.0},{"damage":0.0,"enemies":"Slime Boss","floor":18.0,"turns":7.0},{"damage":0.0,"enemies":"Chosen","floor":20.0,"turns":3.0},{"damage":0.0,"enemies":"Gremlin Leader","floor":26.0,"turns":2.0},{"damage":2.0,"enemies":"3 Byrds","floor":27.0,"turns":3.0},{"damage":0.0,"enemies":"Book of Stabbing","floor":29.0,"turns":2.0},{"damage":0.0,"enemies":"Shelled Parasite and Fungi","floor":30.0,"turns":2.0},{"damage":0.0,"enemies":"Gremlin Leader","floor":33.0,"turns":4.0},{"damage":0.0,"enemies":"Automaton","floor":35.0,"turns":4.0},{"damage":6.0,"enemies":"3 Darklings","floor":37.0,"turns":3.0},{"damage":0.0,"enemies":"Orb Walker","floor":38.0,"turns":2.0},{"damage":0.0,"enemies":"Spire Growth","floor":39.0,"turns":3.0},{"damage":0.0,"enemies":"Maw","floor":40.0,"turns":4.0},{"damage":0.0,"enemies":"Nemesis","floor":43.0,"turns":3.0},{"damage":37.0,"enemies":"4 Shapes","floor":44.0,"turns":2.0},{"damage":29.0,"enemies":"Sphere and 2 Shapes","floor":47.0,"turns":2.0},{"damage":0.0,"enemies":"Mind Bloom Boss Battle","floor":48.0,"turns":3.0},{"damage":0.0,"enemies":"Spire Growth","floor":49.0,"turns":3.0},{"damage":0.0,"enemies":"Donu and Deca","floor":52.0,"turns":3.0},{"damage":0.0,"enemies":"Replay:Hell Engine","floor":53.0,"turns":2.0},{"damage":0,"enemies":"Shield and Spear","floor":57,"turns":2},{"damage":2,"enemies":"The Heart","floor":58,"turns":6}],"seed_played":"-3580188370087634712","potions_obtained":[{"floor":8.0,"key":"blueLaboratory:EnvenomedCoating"},{"floor":11.0,"key":"DuplicationPotion"},{"floor":12.0,"key":"blueLaboratory:EmptyBottle"},{"floor":20.0,"key":"DistilledChaos"},{"floor":29.0,"key":"SteroidPotion"},{"floor":35.0,"key":"blueLaboratory:HorrorPotion"},{"floor":37.0,"key":"CultistPotion"},{"floor":44.0,"key":"blueLaboratory:LouseDecoction"},{"floor":47.0,"key":"blueLaboratory:SuffocatingSmog"},{"floor":49.0,"key":"Block Potion"},{"floor":57,"key":"blueLaboratory:CorrosionFlask"}],"is_trial":false,"path_per_floor":["M","$","?","?","M","E","R","E","T","R","E","M","R","$","PTL","PTL","R","B",null,"M","T","?","$","?","R","E","M","T","E","M","?","R","E","R","B",null,"M","M","M","M","$","R","E","M","T","?","M","?","M","$","R","B","B",null,"R","$","E","B",null],"character_chosen":"THE_SILENT","items_purchased":["Bag of Preparation","Snack Pack","Strange Spoon","Weak Potion","Fire Potion","Caltrops+1","Feint","War Paint","vexMod:BarristanHead","vexMod:Spyglass","ReplayTheSpireMod:Brewmster","GiantMaggot","Pen Nib","Replay:Wax Seal","Replay:Arrowhead","halation:LostSnail","Sucker Punch+1","blueLaboratory:BlinkPotion","halation:IllGainedPizza","vexMod:FocusSash","ToxicTincture","Feint","Medical Kit","halation:LettersToHer","Dexterity Potion","Crow Ritual","Draining Mist+1","After Image","Backstab","Phantasmal Killer","Counterbalance","CrustySpines","halation:Jellyphish","ReplayUltimateDefense","Iron Hammer","Frozen Egg 2","ExplosiveVial","blueLaboratory:LouseDecoction","PowerPotion","Predator+1","Master of Strategy","Durian","Bronze Scales","TheAbacus","Noxious Fumes+1","Skewer","EssenceOfSteel","OrangePellets","ReplayTheSpireMod:TigerMarble","blueLaboratory:FruitPreserves","Ancient Potion","LiquidBronze","Simple Rune","ReplayTheSpireMod:Private Reserves","The Bomb"],"campfire_rested":6,"item_purchase_floors":[0,0,0,0,0,0,0,0,0,0,0,0,0,0,0,0,2,2,2,2,2,2,14,14,14,14,14,14,14,14,23,23,23,23,41,41,41,41,41,41,41,50,50,50,50,50,50,56,56,56,56,56,56,56,56],"current_hp_per_floor":[60,64,88,88,90,92,92,92,92,100,100,102,102,112,112,112,112,114,116,118,118,118,120,120,120,122,130,130,137,139,144,146,146,146,157,160,156,156,156,156,160,160,162,127,127,139,112,118,120,129,201,205,207,207,207,211,213,215],"gold":26509,"neow_bonus":"","is_daily":false,"chose_seed":false,"campfire_upgraded":0,"win_rate":0.0,"timestamp":1608328241,"path_taken":["M","?","?","?","M","E","R","E","T","R","E","M","R","$","PTL","PTL","R","BOSS","M","?","?","$","?","R","E","M","T","E","M","?","R","E","R","BOSS","M","M","M","M","$","R","E","M","T","?","?","?","M","$","R","BOSS","BOSS","R","$","E","BOSS"],"items_purchased_type":["Relic","Relic","Relic","Potion","Potion","Card","Card","Relic","Relic","Relic","Card","Relic","Relic","Relic","Relic","Relic","Card","Potion","Relic","Relic","Relic","Card","Relic","Relic","Potion","Card","Card","Card","Card","Card","Relic","Relic","Relic","Card","Relic","Relic","Relic","Potion","Potion","Card","Card","Relic","Relic","Relic","Card","Card","Potion","Relic","Relic","Potion","Potion","Potion","Relic","Card","Card"],"build_version":"2020-12-13","purchased_purges":0,"victory":true,"max_hp_per_floor":[92,96,96,96,98,100,100,100,100,100,100,102,102,112,112,112,112,114,116,118,118,118,120,120,120,122,132,132,139,141,146,146,146,146,157,160,162,162,162,162,166,166,168,170,170,182,184,190,192,201,201,205,207,207,207,211,213,217],"card_choices":[{"not_picked":[],"picked":"Hidden Blade","floor":1.0},{"not_picked":[],"picked":"Finisher","floor":5.0},{"not_picked":[],"picked":"Endless Agony","floor":6.0},{"not_picked":["ReplayTheSpireMod:Exploit Weakness"],"picked":"SKIP","floor":8.0},{"not_picked":["Prepared"],"picked":"SKIP","floor":11.0},{"not_picked":[],"picked":"Bane","floor":12.0},{"not_picked":[],"picked":"A Thousand Cuts","floor":18.0},{"not_picked":[],"picked":"Flying Knee","floor":20.0},{"not_picked":[],"picked":"Footwork","floor":26.0},{"not_picked":[],"picked":"Blade Dance","floor":27.0},{"not_picked":[],"picked":"Dagger Spray+1","floor":29.0},{"not_picked":[],"picked":"Dodge and Roll","floor":30.0},{"not_picked":["Infinite Blades"],"picked":"SKIP","floor":33.0},{"not_picked":[],"picked":"ReplayTheSpireMod:From All Sides","floor":35.0},{"not_picked":[],"picked":"Bane+1","floor":37.0},{"not_picked":["Slice"],"picked":"SKIP","floor":38.0},{"not_picked":["Dagger Spray"],"picked":"SKIP","floor":39.0},{"not_picked":["Footwork"],"picked":"SKIP","floor":40.0},{"not_picked":[],"picked":"Dagger Spray","floor":43.0},{"not_picked":[],"picked":"Dagger Throw","floor":44.0},{"not_picked":[],"picked":"Replay:Bag of Tricks","floor":46.0},{"not_picked":[],"picked":"Eviscerate","floor":47.0},{"not_picked":[],"picked":"Dagger Spray+1","floor":48.0},{"not_picked":[],"picked":"Slice+1","floor":49.0},{"not_picked":[],"picked":"Heel Hook+1","floor":57}],"player_experience":37017,"relics_obtained":[{"floor":6.0,"key":"FossilizedHelix"},{"floor":8.0,"key":"Boot"},{"floor":11.0,"key":"halation:Toothbrush"},{"floor":19.0,"key":"Replay:Baseball"},{"floor":19.0,"key":"Golden Egg"},{"floor":19.0,"key":"halation:Trompette"},{"floor":21.0,"key":"halation:LettersToHer"},{"floor":21.0,"key":"Regal Pillow"},{"floor":26.0,"key":"Letter Opener"},{"floor":28.0,"key":"halation:LettersToHer"},{"floor":28.0,"key":"vexMod:InvisibilityCloak"},{"floor":29.0,"key":"Replay:Bottled Flurry"},{"floor":31.0,"key":"ReplayTheSpireMod:Ring of Collecting"},{"floor":31.0,"key":"Ring of Greed"},{"floor":31.0,"key":"Blue Doll"},{"floor":31.0,"key":"Membership Card"},{"floor":33.0,"key":"Paper Crane"},{"floor":43.0,"key":"halation:SelfBoilingWater"},{"floor":45.0,"key":"halation:LettersToHer"},{"floor":45.0,"key":"Ring of Fury"},{"floor":45.0,"key":"Ninja Scroll"},{"floor":46.0,"key":"halation:SwordOfLegend"},{"floor":48.0,"key":"ZombieTooth"},{"floor":57,"key":"Anchor"}],"event_choices":[{"damage_healed":24.0,"max_hp_gain":0.0,"max_hp_loss":0.0,"gold_gain":0.0,"event_name":"The Cleric","player_choice":"Healed","floor":3.0,"gold_loss":35.0,"damage_taken":0.0},{"damage_healed":0.0,"max_hp_gain":0.0,"max_hp_loss":0.0,"gold_gain":0.0,"event_name":"Drug Dealer","player_choice":"Inject Mutagens","floor":22.0,"gold_loss":0.0,"damage_taken":0.0,"relics_obtained":["MutagenicStrength"]},{"damage_healed":0.0,"max_hp_gain":0.0,"max_hp_loss":0.0,"gold_gain":0.0,"event_name":"Ghosts","player_choice":"Ignored","floor":24.0,"gold_loss":0.0,"damage_taken":0.0},{"damage_healed":0.0,"max_hp_gain":0.0,"max_hp_loss":0.0,"gold_gain":0.0,"event_name":"MindBloom","player_choice":"Fight","floor":48.0,"gold_loss":0.0,"damage_taken":0.0}],"is_beta":false,"boss_relics":[{"not_picked":["Runic Dome","Sozu"],"picked":"Calling Bell"},{"not_picked":["vexMod:BigBerry","Empty Cage"],"picked":"Coffee Dripper"}],"items_purged_floors":[],"is_endless":false,"potions_floor_spawned":[8,11,12,20,29,35,37,44,47,49,57],"ascension_level":20}}