{"host":"a5lz0e76zb3fcwkm","time":1608310906,"event":{"mods":["AchievementEnabler","BaseMod","Colored Map","Colored Powertips","Minty Spire (QoL Compilation)","StSLib","SuperFastMode"],"gold_per_floor":[12,12,12,22,72,72,89,108,131,131,131],"floor_reached":10,"playtime":135,"items_purged":[],"score":141,"play_id":"201173d6-b7cc-48bc-82af-5a24cd4592d2","local_time":"20201219020146","is_ascension_mode":true,"campfire_choices":[{"data":"Evolve","floor":6,"key":"SMITH"}],"circlet_count":0,"master_deck":["AscendersBane","Strike_R","Strike_R+1","Strike_R","Strike_R+1","Defend_R","Defend_R","Defend_R","Defend_R","Bash","Evolve+1","Shrug It Off"],"relics":["Burning Blood","Strawberry"],"acts_visited":[],"potions_floor_usage":[8,10],"damage_taken":[{"damage":12.0,"enemies":"Jaw Worm","floor":1.0,"turns":3.0},{"damage":13,"enemies":"Small Slimes","floor":4,"turns":4},{"damage":2,"enemies":"Cultist","floor":7,"turns":4},{"damage":19,"enemies":"Exordium Thugs","floor":8,"turns":5},{"damage":40,"enemies":"Gremlin Nob","floor":10,"turns":4}],"seed_played":"-4211999983448457575","potions_obtained":[{"floor":4,"key":"Ancient Potion"},{"floor":7,"key":"Explosive Potion"}],"is_trial":false,"path_per_floor":["M","?","?","M","?","R","M","M","T","E"],"character_chosen":"IRONCLAD","items_purchased":[],"campfire_rested":0,"item_purchase_floors":[],"current_hp_per_floor":[76,76,49,42,42,42,46,33,40,0,0],"gold":131,"neow_bonus":"TWENTY_PERCENT_HP_BONUS","is_daily":false,"chose_seed":false,"campfire_upgraded":1,"win_rate":0.0,"timestamp":1608310906,"path_taken":["M","?","?","M","?","R","M","M","T","E"],"items_purchased_type":[],"build_version":"2020-12-13","purchased_purges":0,"victory":false,"max_hp_per_floor":[89,89,89,89,89,89,89,89,96,96,96],"card_choices":[{"not_picked":["Cleave","Twin Strike"],"picked":"Evolve","floor":1.0},{"not_picked":["Clash","Clothesline","Warcry"],"picked":"SKIP","floor":4},{"not_picked":["Rampage","True Grit"],"picked":"Shrug It Off","floor":7},{"not_picked":["True Grit","Seeing Red","Flex"],"picked":"SKIP","floor":8}],"player_experience":1610402,"relics_obtained":[{"floor":9,"key":"Strawberry"}],"event_choices":[{"cards_removed":["Strike_R"],"damage_healed":0,"gold_gain":0,"player_choice":"Forget","damage_taken":0,"max_hp_gain":0,"max_hp_loss":0,"event_name":"Living Wall","floor":2,"gold_loss":0},{"damage_healed":0,"gold_gain":0,"player_choice":"Entered Light","damage_taken":27,"max_hp_gain":0,"max_hp_loss":0,"event_name":"Shining Light","floor":3,"gold_loss":0,"cards_upgraded":["Strike_R","Strike_R"]},{"damage_healed":0,"gold_gain":50,"player_choice":"Pray","damage_taken":0,"max_hp_gain":0,"max_hp_loss":0,"event_name":"Golden Shrine","floor":5,"gold_loss":0}],"is_beta":false,"boss_relics":[],"items_purged_floors":[],"is_endless":false,"potions_floor_spawned":[4,7],"killed_by":"Gremlin Nob","ascension_level":20}}