{"host":"x5anfo2w8aotfuta","time":1608254197,"event":{"mods":["AchievementEnabler","BaseMod","Bestiary","Block Reminder","Colored Map","Colored Powertips","DeckTracker","Highlight Path","Minty Spire (QoL Compilation)","Quick Restart","Rare Cards Sparkle","Relic Stats","StSLib"],"gold_per_floor":[99,99,99,48,48,48,48,48,48,48,48,48,48,48,48,48,48,0,0,0,0,0,0,0,0,0,0,0,0,0,0,0,0,0],"floor_reached":33,"playtime":5195,"items_purged":[],"score":372,"play_id":"5bc6d2ce-fb56-413d-882f-35cf3fe0f8bb","local_time":"20201217171637","is_ascension_mode":true,"campfire_choices":[{"data":"Footwork","floor":13.0,"key":"SMITH"},{"data":"Neutralize","floor":15.0,"key":"SMITH"},{"data":"Night Terror","floor":23,"key":"SMITH"},{"floor":25,"key":"REST"},{"data":"After Image","floor":28,"key":"SMITH"},{"data":"Blur","floor":32,"key":"SMITH"}],"circlet_count":0,"master_deck":["Survivor","Neutralize+1","Blur+1","Backflip","Poisoned Stab","Dagger Spray","Choke","PiercingWail","Footwork+1","After Image+1","Heel Hook","Storm of Steel","Burst","Dagger Throw","Flying Knee","Blade Dance","PiercingWail","Night Terror+1","Caltrops","Bullet Time","PiercingWail","Prepared+1","Flying Knee","Sucker Punch","Reflex","Blade Dance+1"],"relics":["Ectoplasm","Anchor","Ginger","The Courier","Pandora\u0027s Box","Gambling Chip","Tingsha"],"acts_visited":[],"potions_floor_usage":[24,33,33],"damage_taken":[{"damage":1.0,"enemies":"Jaw Worm","floor":1.0,"turns":4.0},{"damage":2.0,"enemies":"2 Louse","floor":2.0,"turns":2.0},{"damage":0.0,"enemies":"Small Slimes","floor":5.0,"turns":4.0},{"damage":0.0,"enemies":"3 Louse","floor":6.0,"turns":4.0},{"damage":20.0,"enemies":"Lagavulin","floor":7.0,"turns":6.0},{"damage":0.0,"enemies":"2 Fungi Beasts","floor":8.0,"turns":3.0},{"damage":0.0,"enemies":"Blue Slaver","floor":10.0,"turns":4.0},{"damage":0.0,"enemies":"Lots of Slimes","floor":11.0,"turns":2.0},{"damage":5.0,"enemies":"3 Sentries","floor":12.0,"turns":5.0},{"damage":0.0,"enemies":"Large Slime","floor":14.0,"turns":5.0},{"damage":16.0,"enemies":"Hexaghost","floor":16.0,"turns":12.0},{"damage":12.0,"enemies":"2 Thieves","floor":18.0,"turns":5.0},{"damage":2.0,"enemies":"Shell Parasite","floor":19.0,"turns":7.0},{"damage":9.0,"enemies":"Shelled Parasite and Fungi","floor":20.0,"turns":6.0},{"damage":2,"enemies":"Chosen and Byrds","floor":21,"turns":6},{"damage":13,"enemies":"Cultist and Chosen","floor":22,"turns":5},{"damage":2,"enemies":"Sentry and Sphere","floor":24,"turns":7},{"damage":3,"enemies":"3 Cultists","floor":30,"turns":6},{"damage":0,"enemies":"Gremlin Leader","floor":31,"turns":9},{"damage":61,"enemies":"Automaton","floor":33,"turns":12}],"seed_played":"-8623457130903445513","potions_obtained":[{"floor":1.0,"key":"PowerPotion"},{"floor":7.0,"key":"Explosive Potion"},{"floor":10.0,"key":"FearPotion"},{"floor":11.0,"key":"Dexterity Potion"},{"floor":14.0,"key":"EssenceOfSteel"},{"floor":20,"key":"SpeedPotion"},{"floor":22,"key":"SkillPotion"},{"floor":24,"key":"SpeedPotion"},{"floor":30,"key":"Energy Potion"},{"floor":31,"key":"SkillPotion"}],"is_trial":false,"path_per_floor":["M","M","?","$","M","M","E","M","T","M","M","E","R","M","R","B",null,"M","M","M","M","M","R","M","R","T","?","R","$","M","E","R","B"],"character_chosen":"THE_SILENT","items_purchased":["Backflip"],"campfire_rested":1,"item_purchase_floors":[4],"current_hp_per_floor":[69,67,67,67,67,67,47,47,47,47,47,42,42,42,42,26,70,58,56,47,45,32,32,30,51,51,51,51,51,48,48,48,0,0],"gold":0,"neow_bonus":"BOSS_RELIC","is_daily":false,"chose_seed":false,"campfire_upgraded":5,"win_rate":0.0,"timestamp":1608254197,"path_taken":["M","M","?","$","M","M","E","M","T","M","M","E","R","M","R","BOSS","M","M","M","M","M","R","M","R","T","?","R","$","M","E","R","BOSS"],"items_purchased_type":["Card"],"build_version":"2020-12-13","purchased_purges":0,"victory":false,"max_hp_per_floor":[70,70,70,70,70,70,70,70,70,70,70,70,70,70,70,70,70,70,70,70,70,70,70,70,70,70,70,70,70,70,70,70,70,70],"relic_stats":{"counters":[6,45],"Gambling Chip":[9],"Pandora\u0027s Box":[],"Tingsha":[42],"Ectoplasm":120,"Ginger":[0],"obtain_stats":[{"Anchor":0,"Gambling Chip":26,"Pandora\u0027s Box":0,"Tingsha":31,"Ectoplasm":0,"The Courier":0,"Ginger":0},{"Anchor":0,"Gambling Chip":3,"Pandora\u0027s Box":0,"Tingsha":5,"Ectoplasm":0,"The Courier":0,"Ginger":0},{"Anchor":0,"Gambling Chip":18,"Pandora\u0027s Box":0,"Tingsha":33,"Ectoplasm":0,"The Courier":0,"Ginger":0}]},"card_choices":[{"not_picked":["Riddle With Holes","Endless Agony"],"picked":"Blur","floor":1.0},{"not_picked":["Acrobatics","Dodge and Roll"],"picked":"Poisoned Stab","floor":2.0},{"not_picked":["Prepared","Blade Dance","Concentrate"],"picked":"SKIP","floor":5.0},{"not_picked":["Prepared","Underhanded Strike"],"picked":"Poisoned Stab","floor":6.0},{"not_picked":["Flying Knee","Eviscerate"],"picked":"Dagger Spray","floor":7.0},{"not_picked":["Prepared","Setup","Backstab"],"picked":"SKIP","floor":8.0},{"not_picked":["Wraith Form v2","Cloak And Dagger"],"picked":"Choke","floor":10.0},{"not_picked":["Prepared","Underhanded Strike"],"picked":"PiercingWail","floor":11.0},{"not_picked":["Sucker Punch","Catalyst"],"picked":"Footwork","floor":12.0},{"not_picked":["Outmaneuver","Venomology","Underhanded Strike"],"picked":"SKIP","floor":14.0},{"not_picked":["Bullet Time","Tools of the Trade"],"picked":"After Image","floor":16.0},{"not_picked":["Sucker Punch","Infinite Blades+1"],"picked":"PiercingWail","floor":18.0},{"not_picked":["All Out Attack","Flying Knee+1","Quick Slash"],"picked":"SKIP","floor":19.0},{"not_picked":["Outmaneuver","Dagger Spray","Bane"],"picked":"SKIP","floor":20},{"not_picked":["Underhanded Strike","Finisher"],"picked":"Prepared+1","floor":21},{"not_picked":["Expertise","Caltrops"],"picked":"Flying Knee","floor":22},{"not_picked":["Deflect","Envenom"],"picked":"Calculated Gamble","floor":24},{"not_picked":["Calculated Gamble","Riddle With Holes"],"picked":"Blade Dance+1","floor":30},{"not_picked":["Underhanded Strike+1","Distraction","Accuracy"],"picked":"SKIP","floor":31}],"player_experience":322432,"relics_obtained":[{"floor":7.0,"key":"Anchor"},{"floor":9.0,"key":"Ginger"},{"floor":12.0,"key":"The Courier"},{"floor":26,"key":"Gambling Chip"},{"floor":31,"key":"Tingsha"}],"event_choices":[{"damage_healed":0.0,"max_hp_gain":0.0,"max_hp_loss":0.0,"gold_gain":0.0,"event_name":"Golden Idol","player_choice":"Ignored","floor":3.0,"gold_loss":0.0,"damage_taken":0.0},{"damage_healed":0,"gold_gain":0,"cards_transformed":["Poisoned Stab","Calculated Gamble"],"player_choice":"Became Test Subject","damage_taken":0,"max_hp_gain":0,"max_hp_loss":0,"event_name":"Drug Dealer","floor":27,"gold_loss":0,"cards_obtained":["Sucker Punch","Reflex"]}],"is_beta":false,"boss_relics":[{"not_picked":["Runic Dome","Astrolabe"],"picked":"Pandora\u0027s Box"}],"items_purged_floors":[],"is_endless":false,"potions_floor_spawned":[1,7,10,11,14,20,22,24,30,31],"killed_by":"Automaton","ascension_level":4}}