{"host":"y76clbnovzmw9ubx","time":1608266027,"event":{"mods":["AchievementEnabler","BaseMod","Minty Spire (QoL Compilation)","Permanent Neow","Relic Stats"],"gold_per_floor":[118,129,139,151,167,197,208,208,208],"floor_reached":8,"playtime":326,"items_purged":[],"score":124,"play_id":"77a33be2-e2c1-4d56-bde6-43f409d7570f","local_time":"20201217233347","is_ascension_mode":true,"campfire_choices":[],"circlet_count":0,"master_deck":["AscendersBane","Strike_B","Strike_B","Strike_B","Strike_B","Defend_B","Defend_B","Defend_B","Defend_B","Zap","Dualcast","Biased Cognition","Ball Lightning","Capacitor","Capacitor"],"relics":["Cracked Core","Eternal Feather"],"acts_visited":["Exordium"],"potions_floor_usage":[8,8],"damage_taken":[{"damage":2,"enemies":"Jaw Worm","floor":1,"turns":3},{"damage":0,"enemies":"Cultist","floor":2,"turns":3},{"damage":0,"enemies":"2 Louse","floor":3,"turns":2},{"damage":11,"enemies":"Blue Slaver","floor":4,"turns":3},{"damage":8,"enemies":"2 Fungi Beasts","floor":5,"turns":3},{"damage":20,"enemies":"Lagavulin","floor":6,"turns":7},{"damage":12,"enemies":"Looter","floor":7,"turns":3},{"damage":10,"enemies":"3 Sentries","floor":8,"turns":3}],"seed_played":"-3731530217830569391","potions_obtained":[{"floor":2,"key":"Energy Potion"},{"floor":3,"key":"LiquidMemories"},{"floor":5,"key":"PowerPotion"}],"is_trial":false,"path_per_floor":["M","M","M","M","M","E","M","E"],"character_chosen":"DEFECT","items_purchased":[],"campfire_rested":0,"item_purchase_floors":[],"current_hp_per_floor":[62,62,62,51,43,23,11,1,1],"gold":208,"neow_bonus":"ONE_RANDOM_RARE_CARD","is_daily":false,"chose_seed":false,"campfire_upgraded":0,"win_rate":0.0,"timestamp":1608266027,"path_taken":["M","M","M","M","M","E","M","E"],"items_purchased_type":[],"build_version":"2020-12-13","purchased_purges":0,"victory":false,"max_hp_per_floor":[71,71,71,71,71,71,71,71,71],"relic_stats":{"counters":[8,27],"Eternal Feather":0,"obtain_stats":[{"Eternal Feather":6,"Cracked Core":0},{"Eternal Feather":6,"Cracked Core":0},{"Eternal Feather":21,"Cracked Core":0}]},"card_choices":[{"not_picked":["Aggregate","Beam Cell"],"picked":"Ball Lightning","floor":1},{"not_picked":["Redo","Cold Snap"],"picked":"Capacitor","floor":2},{"not_picked":["Steam","Steam Power"],"picked":"Capacitor","floor":3},{"not_picked":["Hologram","Stack","Consume"],"picked":"SKIP","floor":4},{"not_picked":["Rainbow","Redo","Sweeping Beam"],"picked":"SKIP","floor":5},{"not_picked":["Static Discharge","Gash","Streamline"],"picked":"SKIP","floor":6},{"not_picked":["Streamline","Rebound","Sweeping Beam"],"picked":"SKIP","floor":7}],"player_experience":2898150,"relics_obtained":[{"floor":6,"key":"Eternal Feather"}],"event_choices":[],"is_beta":false,"boss_relics":[],"items_purged_floors":[],"is_endless":false,"potions_floor_spawned":[2,3,4,5],"killed_by":"3 Sentries","ascension_level":20}}