{"host":"mal0jdk4f6ubgyb8","time":1608292940,"event":{"mods":["BaseMod","KinomotoSakuraMod(木之本樱)","Koishi","LagranYue(拉格朗・月)","Luminous","Marisa（F雨　魔理沙）","Minty Spire (QoL Compilation)","Quick Restart","Reimu（博丽灵梦）","Relic Stats","Remilia（蕾米莉亚）","StSLib","The Animator","The Senshi","TheWitcher","WarShipGirlsR/战舰少女R mod","Youmu（魂魄妖梦）","Yuri Mod","Yuyuko","【东方二次创作】八云紫mod"],"gold_per_floor":[117,152,181,456,481,526,558,608,608,608,147,147,209,13,13,162,162,223,265,334,334,398,483,483,525,571,33,68,68,146,191,191,369,369,383,454,2,56,56,56,56,135,135,268,331,372,481,523,523,523,523,523,85,111,111],"floor_reached":56,"playtime":3503,"items_purged":["Regret","Poor:ReiMu","Regret"],"score":1528,"play_id":"781ca127-41fc-4421-af25-b087a64d94f0","local_time":"20201218200220","is_ascension_mode":true,"campfire_choices":[{"data":"AbsoluteMagnitude","floor":10.0,"key":"SMITH"},{"floor":12.0,"key":"RECALL"},{"floor":15.0,"key":"REST"},{"data":"Apotheosis","floor":24.0,"key":"SMITH"},{"data":"MilkyWay","floor":32.0,"key":"SMITH"},{"data":"UltimateShortwave","floor":40.0,"key":"SMITH"},{"data":"BinaryStars","floor":49.0,"key":"SMITH"},{"data":"Acceleration","floor":52.0,"key":"SMITH"}],"circlet_count":0,"master_deck":["Strike_MRS","Strike_MRS","Strike_MRS","Strike_MRS","Defend_MRS","Defend_MRS","Defend_MRS","Defend_MRS","MasterSpark","UpSweep","Blind","WitchOfGreed","GravityBeat","MilkyWay+1","BinaryStars","AbsoluteMagnitude+1","RefractionSpark","6A","Apotheosis+1","WitchOfGreed","Acceleration+1","TreasureHunter","MysteriousBeam","GravityBeat+1","BinaryStars+1","EventHorizon+1","ManaConvection","WitchOfGreed+1","GrandCross","UltimateShortwave+1","Acceleration+1","6A+1","MysteriousBeam+1","WitchOfGreed+1","MagicChant+1","NonDirectionalLaser+1","Acceleration+1","SporeBomb","Parasite","MysteriousBeam+1","OpenUniverse","MilkyWay","SporeBomb+1"],"relics":["MiniHakkero","LagranYue:RandomDrawCardRelic","PreservedInsect","Tea:ReiMu","The Courier","Unceasing Top","StrikeDummy","Gremlin Horn","Cursed Key","Bronze Scales","SproutingBranch","Frozen Egg 2","theSenshi:SailorFukuRelic","Gambling Chip","SlaversCollar","Sling","PureWhite:ReiMu","Spirit Poop","Shuriken","Ice Cream","Kunai","yuri:PortableGlitches","BreadOfAWashokuLover","Lantern","Centennial Puzzle","LagranYue:MagicReflectiveArmorRelic","Pocketwatch"],"acts_visited":["Exordium","TheCity","TheBeyond","TheEnding"],"potions_floor_usage":[],"damage_taken":[{"damage":0.0,"enemies":"2 Louse","floor":1.0,"turns":3.0},{"damage":5.0,"enemies":"Cultist","floor":2.0,"turns":4.0},{"damage":11.0,"enemies":"Jaw Worm","floor":3.0,"turns":4.0},{"damage":10.0,"enemies":"Lots of Slimes","floor":5.0,"turns":5.0},{"damage":10.0,"enemies":"Gremlin Nob","floor":6.0,"turns":3.0},{"damage":11.0,"enemies":"Red Slaver","floor":7.0,"turns":6.0},{"damage":6.0,"enemies":"Lagavulin","floor":8.0,"turns":5.0},{"damage":15.0,"enemies":"Gremlin Nob","floor":13.0,"turns":5.0},{"damage":32.0,"enemies":"The Guardian","floor":16.0,"turns":9.0},{"damage":10.0,"enemies":"Chosen","floor":18.0,"turns":4.0},{"damage":0.0,"enemies":"Spheric Guardian","floor":19.0,"turns":3.0},{"damage":12.0,"enemies":"Snecko","floor":20.0,"turns":6.0},{"damage":7.0,"enemies":"Snake Plant","floor":22.0,"turns":3.0},{"damage":0.0,"enemies":"Gremlin Leader","floor":23.0,"turns":3.0},{"damage":1.0,"enemies":"3 Cultists","floor":25.0,"turns":4.0},{"damage":1.0,"enemies":"Sentry and Sphere","floor":28.0,"turns":3.0},{"damage":9.0,"enemies":"Slavers","floor":30.0,"turns":3.0},{"damage":0.0,"enemies":"Snake Plant","floor":31.0,"turns":2.0},{"damage":34.0,"enemies":"Automaton","floor":33.0,"turns":7.0},{"damage":5.0,"enemies":"Orb Walker","floor":35.0,"turns":2.0},{"damage":7.0,"enemies":"3 Darklings","floor":36.0,"turns":4.0},{"damage":10.0,"enemies":"Spire Growth","floor":38.0,"turns":3.0},{"damage":13.0,"enemies":"Giant Head","floor":42.0,"turns":4.0},{"damage":41.0,"enemies":"Reptomancer","floor":44.0,"turns":4.0},{"damage":7.0,"enemies":"Jaw Worm Horde","floor":45.0,"turns":3.0},{"damage":2.0,"enemies":"4 Shapes","floor":46.0,"turns":2.0},{"damage":12.0,"enemies":"Nemesis","floor":47.0,"turns":4.0},{"damage":0.0,"enemies":"Writhing Mass","floor":48.0,"turns":4.0},{"damage":21.0,"enemies":"Donu and Deca","floor":50.0,"turns":5.0},{"damage":0,"enemies":"Shield and Spear","floor":54,"turns":1},{"damage":52,"enemies":"The Heart","floor":55,"turns":5}],"seed_played":"7959142026446851382","potions_obtained":[{"floor":1.0,"key":"ZuzhouPotion:ReiMu"},{"floor":2.0,"key":"FearPotion"},{"floor":2.0,"key":"StarNLove"},{"floor":3.0,"key":"DistilledChaos"},{"floor":5.0,"key":"Ancient Potion"},{"floor":6.0,"key":"SkillPotion"},{"floor":7.0,"key":"Block Potion"},{"floor":7.0,"key":"Weak Potion"},{"floor":8.0,"key":"Fruit Juice"},{"floor":8.0,"key":"GamblersBrew"},{"floor":13.0,"key":"SpeedPotion"},{"floor":18.0,"key":"Regen Potion"},{"floor":18.0,"key":"StarNLove"},{"floor":19.0,"key":"Regen Potion"},{"floor":20.0,"key":"Block Potion"},{"floor":20.0,"key":"Weak Potion"},{"floor":22.0,"key":"Block Potion"},{"floor":22.0,"key":"Fire Potion"},{"floor":22.0,"key":"DuplicationPotion"},{"floor":23.0,"key":"BottledSpark"},{"floor":23.0,"key":"PowerPotion"},{"floor":28.0,"key":"Strength Potion"},{"floor":30.0,"key":"SteroidPotion"},{"floor":30.0,"key":"GamblersBrew"},{"floor":33.0,"key":"Fire Potion"},{"floor":33.0,"key":"GrandPatriotsElixir:ReiMu"},{"floor":35.0,"key":"FearPotion"},{"floor":38.0,"key":"GamblersBrew"},{"floor":42.0,"key":"Explosive Potion"},{"floor":42.0,"key":"BlessingOfTheForge"},{"floor":44.0,"key":"SteroidPotion"},{"floor":44.0,"key":"AttackPotion"},{"floor":44.0,"key":"ColorlessPotion"},{"floor":46.0,"key":"GrandPatriotsElixir:ReiMu"},{"floor":47.0,"key":"SkillPotion"},{"floor":47.0,"key":"GrandPatriotsElixir:ReiMu"},{"floor":48.0,"key":"FearPotion"},{"floor":48.0,"key":"FearPotion"}],"is_trial":false,"path_per_floor":["M","M","M","?","M","E","M","E","T","R","$","R","E","$","R","B",null,"M","M","M","?","M","E","R","M","T","$","M","?","E","M","R","B",null,"M","M","$","M","?","R","$","E","T","E","M","M","E","M","R","B",null,"R","$","E","B",null],"character_chosen":"MARISA","items_purchased":["Apotheosis","WitchOfGreed","Unceasing Top","Gremlin Horn","SproutingBranch","Frozen Egg 2","Sling","PureWhite:ReiMu","Centennial Puzzle","LagranYue:MagicReflectiveArmorRelic","OpenUniverse","MilkyWay"],"campfire_rested":1,"item_purchase_floors":[11,11,11,14,27,27,37,37,53,53,53,53],"current_hp_per_floor":[75,70,59,59,49,39,28,27,27,27,27,27,12,12,60,28,80,70,70,68,68,61,61,61,60,60,60,68,68,68,73,73,52,80,75,80,80,70,70,70,70,67,67,38,41,44,46,58,58,51,80,80,80,80,41],"gold":111,"neow_bonus":"RANDOM_COLORLESS","is_daily":false,"chose_seed":false,"campfire_upgraded":6,"win_rate":0.0,"timestamp":1608292940,"path_taken":["M","M","M","?","M","E","M","E","T","R","$","R","E","$","R","BOSS","M","M","?","?","?","E","R","M","T","?","M","?","E","M","R","BOSS","M","?","$","M","?","R","$","E","T","E","M","M","E","M","R","BOSS","R","$","E","BOSS"],"items_purchased_type":["Card","Card","Relic","Relic","Relic","Relic","Relic","Relic","Relic","Relic","Card","Card"],"build_version":"2020-12-13","purchased_purges":3,"victory":true,"max_hp_per_floor":[75,75,75,75,75,75,75,80,80,80,80,80,80,80,80,80,80,80,80,80,80,80,80,80,80,80,80,80,80,80,80,80,80,80,80,80,80,80,80,80,80,80,80,80,80,80,80,80,80,80,80,80,80,80,80],"relic_stats":{"Centennial Puzzle":[1],"Gremlin Horn":[24,24],"counters":[31,123],"Shuriken":[19],"Bronze Scales":[173],"Gambling Chip":[10],"PreservedInsect":435,"Kunai":[19],"Cursed Key":2,"obtain_stats":[{"Ice Cream":42,"Lantern":47,"LagranYue:RandomDrawCardRelic":0,"Gremlin Horn":14,"Tea:ReiMu":8,"Spirit Poop":39,"SproutingBranch":27,"Cursed Key":17,"Sling":37,"LagranYue:MagicReflectiveArmorRelic":53,"Centennial Puzzle":53,"Gambling Chip":33,"Kunai":43,"theSenshi:SailorFukuRelic":30,"BreadOfAWashokuLover":44,"PreservedInsect":6,"The Courier":9,"Frozen Egg 2":27,"SlaversCollar":34,"PureWhite:ReiMu":37,"Shuriken":42,"Bronze Scales":21,"MiniHakkero":0,"yuri:PortableGlitches":44,"StrikeDummy":13,"Unceasing Top":11,"Pocketwatch":54},{"Ice Cream":23,"Lantern":27,"LagranYue:RandomDrawCardRelic":0,"Gremlin Horn":8,"Tea:ReiMu":7,"Spirit Poop":22,"SproutingBranch":15,"Cursed Key":9,"Sling":21,"LagranYue:MagicReflectiveArmorRelic":29,"Centennial Puzzle":29,"Gambling Chip":19,"Kunai":23,"theSenshi:SailorFukuRelic":17,"BreadOfAWashokuLover":24,"PreservedInsect":5,"The Courier":7,"Frozen Egg 2":15,"SlaversCollar":19,"PureWhite:ReiMu":21,"Shuriken":23,"Bronze Scales":12,"MiniHakkero":0,"yuri:PortableGlitches":24,"StrikeDummy":8,"Unceasing Top":7,"Pocketwatch":30},{"Ice Cream":95,"Lantern":108,"LagranYue:RandomDrawCardRelic":0,"Gremlin Horn":35,"Tea:ReiMu":30,"Spirit Poop":91,"SproutingBranch":67,"Cursed Key":44,"Sling":88,"LagranYue:MagicReflectiveArmorRelic":117,"Centennial Puzzle":117,"Gambling Chip":82,"Kunai":95,"theSenshi:SailorFukuRelic":73,"BreadOfAWashokuLover":99,"PreservedInsect":19,"The Courier":30,"Frozen Egg 2":67,"SlaversCollar":82,"PureWhite:ReiMu":88,"Shuriken":95,"Bronze Scales":57,"MiniHakkero":0,"yuri:PortableGlitches":99,"StrikeDummy":35,"Unceasing Top":30,"Pocketwatch":118}],"Unceasing Top":[4],"Pocketwatch":[1]},"card_choices":[{"not_picked":["Dramatic Entrance","Purity"],"picked":"Blind","floor":0.0},{"not_picked":["AlicesGift","GravityBeat"],"picked":"WitchOfGreed","floor":1.0},{"not_picked":["ManaConvection","LuminesStrike"],"picked":"GravityBeat","floor":2.0},{"not_picked":["DoubleSpark","DC"],"picked":"MilkyWay","floor":3.0},{"not_picked":["MysteriousBeam","IllusionStar"],"picked":"BinaryStars","floor":5.0},{"not_picked":["LuminesStrike","EventHorizon"],"picked":"AbsoluteMagnitude","floor":6.0},{"not_picked":["GravityBeat","WitchLeyline"],"picked":"RefractionSpark","floor":7.0},{"not_picked":["AsteroidBelt","MilkyWay"],"picked":"6A","floor":8.0},{"not_picked":["OpenUniverse","IllusionStar"],"picked":"Acceleration","floor":13.0},{"not_picked":["SuperNova","CollectingQuirk"],"picked":"TreasureHunter","floor":16.0},{"not_picked":["IllusionStar","UnstableBomb"],"picked":"MysteriousBeam","floor":18.0},{"not_picked":["DoubleSpark","DC"],"picked":"GravityBeat+1","floor":19.0},{"not_picked":["UnstableBomb","DarkMatter+1"],"picked":"BinaryStars","floor":20.0},{"not_picked":["LuminesStrike+1","DeepEcoloBomb+1","EnergyFlow"],"picked":"SKIP","floor":22.0},{"not_picked":["BigCrunch","AsteroidBelt+1"],"picked":"EventHorizon+1","floor":23.0},{"not_picked":["StarBarrage+1","AsteroidBelt"],"picked":"ManaConvection","floor":25.0},{"not_picked":["IllusionStar","MilkyWay","LuminesStrike"],"picked":"SKIP","floor":28.0},{"not_picked":["MilkyWay","SporeBomb"],"picked":"WitchOfGreed+1","floor":30.0},{"not_picked":["PowerUp+1","ShootingEcho"],"picked":"GrandCross","floor":31.0},{"not_picked":["SatelliteIllusion+1","BinaryStars"],"picked":"UltimateShortwave","floor":33.0},{"not_picked":["ShootTheMoon+1","IllusionStar"],"picked":"Acceleration+1","floor":35.0},{"not_picked":["WitchLeyline","PropBag"],"picked":"6A+1","floor":36.0},{"not_picked":["PropBag+1","GravityBeat+1"],"picked":"MysteriousBeam+1","floor":38.0},{"not_picked":["DC+1","MysteriousBeam+1"],"picked":"WitchOfGreed+1","floor":42.0},{"not_picked":["GasGiant","6A"],"picked":"MagicChant+1","floor":44.0},{"not_picked":["AsteroidBelt","LuminesStrike+1"],"picked":"NonDirectionalLaser+1","floor":45.0},{"not_picked":["SatelliteIllusion+1","WitchOfGreed+1"],"picked":"Acceleration+1","floor":46.0},{"not_picked":["AbsoluteMagnitude","PowerUp+1"],"picked":"SporeBomb","floor":47.0},{"not_picked":["MilkyWay","ManaConvection"],"picked":"MysteriousBeam+1","floor":48.0},{"not_picked":["DoubleSpark","6A+1"],"picked":"SporeBomb+1","floor":54}],"player_experience":228134,"relics_obtained":[{"floor":6.0,"key":"PreservedInsect"},{"floor":8.0,"key":"Tea:ReiMu"},{"floor":9.0,"key":"The Courier"},{"floor":13.0,"key":"StrikeDummy"},{"floor":30.0,"key":"theSenshi:SailorFukuRelic"},{"floor":33.0,"key":"Gambling Chip"},{"floor":42.0,"key":"Shuriken"},{"floor":42.0,"key":"Ice Cream"},{"floor":43.0,"key":"Kunai"},{"floor":44.0,"key":"yuri:PortableGlitches"},{"floor":44.0,"key":"BreadOfAWashokuLover"},{"floor":47.0,"key":"Lantern"},{"floor":54,"key":"Pocketwatch"}],"event_choices":[{"damage_healed":0.0,"max_hp_gain":0.0,"max_hp_loss":0.0,"gold_gain":275.0,"event_name":"Golden Shrine","player_choice":"Desecrate","floor":4.0,"gold_loss":0.0,"damage_taken":0.0,"cards_obtained":["Regret"]},{"damage_healed":0.0,"max_hp_gain":0.0,"max_hp_loss":0.0,"gold_gain":0.0,"event_name":"WeMeetAgain","player_choice":"Gave Potion","floor":21.0,"gold_loss":0.0,"damage_taken":0.0,"relics_obtained":["Bronze Scales"]},{"damage_healed":0.0,"max_hp_gain":0.0,"max_hp_loss":0.0,"gold_gain":0.0,"event_name":"Wheel of Change","player_choice":"Cursed","floor":29.0,"gold_loss":0.0,"damage_taken":0.0,"cards_obtained":["Decay"]},{"cards_removed":["Decay"],"damage_healed":0.0,"max_hp_gain":0.0,"max_hp_loss":0.0,"gold_gain":0.0,"event_name":"Bonfire Elementals","player_choice":"Offered Curse","floor":39.0,"gold_loss":0.0,"damage_taken":0.0,"relics_obtained":["Spirit Poop"]}],"is_beta":false,"boss_relics":[{"not_picked":["Velvet Choker","Ectoplasm"],"picked":"Cursed Key"},{"not_picked":["RampagingMagicTools","Sozu"],"picked":"SlaversCollar"}],"items_purged_floors":[11,37,53],"is_endless":false,"potions_floor_spawned":[1,2,7,8,13,19,22,28,35,38,46,48],"ascension_level":1}}