{"host":"fdq5pmhluajjrf8d","time":1608256343,"event":{"mods":["BaseMod","Minty Spire (QoL Compilation)"],"gold_per_floor":[367,28,28,178,178,178,196,196,219,249,16,35,35,53,53,128,128,148,161,0,17,29,29,62,62,62],"floor_reached":25,"playtime":1286,"items_purged":["Doubt"],"score":431,"play_id":"d6d72d41-d7bc-49f5-8cbc-409a44d690bf","local_time":"20201217205223","is_ascension_mode":true,"campfire_choices":[{"data":"Zap","floor":6.0,"key":"SMITH"},{"floor":8.0,"key":"REST"},{"floor":15.0,"key":"REST"},{"floor":23,"key":"REST"}],"circlet_count":0,"master_deck":["AscendersBane","Strike_B+1","Strike_B","Strike_B","Strike_B","Defend_B","Defend_B","Defend_B","Defend_B","Zap+1","Dualcast","Cold Snap+1","Doom and Gloom","Ball Lightning","Echo Form","Core Surge","FTL"],"relics":["Cracked Core","Lee\u0027s Waffle","MealTicket","Gambling Chip","Anchor","Art of War","HandDrill","Inserter","Bronze Scales","Pocketwatch"],"acts_visited":["Exordium","TheCity"],"potions_floor_usage":[21,24],"damage_taken":[{"damage":10.0,"enemies":"Small Slimes","floor":1.0,"turns":3.0},{"damage":4.0,"enemies":"Jaw Worm","floor":7.0,"turns":3.0},{"damage":56.0,"enemies":"Gremlin Nob","floor":10.0,"turns":5.0},{"damage":0.0,"enemies":"Cultist","floor":12.0,"turns":3.0},{"damage":13.0,"enemies":"Large Slime","floor":14.0,"turns":4.0},{"damage":5.0,"enemies":"Slime Boss","floor":16.0,"turns":7.0},{"damage":29.0,"enemies":"2 Thieves","floor":18.0,"turns":3.0},{"damage":15.0,"enemies":"Chosen","floor":19.0,"turns":5.0},{"damage":30,"enemies":"3 Cultists","floor":21,"turns":4},{"damage":23,"enemies":"Snake Plant","floor":22,"turns":4},{"damage":24,"enemies":"Gremlin Leader","floor":24,"turns":6},{"damage":20,"enemies":"Snecko","floor":25,"turns":3}],"seed_played":"-553516806453771133","potions_obtained":[{"floor":10.0,"key":"FairyPotion"},{"floor":12.0,"key":"DistilledChaos"},{"floor":19.0,"key":"FearPotion"},{"floor":22,"key":"Explosive Potion"},{"floor":24,"key":"Swift Potion"}],"is_trial":false,"path_per_floor":["M","$","?","?","T","R","M","R","T","E","$","M","$","M","R","B",null,"M","M","$","M","M","R","E","M"],"character_chosen":"DEFECT","items_purchased":["Lee\u0027s Waffle","MealTicket","HandDrill","Bronze Scales"],"campfire_rested":3,"item_purchase_floors":[2,2,11,20],"current_hp_per_floor":[36,78,55,55,55,55,51,74,74,18,33,33,48,35,58,53,72,43,28,43,13,15,38,14,0,0],"gold":62,"neow_bonus":"TWO_FIFTY_GOLD","is_daily":false,"chose_seed":false,"campfire_upgraded":1,"win_rate":0.0,"timestamp":1608256343,"path_taken":["M","$","?","?","?","R","M","R","T","E","$","M","?","M","R","BOSS","M","M","?","M","M","R","E","M"],"items_purchased_type":["Relic","Relic","Relic","Relic"],"build_version":"2020-12-13","purchased_purges":1,"victory":false,"max_hp_per_floor":[71,78,78,78,78,78,78,78,78,78,78,78,78,78,78,78,78,78,78,78,78,78,78,78,78,78],"card_choices":[{"not_picked":["Conserve Battery","Force Field"],"picked":"Cold Snap","floor":1.0},{"not_picked":["Cold Snap","Stack","Gash"],"picked":"SKIP","floor":7.0},{"not_picked":["Stack","Cold Snap"],"picked":"Doom and Gloom","floor":10.0},{"not_picked":["Leap","Stack"],"picked":"Ball Lightning","floor":12.0},{"not_picked":["Rebound","Barrage"],"picked":"Echo Form","floor":14.0},{"not_picked":["Seek","All For One"],"picked":"Core Surge","floor":16.0},{"not_picked":["Leap","Reinforced Body"],"picked":"FTL","floor":18.0},{"not_picked":["BootSequence+1","Go for the Eyes","Turbo"],"picked":"SKIP","floor":19.0},{"not_picked":["Cold Snap","Redo","Tempest"],"picked":"SKIP","floor":21},{"not_picked":["Ball Lightning","Aggregate","Loop"],"picked":"SKIP","floor":22},{"not_picked":["Steam","Reinforced Body+1","Capacitor"],"picked":"SKIP","floor":24}],"player_experience":1878357,"relics_obtained":[{"floor":5.0,"key":"Gambling Chip"},{"floor":9.0,"key":"Anchor"},{"floor":10.0,"key":"Art of War"},{"floor":24,"key":"Pocketwatch"}],"event_choices":[{"damage_healed":0.0,"max_hp_gain":0.0,"max_hp_loss":0.0,"gold_gain":0.0,"event_name":"Shining Light","player_choice":"Entered Light","floor":3.0,"gold_loss":0.0,"damage_taken":23.0,"cards_upgraded":["Cold Snap","Strike_B"]},{"damage_healed":0.0,"max_hp_gain":0.0,"max_hp_loss":0.0,"gold_gain":150.0,"event_name":"Liars Game","player_choice":"AGREE","floor":4.0,"gold_loss":0.0,"damage_taken":0.0,"cards_obtained":["Doubt"]}],"is_beta":false,"boss_relics":[{"not_picked":["Runic Dome","Busted Crown"],"picked":"Inserter"}],"items_purged_floors":[11],"is_endless":false,"potions_floor_spawned":[10,12,19,22,24],"killed_by":"Snecko","ascension_level":19}}