{"host":"cz3p2o9n3b1gdmkz","time":1608286158,"event":{"mods":["AchievementEnabler","BaseMod","CapriCore","GungeonMod","Hermit","Lobotomy","Minty Spire (QoL Compilation)","Replay The Spire","Shop Mod","StSLib","SuperFastMode","The Cursed","The Dragon Tamer","The Gatherer","The Jungle","The Poker Player","The Runesmith"],"gold_per_floor":[368,330,330,79,354,354,394,36,36,36,93,93,107,125,125,245,245,269,368,387,387,308,349,349,385,385,385,385,385,401,442,442,570,570,585,123,456,467,487,487,522,522,522,551,551,582,582,608,608,608,608,608,608,174,200,200,200],"floor_reached":56,"playtime":1921,"items_purged":[],"score":1408,"play_id":"2738656f-ac4c-47d5-8574-3ef79c1b2451","local_time":"20201218190918","is_ascension_mode":true,"campfire_choices":[{"data":"Apotheosis","floor":6.0,"key":"SMITH"},{"data":"TheCursedMod:SurpriseAttack","floor":15.0,"key":"SMITH"},{"data":"TheCursedMod:CircleOfFlame","floor":24.0,"key":"SMITH"},{"data":"TheCursedMod:CircleOfFlame","floor":29.0,"key":"SMITH"},{"floor":32.0,"key":"DIG"},{"floor":40.0,"key":"RECALL"},{"data":"TheCursedMod:SurpriseAttack","floor":45,"key":"SMITH"},{"data":"TheCursedMod:SurpriseAttack","floor":45,"key":"SMITH"},{"data":"TheCursedMod:SurpriseAttack","floor":49,"key":"SMITH"},{"data":"TheCursedMod:CircleOfBlood","floor":49,"key":"SMITH"},{"data":"TheCursedMod:ParallelWorld","floor":53,"key":"SMITH"},{"data":"TheCursedMod:CleanUpWorkshop","floor":53,"key":"SMITH"}],"circlet_count":0,"master_deck":["TheCursedMod:Strike_TheCursed","TheCursedMod:Strike_TheCursed","TheCursedMod:Strike_TheCursed","TheCursedMod:Strike_TheCursed","TheCursedMod:Defend_TheCursed","TheCursedMod:Defend_TheCursed","TheCursedMod:Defend_TheCursed","TheCursedMod:CursedWand","TheCursedMod:CleanUpWorkshop+1","TheCursedMod:Dregs","ReplayTheSpireMod:Doomed","TheCursedMod:CircleOfFlame+1","TheCursedMod:CircleOfBlood+1","Injury","Apotheosis+1","TheCursedMod:CircleOfFlame+1","TheCursedMod:SurpriseAttack+1","TheCursedMod:AbyssShockwave","TheCursedMod:SurpriseAttack+1","TheCursedMod:NeowsMight","TheCursedMod:StingEye+1","TheCursedMod:CircleOfFlame+1","TheCursedMod:SurpriseAttack+1","TheCursedMod:DemonSword","TheCursedMod:SurpriseAttack+1","TheCursedMod:ParallelWorld+1","TheCursedMod:SurpriseAttack+1","TheCursedMod:CircleOfFlame+1","TheCursedMod:TroublousMinions","TheCursedMod:LuckyCharm","TheCursedMod:SoulReap","TheCursedMod:CursedArmor","TheCursedMod:CircleOfCorruption+1"],"relics":["TheCursedMod:BlackMagic101","Shuriken","TheCursedMod:MagicCandle","Juzu Bracelet","TheCursedMod:OminousMark","Spirit Poop","Replay:Accelerometer","Torii","DemoMod:MeltedRock","Blue Candle","DemoMod:PinkGuonStone","DemoMod:MeatBun","Replay:Arrowhead","Garlic","Omamori","Ginger","Incense Burner","DemoMod:ClearGuonStone","Lantern","ReplayTheSpireMod:CursedCoin","DemoMod:MemoryAlloy"],"acts_visited":["Exordium","TheCity","TheBeyond","TheEnding"],"potions_floor_usage":[41,41,50,50,56,56,56],"damage_taken":[{"damage":8.0,"enemies":"Jaw Worm","floor":1.0,"turns":4.0},{"damage":16.0,"enemies":"Lagavulin","floor":7.0,"turns":4.0},{"damage":4.0,"enemies":"Cultist","floor":13.0,"turns":2.0},{"damage":0.0,"enemies":"2 Louse","floor":14.0,"turns":1.0},{"damage":22.0,"enemies":"Fading Forest","floor":16.0,"turns":11.0},{"damage":0.0,"enemies":"Shell Parasite","floor":18.0,"turns":2.0},{"damage":10.0,"enemies":"2 Thieves","floor":20.0,"turns":2.0},{"damage":8.0,"enemies":"Gremlin Leader","floor":23.0,"turns":3.0},{"damage":3.0,"enemies":"Book of Stabbing","floor":25.0,"turns":2.0},{"damage":0.0,"enemies":"Snecko","floor":30.0,"turns":2.0},{"damage":0.0,"enemies":"Slavers","floor":31.0,"turns":1.0},{"damage":0.0,"enemies":"Automaton","floor":33.0,"turns":3.0},{"damage":0.0,"enemies":"Orb Walker","floor":35.0,"turns":1.0},{"damage":0.0,"enemies":"3 Shapes","floor":38.0,"turns":1.0},{"damage":0.0,"enemies":"Jaw Worm Horde","floor":39.0,"turns":1.0},{"damage":4,"enemies":"R_Hoarder","floor":41,"turns":6},{"damage":0,"enemies":"Reptomancer","floor":44,"turns":2},{"damage":0,"enemies":"Nemesis","floor":46,"turns":2},{"damage":13,"enemies":"Giant Head","floor":48,"turns":6},{"damage":93,"enemies":"Awakened One","floor":50,"turns":12},{"damage":0,"enemies":"Shield and Spear","floor":55,"turns":2},{"damage":134,"enemies":"The Heart","floor":56,"turns":8}],"seed_played":"4927406265219976599","potions_obtained":[{"floor":7.0,"key":"SteroidPotion"},{"floor":13.0,"key":"TheCursedMod:DregsPotion"},{"floor":16.0,"key":"Explosive Potion"},{"floor":18.0,"key":"PowerPotion"},{"floor":23.0,"key":"Adrenaline Potion"},{"floor":31.0,"key":"EssenceOfSteel"},{"floor":35.0,"key":"DemoMod:LeadSkinPotion"},{"floor":41,"key":"Weak Potion"},{"floor":42,"key":"Elixir"},{"floor":42,"key":"Ancient Potion"},{"floor":55,"key":"ColorlessPotion"}],"is_trial":false,"path_per_floor":["M","$","?","$","?","R","E","$","T","?","?","?","M","M","R","B",null,"M","?","M","?","$","E","R","E","T","?","?","R","M","E","R","B",null,"M","$","?","M","M","R","E","?","T","E","R","E","?","E","R","B",null,null,"R","$","E","B"],"character_chosen":"THE_CURSED","items_purchased":["TheCursedMod:CircleOfBlood","Apotheosis","TheCursedMod:CircleOfFlame","TheCursedMod:SurpriseAttack","TheCursedMod:MagicCandle","TheCursedMod:SurpriseAttack","TheCursedMod:CircleOfFlame","TheCursedMod:SurpriseAttack","DemoMod:MeatBun","Replay:Arrowhead","DemoMod:ClearGuonStone","Lantern","TheCursedMod:LuckyCharm","ReplayTheSpireMod:CursedCoin","TheCursedMod:SoulReap","TheCursedMod:CursedArmor","Adrenaline Potion","Explosive Potion"],"campfire_rested":0,"item_purchase_floors":[2,4,4,4,8,8,22,22,36,36,54,54,54,54,54,54,54,54],"current_hp_per_floor":[60,60,60,60,60,60,63,63,63,63,63,48,54,60,60,46,68,75,75,65,65,65,67,67,75,75,75,75,75,75,75,82,82,82,82,82,82,82,82,82,78,78,78,82,82,82,82,71,71,4,4,63,63,63,82,0,0],"gold":200,"neow_bonus":"TWO_FIFTY_GOLD","is_daily":false,"chose_seed":false,"campfire_upgraded":10,"win_rate":0.0,"timestamp":1608286158,"path_taken":["M","$","?","$","?","R","E","$","T","?","?","?","M","M","R","BOSS","M","?","M","?","$","E","R","E","T","?","?","R","M","E","R","BOSS","M","$","?","M","M","R","E","?","T","E","R","E","?","E","R","BOSS","R","$","E","BOSS"],"items_purchased_type":["Card","Card","Card","Card","Relic","Card","Card","Card","Relic","Relic","Relic","Card","Card","Relic","Card","Card","Potion","Potion"],"build_version":"2020-12-13","purchased_purges":0,"victory":false,"max_hp_per_floor":[75,75,75,75,75,75,75,75,75,75,75,75,75,75,75,75,75,75,75,75,75,75,75,75,75,75,75,75,75,75,75,82,82,82,82,82,82,82,82,82,82,82,82,82,82,82,82,82,82,82,82,82,82,82,82,82,82],"card_choices":[{"not_picked":["TheCursedMod:SpreadPlague","TheCursedMod:AbyssShockwave"],"picked":"TheCursedMod:CircleOfFlame","floor":1.0},{"not_picked":["TheCursedMod:TroublousMinions","TheCursedMod:CircleOfFocus"],"picked":"TheCursedMod:AbyssShockwave","floor":7.0},{"not_picked":["TheCursedMod:Stigma","TheCursedMod:Stretching","TheCursedMod:Obscuration"],"picked":"SKIP","floor":13.0},{"not_picked":["TheCursedMod:SoulCrush","TheCursedMod:RavingStaff","TheCursedMod:Grudge"],"picked":"SKIP","floor":14.0},{"not_picked":["TheCursedMod:CursedRelics","TheCursedMod:ShockAndAwe"],"picked":"TheCursedMod:NeowsMight","floor":16.0},{"not_picked":["TheCursedMod:VitalStrike","TheCursedMod:FuryStrike"],"picked":"TheCursedMod:StingEye+1","floor":18.0},{"not_picked":["TheCursedMod:CursedBlade","TheCursedMod:FuryStrike","TheCursedMod:Stretching"],"picked":"SKIP","floor":20.0},{"not_picked":["TheCursedMod:HellsGateOpen","TheCursedMod:RavingStaff+1","TheCursedMod:VoidForm"],"picked":"SKIP","floor":23.0},{"not_picked":["TheCursedMod:Torture+1","TheCursedMod:ReleasedStrength"],"picked":"TheCursedMod:DemonSword","floor":25.0},{"not_picked":["TheCursedMod:CursedBoomerang","TheCursedMod:BloodBarrier"],"picked":"TheCursedMod:SurpriseAttack","floor":30.0},{"not_picked":["TheCursedMod:Wield","TheCursedMod:SpreadPlague+1","TheCursedMod:AntiAging"],"picked":"SKIP","floor":31.0},{"not_picked":["TheCursedMod:DemonicPact","TheCursedMod:VoidForm"],"picked":"TheCursedMod:ParallelWorld","floor":33.0},{"not_picked":["TheCursedMod:CircleOfCorruption+1","TheCursedMod:CircleOfFocus+1"],"picked":"TheCursedMod:SurpriseAttack","floor":35.0},{"not_picked":["TheCursedMod:Stigma+1","TheCursedMod:SpitefulPlan+1","TheCursedMod:RavingStaff"],"picked":"SKIP","floor":38.0},{"not_picked":["TheCursedMod:SaltUponWound+1","TheCursedMod:HellfireBreathing+1","TheCursedMod:StunningStrike"],"picked":"SKIP","floor":39.0},{"not_picked":["TheCursedMod:AbyssShockwave+1","TheCursedMod:FuryStrike"],"picked":"TheCursedMod:CircleOfFlame+1","floor":41},{"not_picked":["TheCursedMod:AbyssShockwave","TheCursedMod:CursedBoomerang+1","TheCursedMod:LuckyCharm"],"picked":"SKIP","floor":44},{"not_picked":["TheCursedMod:SmokeScreen","TheCursedMod:RapidMovement","TheCursedMod:BlessingInDisguise"],"picked":"SKIP","floor":46},{"not_picked":["TheCursedMod:CursedArmor+1","TheCursedMod:ForbiddenAlchemy","TheCursedMod:Neurasthenia"],"picked":"SKIP","floor":48},{"not_picked":["TheCursedMod:DemonicPact","TheCursedMod:CursedMace+1"],"picked":"TheCursedMod:CircleOfCorruption+1","floor":55}],"player_experience":976903,"relics_obtained":[{"floor":7.0,"key":"Shuriken"},{"floor":9.0,"key":"Juzu Bracelet"},{"floor":23.0,"key":"Replay:Accelerometer"},{"floor":25.0,"key":"Torii"},{"floor":26.0,"key":"DemoMod:MeltedRock"},{"floor":31.0,"key":"Blue Candle"},{"floor":32.0,"key":"DemoMod:PinkGuonStone"},{"floor":41,"key":"Garlic"},{"floor":44,"key":"Omamori"},{"floor":46,"key":"Ginger"},{"floor":48,"key":"Incense Burner"},{"floor":55,"key":"DemoMod:MemoryAlloy"}],"event_choices":[{"damage_healed":0.0,"max_hp_gain":0.0,"max_hp_loss":0.0,"gold_gain":0.0,"event_name":"Golden Idol","player_choice":"Take Wound","floor":3.0,"gold_loss":0.0,"damage_taken":0.0,"relics_obtained":["Golden Idol"],"cards_obtained":["Injury"]},{"damage_healed":0.0,"max_hp_gain":0.0,"max_hp_loss":0.0,"gold_gain":275.0,"event_name":"Golden Shrine","player_choice":"Desecrate","floor":5.0,"gold_loss":0.0,"damage_taken":0.0,"cards_obtained":["Regret"]},{"damage_healed":0.0,"max_hp_gain":0.0,"max_hp_loss":0.0,"gold_gain":0.0,"event_name":"The Cleric","player_choice":"Leave","floor":10.0,"gold_loss":0.0,"damage_taken":0.0},{"damage_healed":0.0,"max_hp_gain":0.0,"max_hp_loss":0.0,"gold_gain":57.0,"event_name":"Golden Wing","player_choice":"Gained Gold","floor":11.0,"gold_loss":0.0,"damage_taken":0.0},{"damage_healed":0.0,"max_hp_gain":0.0,"max_hp_loss":0.0,"gold_gain":0.0,"event_name":"Shining Light","player_choice":"Entered Light","floor":12.0,"gold_loss":0.0,"damage_taken":15.0,"cards_upgraded":["TheCursedMod:SurpriseAttack","TheCursedMod:CircleOfFlame"]},{"damage_healed":0.0,"max_hp_gain":0.0,"max_hp_loss":0.0,"gold_gain":99.0,"event_name":"Nest","player_choice":"Stole From Cult","floor":19.0,"gold_loss":0.0,"damage_taken":0.0},{"cards_removed":["Regret"],"damage_healed":0.0,"max_hp_gain":0.0,"max_hp_loss":0.0,"gold_gain":0.0,"event_name":"Bonfire Elementals","player_choice":"Offered Curse","floor":21.0,"gold_loss":0.0,"damage_taken":0.0,"relics_obtained":["Spirit Poop"]},{"damage_healed":0.0,"max_hp_gain":0.0,"max_hp_loss":0.0,"gold_gain":0.0,"event_name":"Ghosts","player_choice":"Ignored","floor":27.0,"gold_loss":0.0,"damage_taken":0.0},{"damage_healed":0.0,"max_hp_gain":0.0,"max_hp_loss":0.0,"gold_gain":333.0,"event_name":"The Moai Head","player_choice":"Gave Idol","floor":37.0,"relics_lost":["Golden Idol"],"gold_loss":0.0,"damage_taken":0.0},{"damage_healed":0,"gold_gain":0,"player_choice":"Got Potions","damage_taken":0,"max_hp_gain":0,"max_hp_loss":0,"event_name":"Lab","floor":42,"gold_loss":0},{"damage_healed":0,"gold_gain":0,"cards_transformed":["TheCursedMod:Defend_TheCursed"],"player_choice":"Transformed","damage_taken":0,"max_hp_gain":0,"max_hp_loss":0,"event_name":"Transmorgrifier","floor":47,"gold_loss":0,"cards_obtained":["TheCursedMod:TroublousMinions"]}],"is_beta":false,"boss_relics":[{"not_picked":["Empty Cage","TheCursedMod:FourLeafCloverCharm"],"picked":"TheCursedMod:OminousMark"},{"not_picked":["Runic Dome","Runic Pyramid","Honey Jar"]}],"items_purged_floors":[],"is_endless":false,"potions_floor_spawned":[7,13,16,18,23,31,35,41,48,55],"killed_by":"The Heart","ascension_level":7}}