{"host":"sst22apzgpn07t8v","time":1608302049,"event":{"mods":["Act Like it!","BaseMod","Downfall","Hallownest","HololiveMod","Lobotomy","LobotomyExtend","Minty Spire (QoL Compilation)","Replay The Spire","Shop Mod","StSLib"],"gold_per_floor":[100,30,30,205,205,205,229,154,154,154,173,173,8,20,30,133,133,133,133,153,153,173,173,173,207,227,259,115,200,379,331,344,439,439,439,439,469,481,481,781,781,781,801,801,817,828,878,990,1014,1026],"floor_reached":51,"playtime":3724,"items_purged":["VoidDream","Funeral"],"score":1456,"play_id":"c7d31447-2a6a-4298-8169-34ac1098e017","local_time":"20201218223409","is_ascension_mode":true,"campfire_choices":[],"circlet_count":0,"master_deck":["BlueStar","BodiesMountain","LongBird","Woodsman","SpecialBullet","SpecialBullet","SpecialBullet","SpecialBullet","SpecialBullet","SpecialBullet","SpecialBullet","SpecialBullet","SecurityCode","RecordCode","ExtractionCode","Lamp+2","Lamp+3","Scorched","DaCapo+1","Moonlight+1","Harvest+1","DaCapo+1","RapturousDream+1","WristCuter+1","ShyLook","Twilight+1","DaCapo+1","RapturousDream+1","BigBadWolf","Lamp+2","OSAHOGD","Galaxy+1","MeltingLove","Adoration+1","SomewhereSpear+1","SingingMachine","SomewhereSpear+1","SomewhereSpear+1","Adoration+1","CENSORED_ego+1","WristCuter+1","OldLady","SomewhereSpear+1","WristCuter+1","SomewhereSpear+1","SomewhereSpear+1","Adoration+1","GoldRush+1","GoldRush+1","InformationCode","WristCuter+1","Harvest+1","SomewhereSpear+1","SomewhereSpear+1","InTheNameOfLoveAndHate+1","SomewhereSpear+1","SolemnVow+1","FourthMatchFlame+1","RedShoes","DisciplinaryCode","Moonlight+1"],"relics":["CogitoBucket","downfall:HeartsMalice","LetterFromLob","downfall:HeartBlessingBlue","Orrery","RedMistMask","Philosopher\u0027s Stone","Replay:Mystery Machine","TreeSap","Replay:Ringing Soul","Mercury Hourglass","Ancient Tea Set","Fusion Hammer","Vajra","Old Coin","ReplayFunnel","Logging_r","AtMidnight","Ring of Greed","MawBank","Smiling Mask","Happy Flower","WantedRequest","Justitia_r","TheSmile_r","SoundOfStar_r"],"acts_visited":["Exordium","TheCity","TheBeyond"],"potions_floor_usage":[16,16,32,51,51,51],"damage_taken":[{"damage":0,"enemies":"downfall:FleeingMerchant","floor":2,"turns":1},{"damage":0,"enemies":"Jaw Worm","floor":3,"turns":1},{"damage":0,"enemies":"Cultist","floor":9,"turns":1},{"damage":11,"enemies":"2 Louse","floor":11,"turns":2},{"damage":10,"enemies":"downfall:FleeingMerchant","floor":13,"turns":4},{"damage":0,"enemies":"Exordium Thugs","floor":14,"turns":2},{"damage":0,"enemies":"Gremlin Gang","floor":15,"turns":1},{"damage":12,"enemies":"downfall:Defect","floor":16,"turns":4},{"damage":54,"enemies":"3 Byrds","floor":20,"turns":2},{"damage":11,"enemies":"Shell Parasite","floor":22,"turns":4},{"damage":28,"enemies":"Replay:Snechameleon","floor":25,"turns":3},{"damage":0,"enemies":"Snecko","floor":26,"turns":3},{"damage":0,"enemies":"Slavers","floor":27,"turns":3},{"damage":24,"enemies":"downfall:FleeingMerchant","floor":28,"turns":4},{"damage":34,"enemies":"downfall:FleeingMerchant","floor":30,"turns":3},{"damage":62,"enemies":"Shelled Parasite and Fungi","floor":32,"turns":3},{"damage":38,"enemies":"downfall:Silent","floor":33,"turns":3},{"damage":2,"enemies":"Nemesis","floor":37,"turns":2},{"damage":0,"enemies":"Orb Walker","floor":38,"turns":1},{"damage":26,"enemies":"3 Shapes","floor":43,"turns":2},{"damage":23,"enemies":"Transient","floor":45,"turns":6},{"damage":4,"enemies":"Maw","floor":46,"turns":4},{"damage":3,"enemies":"4 Shapes","floor":49,"turns":1},{"damage":12,"enemies":"downfall:Watcher","floor":50,"turns":5},{"damage":30,"enemies":"Malkuth","floor":51,"turns":5},{"damage":39,"enemies":"Netzach","floor":51,"turns":5},{"damage":44,"enemies":"Tiphereth","floor":51,"turns":7}],"seed_played":"4741674892536067397","potions_obtained":[{"floor":12,"key":"Flashbang"},{"floor":12,"key":"Fire Potion"},{"floor":12,"key":"Ancient Potion"},{"floor":14,"key":"Explosive Potion"},{"floor":15,"key":"Death Potion"},{"floor":33,"key":"Weak Potion"},{"floor":38,"key":"FearPotion"},{"floor":43,"key":"ColorlessPotion"}],"is_trial":false,"path_per_floor":["R","$","M","?","?","R","T","R","M","R","M","?","$","M","M","B",null,"R","?","M","R","M","?","T","E","M","E","$","?","$","$","M","B",null,"R","?","E","M","?","T","T","R","M","R","M","M","?","?","M","B",null],"character_chosen":"Angela","items_purchased":["Lamp","Orrery","WristCuter+1","WristCuter+1","SomewhereSpear+1"],"campfire_rested":0,"item_purchase_floors":[2,13,28,30,31],"current_hp_per_floor":[70,70,70,70,70,70,70,80,80,80,77,77,75,80,80,79,80,80,80,42,160,160,160,160,154,166,169,166,166,155,158,125,116,184,184,184,187,190,190,190,190,190,189,193,200,207,207,128,185,217],"gold":1038,"neow_bonus":"THREE_ENEMY_KILL","is_daily":false,"chose_seed":false,"campfire_upgraded":0,"win_rate":0.0,"timestamp":1608302049,"path_taken":["R","$","M","?","?","R","T","R","M","R","?","?","?","?","M","BOSS","R","?","M","R","M","?","T","E","M","E","?","?","$","$","M","BOSS","R","?","E","M","?","?","T","R","M","R","M","M","?","?","M","BOSS"],"items_purchased_type":["Card","Relic","Card","Card","Card"],"build_version":"2020-12-13","purchased_purges":2,"victory":true,"max_hp_per_floor":[70,70,70,70,70,70,70,80,80,80,80,80,80,80,80,80,80,80,80,80,160,160,160,160,163,166,169,172,172,175,178,181,184,184,184,184,187,190,190,190,190,190,193,193,200,207,207,210,217,217],"card_choices":[{"not_picked":["Ecstasy","FeatherOfHonor"],"picked":"Lamp","floor":2},{"not_picked":["GalaxyChild","PunishingBird"],"picked":"Scorched","floor":3},{"not_picked":["CherryBlossom","Regret_ego","Lantern"],"picked":"SKIP","floor":3},{"not_picked":["Bloodbath","Murderer","BigBird"],"picked":"Singing Bowl","floor":9},{"not_picked":["WristCuter+1","Lantern+1","Spore+1"],"picked":"SKIP","floor":9},{"not_picked":["WristCuter+1","Tough+1"],"picked":"DaCapo+1","floor":11},{"not_picked":["Variant","SpiderBud","CherryBlossoms"],"picked":"Singing Bowl","floor":11},{"not_picked":["TodaysExpression+1","Loneliness+1"],"picked":"Gaze+1","floor":11},{"not_picked":["BeautyBeast","OSAHOGD","Wellcheers"],"picked":"Singing Bowl","floor":13},{"not_picked":["OldLady","FairyFestival"],"picked":"Mercenary","floor":13},{"not_picked":["Noise+1","CherryBlossom+1","Loneliness+1"],"picked":"SKIP","floor":13},{"not_picked":["Regret_ego+1","Reverberation+1"],"picked":"Moonlight+1","floor":13},{"not_picked":["Beak+1","CherryBlossom+1"],"picked":"Moonlight+1","floor":13},{"not_picked":["Penitence+1","CUTE+1"],"picked":"Harvest+1","floor":13},{"not_picked":["Regret_ego+1","Lantern+1"],"picked":"DaCapo+1","floor":13},{"not_picked":["FrostShard+1","Horn+1"],"picked":"RapturousDream+1","floor":13},{"not_picked":["MeatLantern","SpiderBud","PunishingBird"],"picked":"Singing Bowl","floor":14},{"not_picked":["FieryBird","PunishingBird"],"picked":"VoidDream","floor":14},{"not_picked":["Reverberation+1","RedEyes+1","Beak+1"],"picked":"SKIP","floor":14},{"not_picked":["TodaysExpression+1","RapturousDream+1"],"picked":"WristCuter+1","floor":15},{"not_picked":["PunishingBird","Scarecrow","MHz"],"picked":"Singing Bowl","floor":15},{"not_picked":["MeatLantern","Wellcheers"],"picked":"ShyLook","floor":15},{"not_picked":["Pinks+1","ParadiseLost+1"],"picked":"Twilight+1","floor":16},{"not_picked":["CherryBlossoms","PunishingBird","Bloodbath"],"picked":"Singing Bowl","floor":16},{"not_picked":["Mimicry+1","TheSmile+1"],"picked":"DaCapo+1","floor":16},{"not_picked":["Wingbeat+1","Discord+1"],"picked":"RapturousDream+1","floor":20},{"not_picked":["SpiderBud","FairyFestival"],"picked":"BigBadWolf","floor":20},{"not_picked":["MagicBullet+1","Penitence+1","CrimsonScar+1"],"picked":"SKIP","floor":20},{"not_picked":["Horn+1","Regret_ego+1","RedEyes+1"],"picked":"SKIP","floor":20},{"not_picked":["WhitesApple","Wellcheers"],"picked":"Funeral","floor":22},{"not_picked":["Wingbeat+1","FourthMatchFlame+1"],"picked":"Lamp+1","floor":22},{"not_picked":["Penitence+1","TodaysExpression+1","Noise+1"],"picked":"SKIP","floor":22},{"not_picked":["Hypocrisy+1","Harmony+1","Loneliness+1"],"picked":"SKIP","floor":22},{"not_picked":["QueenBee","FairyFestival","FieryBird"],"picked":"Singing Bowl","floor":25},{"not_picked":["Bloodbath","LaLuna"],"picked":"OSAHOGD","floor":25},{"not_picked":["BlueScar+1","Noise+1"],"picked":"Galaxy+1","floor":25},{"not_picked":["Soda+1","FrostShard+1","CherryBlossom+1"],"picked":"SKIP","floor":25},{"not_picked":["BeautyBeast","UniverseFragment","Bloodbath"],"picked":"Singing Bowl","floor":26},{"not_picked":["MeatLantern","UniverseFragment"],"picked":"MeltingLove","floor":26},{"not_picked":["Regret_ego+1","RapturousDream+1"],"picked":"Adoration+1","floor":26},{"not_picked":["TodaysExpression+1","SwordSharpenedByTears+1","Noise+1"],"picked":"SKIP","floor":26},{"not_picked":["Discord+1","BloodyDesire+1","RedEyes+1"],"picked":"SKIP","floor":26},{"not_picked":["TodaysExpression+1","SwordSharpenedByTears+1","Noise+1"],"picked":"SKIP","floor":26},{"not_picked":["Discord+1","BloodyDesire+1","RedEyes+1"],"picked":"SKIP","floor":26},{"not_picked":["Twilight+1","TodaysExpression+1"],"picked":"SomewhereSpear+1","floor":27},{"not_picked":["Variant","PunishingBird"],"picked":"SingingMachine","floor":27},{"not_picked":["BlackSwan_ego+1","CUTE+1"],"picked":"Tough+1","floor":27},{"not_picked":["SoundOfStar+1","CUTE+1","BlackSwan_ego+1"],"picked":"SKIP","floor":27},{"not_picked":["Lantern+1","Heaven+1"],"picked":"SomewhereSpear+1","floor":28},{"not_picked":["Horn+1","CherryBlossom+1"],"picked":"SomewhereSpear+1","floor":28},{"not_picked":["CrumblingArmor","PunishingBird","Laetitia"],"picked":"Singing Bowl","floor":28},{"not_picked":["BlackSwan","Freischutz"],"picked":"BlueStar","floor":28},{"not_picked":["Lantern+1","CUTE+1"],"picked":"Adoration+1","floor":28},{"not_picked":["BearPaw+1","Lamp+1"],"picked":"CENSORED_ego+1","floor":28},{"not_picked":["QueenOfHatred","CherryBlossoms"],"picked":"OldLady","floor":30},{"not_picked":["Pleasure+1","BlueScar+1"],"picked":"SomewhereSpear+1","floor":30},{"not_picked":["SwordSharpenedByTears+1","Amita+1","Horn+1"],"picked":"SKIP","floor":30},{"not_picked":["FleshIdolRelic","BehaviorAdjustmentRelic","HellTrainRelic"],"picked":"Singing Bowl","floor":32},{"not_picked":["Lantern+1","FourthMatchFlame+1"],"picked":"SomewhereSpear+1","floor":32},{"not_picked":["BlueScar+1","Hypocrisy+1","Beak+1"],"picked":"SKIP","floor":32},{"not_picked":["NakedNest","BigBird","LaLuna"],"picked":"Singing Bowl","floor":33},{"not_picked":["Twilight+1","ParadiseLost+1"],"picked":"Adoration+1","floor":33},{"not_picked":["Pinks+1","Mimicry+1"],"picked":"GoldRush+1","floor":33},{"not_picked":["Rudolta","Murderer","Scarecrow"],"picked":"Singing Bowl","floor":37},{"not_picked":["ShedSkin+1","Amita+1"],"picked":"GoldRush+1","floor":37},{"not_picked":["BloodyDesire+1","Regret_ego+1","Logging+1"],"picked":"SKIP","floor":37},{"not_picked":["Funeral","Yin","WhitesApple"],"picked":"Singing Bowl","floor":38},{"not_picked":["FeatherOfHonor+1","Regret_ego+1"],"picked":"WristCuter+1","floor":38},{"not_picked":["Twilight+1","CherryBlossom+1","Soda+1"],"picked":"SKIP","floor":38},{"not_picked":["CrumblingArmor","Laetitia"],"picked":"Woodsman","floor":43},{"not_picked":["Beak+1","FourthMatchFlame+1"],"picked":"Harvest+1","floor":43},{"not_picked":["BlueScar+1","CherryBlossom+1","Lantern+1"],"picked":"SKIP","floor":43},{"not_picked":["FeatherOfHonor+1","CherryBlossom+1"],"picked":"SomewhereSpear+1","floor":45},{"not_picked":["WallGazer","HeroicMonk","BigBird"],"picked":"Singing Bowl","floor":45},{"not_picked":["PunishingBird","QueenBee"],"picked":"LongBird","floor":45},{"not_picked":["Beak+1","CherryBlossom+1","TodaysExpression+1"],"picked":"SKIP","floor":45},{"not_picked":["CUTE+1","Regret_ego+1","Lantern+1"],"picked":"SKIP","floor":45},{"not_picked":["Porccubus","LaLuna","Alriune"],"picked":"Singing Bowl","floor":46},{"not_picked":["NothingThere","BlackSwan"],"picked":"BodiesMountain","floor":46},{"not_picked":["Spore+1","Wingbeat+1"],"picked":"SomewhereSpear+1","floor":46},{"not_picked":["Soda+1","BearPaw+1"],"picked":"InTheNameOfLoveAndHate+1","floor":46},{"not_picked":["TheSmile+1","FeatherOfHonor+1"],"picked":"SomewhereSpear+1","floor":48},{"not_picked":["Noise+1","LifeForTheDareDevil+1"],"picked":"SolemnVow+1","floor":48},{"not_picked":["Lantern+1","TodaysExpression+1"],"picked":"FourthMatchFlame+1","floor":48},{"not_picked":["Bloodbath","Laetitia"],"picked":"RedShoes","floor":49},{"not_picked":["Tough+1","GoldRush+1"],"picked":"Moonlight+1","floor":49},{"not_picked":["RedEyes+1","TodaysExpression+1","Discord+1"],"picked":"SKIP","floor":49}],"player_experience":173263,"relics_obtained":[{"floor":3,"key":"LetterFromLob"},{"floor":15,"key":"RedMistMask"},{"floor":24,"key":"Replay:Ringing Soul"},{"floor":25,"key":"Mercury Hourglass"},{"floor":27,"key":"Ancient Tea Set"},{"floor":37,"key":"Vajra"},{"floor":40,"key":"Old Coin"},{"floor":41,"key":"ReplayFunnel"},{"floor":45,"key":"AtMidnight"},{"floor":47,"key":"Ring of Greed"},{"floor":47,"key":"MawBank"},{"floor":47,"key":"Smiling Mask"},{"floor":48,"key":"Happy Flower"}],"event_choices":[{"damage_healed":0,"gold_gain":0,"player_choice":"Upgraded","damage_taken":0,"max_hp_gain":0,"max_hp_loss":0,"event_name":"Upgrade Shrine","floor":5,"gold_loss":0,"cards_upgraded":["Lamp"]},{"damage_healed":0,"gold_gain":0,"player_choice":"Got Potions","damage_taken":0,"max_hp_gain":0,"max_hp_loss":0,"event_name":"Lab","floor":12,"gold_loss":0},{"damage_healed":0,"gold_gain":0,"player_choice":"Ignored","damage_taken":0,"max_hp_gain":0,"max_hp_loss":0,"event_name":"Vampires","floor":23,"gold_loss":0}],"is_beta":false,"boss_relics":[{"not_picked":["Velvet Choker","Runic Dome"],"picked":"Philosopher\u0027s Stone"},{"not_picked":["ReplayTheSpireMod:DimensionalGlitch","Abe\u0027s Treasure"],"picked":"Fusion Hammer"}],"items_purged_floors":[28,30],"is_endless":false,"potions_floor_spawned":[14,15,33,38,43,49],"ascension_level":1}}