{"host":"8xp52u5o8fcssvzz","time":1608279339,"event":{"mods":["2.2 Compatiblity","AchievementEnabler","Act Like it!","Aspiration","BaseMod","Better Altar","Better Match","Better Note","Better Sensory Stone","Better Skull","Better Third Choice","BetterRewards","CatGirl Mod","Colored Map","Conspire","Downfall","Gensokyo","GifTheSpireLib","Googly Eyes","Halation","Hallownest","Highlight Path","Hubris","Infinite Spire","Jorbs\u0027s Wanderer Trilogy","Koishi","Lobotomy","LobotomyExtend","Marisa????????","Menagerie","Mimic Mod","Minty Spire (QoL Compilation)","Reimu??????","Remilia??????","Replay The Spire","SIMod","Shade Mod","Spicy Shops","StSLib","Stuff the Spire","The Administrix","The Blackbeard","The Bladedancer","The Construct","The Cursed","The Gatherer","The Necromancer","The Runesmith","The Servant 0.9.4","The Valiant","TheFirefly","TheSwordswoman","Unceasing Turn Reminder","everything is the same but u backflip on backflip"],"gold_per_floor":[119,119,136,136,148,148,73,73,73,73,73,73,108,120,120,120,120],"floor_reached":16,"playtime":519,"items_purged":["theCatGirl:Strike"],"score":98,"play_id":"ce24b70e-0f8b-4f78-9e6f-b2f1347bbb7a","local_time":"20201218001539","is_ascension_mode":false,"campfire_choices":[{"data":"hubris:Fate","floor":6,"key":"SMITH"},{"data":"theCatGirl:DefensiveStance","floor":15,"key":"SMITH"}],"circlet_count":0,"master_deck":["theCatGirl:Strike","theCatGirl:Strike","theCatGirl:Strike","theCatGirl:Defend","theCatGirl:Defend","theCatGirl:Defend","theCatGirl:Defend","theCatGirl:ClawStrike","theCatGirl:Evasion","theCatGirl:PoiseStance","theCatGirl:ScratchFlurry","theCatGirl:Claws","hubris:Fate+1","theCatGirl:GoddessOfMisfortune","theCatGirl:DefensiveStance+1"],"relics":["theCatGirl:TrainedRelic","LetterFromLob","infinitespire:BottledMercury","halation:AfternoonTea","Anchor"],"acts_visited":["Exordium"],"potions_floor_usage":[16],"damage_taken":[{"damage":6,"enemies":"Jaw Worm","floor":1,"turns":5},{"damage":0,"enemies":"Small Slimes","floor":3,"turns":4},{"damage":0,"enemies":"2 Louse","floor":5,"turns":2},{"damage":8,"enemies":"Lagavulin","floor":13,"turns":6},{"damage":0,"enemies":"Large Slime","floor":14,"turns":1},{"damage":55,"enemies":"Fading Forest","floor":16,"turns":7}],"seed_played":"-4939991717198646882","potions_obtained":[{"floor":1,"key":"FearPotion"}],"is_trial":false,"path_per_floor":["M","?","M","?","M","R","$","?","T","E","?","?","E","M","R","B"],"character_chosen":"THE_CATGIRL","items_purchased":[],"campfire_rested":0,"item_purchase_floors":[],"current_hp_per_floor":[64,69,69,51,51,51,51,51,51,51,51,51,43,43,43,0,0],"gold":120,"neow_bonus":"ONE_RANDOM_RARE_CARD","is_daily":false,"chose_seed":false,"campfire_upgraded":2,"win_rate":0.0,"timestamp":1608279339,"path_taken":["M","?","M","?","M","R","?","?","T","E","?","?","E","?","R","BOSS"],"items_purchased_type":[],"build_version":"2020-12-13","purchased_purges":1,"victory":false,"max_hp_per_floor":[70,75,75,75,75,75,75,75,75,75,75,75,75,75,75,75,75],"card_choices":[{"not_picked":["theCatGirl:LuckyBlow","theCatGirl:ShockedWitness"],"picked":"theCatGirl:ScratchFlurry","floor":1},{"not_picked":["theCatGirl:LearnByMistake","theCatGirl:Growl"],"picked":"theCatGirl:Claws","floor":3},{"not_picked":["infinitespire:FinalStrike","hubris:InfiniteBlow"],"picked":"hubris:Fate","floor":4},{"not_picked":["theCatGirl:Stalk","theCatGirl:LostTrinket","theCatGirl:ClenchYourTeeth"],"picked":"SKIP","floor":5},{"not_picked":["theCatGirl:LuckyBlow","theCatGirl:RunningWithDaggers"],"picked":"theCatGirl:GoddessOfMisfortune","floor":13},{"not_picked":["theCatGirl:EmergencyParry","theCatGirl:RunningWithDaggers"],"picked":"theCatGirl:DefensiveStance","floor":14}],"player_experience":443461,"relics_obtained":[{"floor":1,"key":"LetterFromLob"},{"floor":9,"key":"infinitespire:BottledMercury"},{"floor":12,"key":"halation:AfternoonTea"},{"floor":13,"key":"Anchor"}],"event_choices":[{"damage_healed":0,"gold_gain":0,"player_choice":"Donut","damage_taken":0,"max_hp_gain":5,"max_hp_loss":0,"event_name":"Big Fish","floor":2,"gold_loss":0}],"is_beta":false,"boss_relics":[],"items_purged_floors":[7],"is_endless":false,"potions_floor_spawned":[1],"killed_by":"Fading Forest","ascension_level":0}}