{"host":"Feanor","time":1608332845,"event":{"mods":["BaseMod","Colored Map","Colored Powertips","Highlight Path","Minty Spire (QoL Compilation)","Relic Stats"],"gold_per_floor":[109,123,138,156,156,187,187,214,238,238,251,16,16,37,37,133,133,149,149,199,217,267,305,325,325,402,420,438,88,88,127,127,225,225,238,254,285,285,305,305,339,160,186,186,201,201,245,270,270,270,270,270,270,22,65,65,65],"floor_reached":56,"playtime":7760,"items_purged":["Strike_B","Dualcast","Strike_B+1"],"score":1935,"play_id":"53aca458-e7c7-4316-a297-1de6448f87e6","local_time":"20201219000725","is_ascension_mode":true,"campfire_choices":[{"data":"Zap","floor":7.0,"key":"SMITH"},{"data":"Beam Cell","floor":10.0,"key":"SMITH"},{"data":"All For One","floor":15.0,"key":"SMITH"},{"floor":25.0,"key":"REST"},{"floor":30.0,"key":"REST"},{"floor":32.0,"key":"REST"},{"floor":40.0,"key":"RECALL"},{"floor":46.0,"key":"REST"},{"floor":49.0,"key":"REST"},{"floor":53.0,"key":"REST"}],"circlet_count":0,"master_deck":["AscendersBane","Strike_B+1","Defend_B+1","Defend_B+1","Defend_B+1","Defend_B+1","Zap+1","Beam Cell+1","Cold Snap","Capacitor","Self Repair","Capacitor","Cold Snap","All For One+1","Echo Form","Buffer","Barrage","Double Energy+1","Loop","Coolheaded+1","Go for the Eyes","Chaos+1","Biased Cognition","Hologram","Barrage+1","Core Surge","Reinforced Body","Reinforced Body+1","Static Discharge","Multi-Cast"],"relics":["FrozenCore","Thread and Needle","DataDisk","MealTicket","Golden Idol","Fusion Hammer","PreservedInsect","Gremlin Horn","Oddly Smooth Stone","War Paint","Lizard Tail","Dream Catcher","Vajra","Bag of Preparation","Symbiotic Virus"],"acts_visited":["Exordium","TheCity","TheBeyond","TheEnding"],"potions_floor_usage":[56],"damage_taken":[{"damage":0.0,"enemies":"2 Louse","floor":1.0,"turns":3.0},{"damage":4.0,"enemies":"Jaw Worm","floor":2.0,"turns":3.0},{"damage":7.0,"enemies":"Small Slimes","floor":3.0,"turns":3.0},{"damage":12.0,"enemies":"3 Louse","floor":4.0,"turns":4.0},{"damage":37.0,"enemies":"Gremlin Nob","floor":6.0,"turns":4.0},{"damage":14.0,"enemies":"Lagavulin","floor":8.0,"turns":7.0},{"damage":2.0,"enemies":"Red Slaver","floor":11.0,"turns":3.0},{"damage":4.0,"enemies":"Large Slime","floor":14.0,"turns":5.0},{"damage":48.0,"enemies":"The Guardian","floor":16.0,"turns":8.0},{"damage":15.0,"enemies":"Shell Parasite","floor":18.0,"turns":6.0},{"damage":12.0,"enemies":"Spheric Guardian","floor":21.0,"turns":4.0},{"damage":11.0,"enemies":"Book of Stabbing","floor":23.0,"turns":3.0},{"damage":33.0,"enemies":"Snake Plant","floor":24.0,"turns":6.0},{"damage":28.0,"enemies":"3 Cultists","floor":27.0,"turns":6.0},{"damage":5.0,"enemies":"Snecko","floor":28.0,"turns":7.0},{"damage":21.0,"enemies":"Slavers","floor":31.0,"turns":5.0},{"damage":35.0,"enemies":"Collector","floor":33.0,"turns":11.0},{"damage":4.0,"enemies":"3 Shapes","floor":35.0,"turns":5.0},{"damage":18.0,"enemies":"3 Darklings","floor":36.0,"turns":5.0},{"damage":0.0,"enemies":"Mind Bloom Boss Battle","floor":37.0,"turns":6.0},{"damage":2.0,"enemies":"Sphere and 2 Shapes","floor":39.0,"turns":8.0},{"damage":2.0,"enemies":"Nemesis","floor":41.0,"turns":7.0},{"damage":0.0,"enemies":"Maw","floor":45.0,"turns":8.0},{"damage":0.0,"enemies":"Giant Head","floor":47.0,"turns":8.0},{"damage":74.0,"enemies":"Awakened One","floor":50.0,"turns":18.0},{"damage":38.0,"enemies":"Donu and Deca","floor":51.0,"turns":14.0},{"damage":89,"enemies":"Shield and Spear","floor":55,"turns":9},{"damage":24,"enemies":"The Heart","floor":56,"turns":3}],"seed_played":"3335405899214771936","potions_obtained":[{"floor":4.0,"key":"SkillPotion"},{"floor":6.0,"key":"FearPotion"},{"floor":8.0,"key":"Dexterity Potion"},{"floor":11.0,"key":"Swift Potion"},{"floor":18.0,"key":"Swift Potion"},{"floor":21.0,"key":"SteroidPotion"},{"floor":27.0,"key":"GamblersBrew"},{"floor":28.0,"key":"SteroidPotion"},{"floor":33.0,"key":"Swift Potion"},{"floor":35.0,"key":"Regen Potion"},{"floor":36.0,"key":"LiquidBronze"},{"floor":39.0,"key":"Fire Potion"}],"is_trial":false,"path_per_floor":["M","M","M","M","?","E","R","E","T","R","M","$","?","M","R","B",null,"M","?","?","M","?","E","M","R","T","M","M","$","R","E","R","B",null,"M","M","?","?","M","R","E","$","T","?","M","R","E","T","R","B","B",null,"R","$","E","B"],"character_chosen":"DEFECT","items_purchased":["All For One","Coolheaded","Oddly Smooth Stone","Go for the Eyes","Strength Potion","Strength Potion","Static Discharge","FairyPotion"],"campfire_rested":6,"item_purchase_floors":[12,29,29,29,42,54,54,54],"current_hp_per_floor":[71,67,60,48,74,37,37,30,30,30,35,50,50,53,53,12,56,48,48,48,50,50,39,13,34,34,13,22,37,58,51,71,43,64,67,56,63,63,68,68,71,71,71,71,71,71,71,71,71,19,27,60,71,71,23,0,0],"gold":65,"neow_bonus":"TEN_PERCENT_HP_BONUS","is_daily":false,"chose_seed":false,"campfire_upgraded":3,"win_rate":0.0,"timestamp":1608332845,"path_taken":["M","M","M","M","?","E","R","E","T","R","M","$","?","M","R","BOSS","M","?","?","?","?","E","M","R","T","M","M","$","R","E","R","BOSS","M","M","?","?","M","R","E","$","T","?","?","R","E","?","R","BOSS","BOSS","R","$","E","BOSS"],"items_purchased_type":["Card","Card","Relic","Card","Potion","Potion","Card","Potion"],"build_version":"2020-12-17","purchased_purges":3,"victory":false,"max_hp_per_floor":[78,78,78,78,78,78,78,78,78,78,78,78,71,71,71,71,71,71,71,71,71,71,71,71,71,71,71,71,71,71,71,71,71,71,71,71,71,71,71,71,71,71,71,71,71,71,71,71,71,71,71,71,71,71,71,71,71],"relic_stats":{"Lizard Tail":35,"Dream Catcher":3,"Gremlin Horn":[22,22],"counters":[28,179],"Golden Idol":174,"MealTicket":30,"PreservedInsect":332,"Bag of Preparation":[8],"War Paint":["Coolheaded","Chaos"],"obtain_stats":[{"Gremlin Horn":26,"Golden Idol":13,"Oddly Smooth Stone":29,"Vajra":47,"Thread and Needle":6,"PreservedInsect":23,"Bag of Preparation":48,"War Paint":31,"FrozenCore":34,"DataDisk":8,"Lizard Tail":37,"Dream Catcher":41,"MealTicket":9,"Fusion Hammer":17,"Cracked Core":0,"Symbiotic Virus":55},{"Gremlin Horn":13,"Golden Idol":7,"Oddly Smooth Stone":15,"Vajra":24,"Thread and Needle":5,"PreservedInsect":12,"Bag of Preparation":24,"War Paint":16,"FrozenCore":17,"DataDisk":6,"Lizard Tail":20,"Dream Catcher":22,"MealTicket":6,"Fusion Hammer":9,"Cracked Core":0,"Symbiotic Virus":27},{"Gremlin Horn":59,"Golden Idol":27,"Oddly Smooth Stone":72,"Vajra":135,"Thread and Needle":17,"PreservedInsect":53,"Bag of Preparation":135,"War Paint":77,"FrozenCore":88,"DataDisk":24,"Lizard Tail":104,"Dream Catcher":119,"MealTicket":24,"Fusion Hammer":40,"Cracked Core":0,"Symbiotic Virus":176}],"FrozenCore":[27]},"card_choices":[{"not_picked":["Turbo","Fusion"],"picked":"Beam Cell","floor":1.0},{"not_picked":["Darkness","Fusion"],"picked":"Cold Snap","floor":2.0},{"not_picked":["Recycle","Steam"],"picked":"Capacitor","floor":3.0},{"not_picked":["Hello World","Aggregate","Storm"],"picked":"SKIP","floor":4.0},{"not_picked":["Leap","Recycle"],"picked":"Self Repair","floor":6.0},{"not_picked":["Rebound","Hello World"],"picked":"Capacitor","floor":8.0},{"not_picked":["Beam Cell","Turbo"],"picked":"Cold Snap","floor":11.0},{"not_picked":["Leap","Ball Lightning"],"picked":"Echo Form","floor":14.0},{"not_picked":["All For One","Thunder Strike"],"picked":"Buffer","floor":16.0},{"not_picked":["Redo","Undo"],"picked":"Barrage","floor":18.0},{"not_picked":["Reinforced Body","Sweeping Beam","Stack"],"picked":"SKIP","floor":21.0},{"not_picked":["Steam","Conserve Battery","Cold Snap"],"picked":"SKIP","floor":23.0},{"not_picked":["Cold Snap","Turbo","Conserve Battery"],"picked":"SKIP","floor":24.0},{"not_picked":["Rebound","Gash"],"picked":"Double Energy+1","floor":27.0},{"not_picked":["Compile Driver","Gash"],"picked":"Loop","floor":28.0},{"not_picked":["Hyperbeam","Gash"],"picked":"Chaos","floor":31.0},{"not_picked":["Creative AI","Seek"],"picked":"Biased Cognition","floor":33.0},{"not_picked":["Darkness","Lockon+1"],"picked":"Hologram","floor":35.0},{"not_picked":["Leap","Melter"],"picked":"Barrage+1","floor":36.0},{"not_picked":["Double Energy","Cold Snap","Ball Lightning+1"],"picked":"SKIP","floor":39.0},{"not_picked":["Turbo+1","Hello World","Storm"],"picked":"SKIP","floor":41.0},{"not_picked":["Reprogram","Storm"],"picked":"Core Surge","floor":45.0},{"not_picked":["Steam","Aggregate"],"picked":"Reinforced Body","floor":47.0},{"not_picked":["Beam Cell","Turbo+1"],"picked":"Reinforced Body+1","floor":49.0},{"not_picked":["Sunder","Barrage"],"picked":"Multi-Cast","floor":55}],"player_experience":1219428,"relics_obtained":[{"floor":6.0,"key":"Thread and Needle"},{"floor":8.0,"key":"DataDisk"},{"floor":9.0,"key":"MealTicket"},{"floor":23.0,"key":"PreservedInsect"},{"floor":26.0,"key":"Gremlin Horn"},{"floor":31.0,"key":"War Paint"},{"floor":37.0,"key":"Lizard Tail"},{"floor":41.0,"key":"Dream Catcher"},{"floor":47.0,"key":"Vajra"},{"floor":48.0,"key":"Bag of Preparation"},{"floor":55,"key":"Symbiotic Virus"}],"event_choices":[{"damage_healed":26.0,"max_hp_gain":0.0,"max_hp_loss":0.0,"gold_gain":0.0,"event_name":"Big Fish","player_choice":"Banana","floor":5.0,"gold_loss":0.0,"damage_taken":0.0},{"damage_healed":0.0,"max_hp_gain":0.0,"max_hp_loss":7.0,"gold_gain":0.0,"event_name":"Golden Idol","player_choice":"Lose Max HP","floor":13.0,"gold_loss":0.0,"damage_taken":0.0,"relics_obtained":["Golden Idol"]},{"damage_healed":0.0,"max_hp_gain":0.0,"max_hp_loss":0.0,"gold_gain":0.0,"event_name":"Back to Basics","player_choice":"Simplicity","floor":19.0,"gold_loss":0.0,"damage_taken":0.0,"cards_upgraded":["Strike_B","Strike_B","Strike_B","Defend_B","Defend_B","Defend_B","Defend_B"]},{"damage_healed":0.0,"max_hp_gain":0.0,"max_hp_loss":0.0,"gold_gain":100.0,"event_name":"The Joust","player_choice":"Bet on Murderer","floor":20.0,"gold_loss":50.0,"damage_taken":0.0},{"damage_healed":0.0,"max_hp_gain":0.0,"max_hp_loss":0.0,"gold_gain":50.0,"event_name":"Golden Shrine","player_choice":"Pray","floor":22.0,"gold_loss":0.0,"damage_taken":0.0},{"damage_healed":0.0,"max_hp_gain":0.0,"max_hp_loss":0.0,"gold_gain":0.0,"event_name":"MindBloom","player_choice":"Fight","floor":37.0,"gold_loss":0.0,"damage_taken":0.0},{"damage_healed":0.0,"max_hp_gain":0.0,"max_hp_loss":0.0,"gold_gain":0.0,"event_name":"Tomb of Lord Red Mask","player_choice":"Ignored","floor":38.0,"gold_loss":0.0,"damage_taken":0.0},{"cards_removed":["Strike_B"],"damage_healed":0.0,"max_hp_gain":0.0,"max_hp_loss":0.0,"gold_gain":0.0,"event_name":"Bonfire Elementals","player_choice":"Offered Basic","floor":44.0,"gold_loss":0.0,"damage_taken":0.0}],"is_beta":true,"boss_relics":[{"not_picked":["Inserter","Runic Dome"],"picked":"Fusion Hammer"},{"not_picked":["Pandora\u0027s Box","Empty Cage"],"picked":"FrozenCore"}],"items_purged_floors":[12,29,42],"is_endless":false,"potions_floor_spawned":[4,6,8,11,18,21,27,28,33,35,36,39],"killed_by":"The Heart","ascension_level":20}}