{"host":"81dxrjdkqahvuj3t","time":1608312759,"event":{"mods":["BaseMod","Colored Map","Minty Spire (QoL Compilation)","Replay The Spire","StSLib"],"gold_per_floor":[118,88,103,103,122,122,67,99,99,99,99,274,274,293,293,397,397,411,5,17,0,0,0,28,45,45,45,57,69,69,85,85,189,189,221,221,30,47,64,64,74,74,74,86,113,125,137,137],"floor_reached":47,"playtime":5100,"items_purged":["CommonCold"],"score":579,"play_id":"5480a1f3-8d7b-4bf3-aed9-6918b0ba019b","local_time":"20201218123239","is_ascension_mode":true,"campfire_choices":[{"data":"Neutralize","floor":6.0,"key":"SMITH"},{"data":"Fluid Movement","floor":11.0,"key":"SMITH"},{"data":"Survivor","floor":15.0,"key":"SMITH"},{"data":"ReplayTheSpireMod:Speed Training","floor":23.0,"key":"SMITH"},{"floor":27.0,"key":"REST"},{"data":"Finisher","floor":30,"key":"SMITH"},{"floor":32,"key":"REST"},{"floor":40,"key":"REST"},{"floor":42,"key":"REST"},{"data":"Footwork","floor":44,"key":"SMITH"}],"circlet_count":0,"master_deck":["Strike_G+1","Strike_G+1","Strike_G+1","Strike_G+1","Strike_G+1","Defend_G","Defend_G","Defend_G","Defend_G","Survivor+1","Neutralize+1","Fluid Movement+1","PiercingWail","Underhanded Strike+1","Infinite Blades+1","ReplayTheSpireMod:Speed Training+1","Parasite","Expertise+1","Venomology+1","Acrobatics+1","Cloak And Dagger+1","ReplayTheSpireMod:Shiv Toss+1","Cloak And Dagger+1","Footwork+1","Distraction+1","Finisher+1","Hidden Blade+1","Adrenaline+1","Blade Dance+1","Outmaneuver+1","PiercingWail+1","Footwork+1","Looming Evil","Backflip+1"],"relics":["Ring of the Snake","ReplayTheSpireMod:Ninjato","Whetstone","Toxic Egg 2","Cursed Key","StrikeDummy","Frozen Eye","Replay:Bottled Eggs","Replay:Bottled Snecko","Empty Cage","StoneCalendar","Membership Card","MawBank"],"acts_visited":["Exordium","TheCity","TheBeyond"],"potions_floor_usage":[28,31,33,33,33,33,35,38,39,41,41,45,45,47,47,47],"damage_taken":[{"damage":5.0,"enemies":"Jaw Worm","floor":1.0,"turns":4.0},{"damage":1.0,"enemies":"Cultist","floor":3.0,"turns":4.0},{"damage":6.0,"enemies":"Small Slimes","floor":5.0,"turns":5.0},{"damage":6.0,"enemies":"3 Sentries","floor":8.0,"turns":7.0},{"damage":3.0,"enemies":"Looter","floor":14.0,"turns":2.0},{"damage":31.0,"enemies":"The Guardian","floor":16.0,"turns":18.0},{"damage":8.0,"enemies":"Shell Parasite","floor":18.0,"turns":8.0},{"damage":0.0,"enemies":"3 Byrds","floor":20.0,"turns":6.0},{"damage":14.0,"enemies":"Book of Stabbing","floor":24.0,"turns":5.0},{"damage":9.0,"enemies":"Snake Plant","floor":25.0,"turns":4.0},{"damage":4,"enemies":"3 Cultists","floor":28,"turns":5},{"damage":3,"enemies":"Centurion and Healer","floor":29,"turns":5},{"damage":16,"enemies":"Snake Plant","floor":31,"turns":5},{"damage":20,"enemies":"Collector","floor":33,"turns":9},{"damage":14,"enemies":"3 Shapes","floor":35,"turns":5},{"damage":2,"enemies":"Orb Walker","floor":38,"turns":3},{"damage":6,"enemies":"Jaw Worm Horde","floor":39,"turns":4},{"damage":29,"enemies":"Sphere and 2 Shapes","floor":41,"turns":7},{"damage":10,"enemies":"4 Shapes","floor":45,"turns":4},{"damage":67,"enemies":"Replay:Hell Engine","floor":47,"turns":6}],"seed_played":"232340531732123110","potions_obtained":[{"floor":2.0,"key":"DistilledChaos"},{"floor":2.0,"key":"EntropicBrew"},{"floor":8.0,"key":"PowerPotion"},{"floor":18.0,"key":"FearPotion"},{"floor":25.0,"key":"DistilledChaos"},{"floor":33,"key":"ColorlessPotion"},{"floor":38,"key":"GamblersBrew"},{"floor":39,"key":"SpeedPotion"},{"floor":41,"key":"AttackPotion"}],"is_trial":false,"path_per_floor":["M","?","M","$","M","R","$","E","T","?","R","?","T","M","R","B",null,"M","$","M","?","?","R","E","M","T","R","M","M","R","M","R","B",null,"M","T","$","M","M","R","M","R","T","R","M","?","B"],"character_chosen":"THE_SILENT","items_purchased":["Infinite Blades+1","StrikeDummy","Frozen Eye","Membership Card"],"campfire_rested":4,"item_purchase_floors":[7,19,19,37],"current_hp_per_floor":[65,65,64,64,58,58,58,52,52,71,71,71,71,68,68,37,67,59,59,59,59,59,59,45,36,36,59,55,52,52,36,59,39,68,54,54,54,52,46,69,40,63,63,63,53,53,0,0],"gold":137,"neow_bonus":"TEN_PERCENT_HP_BONUS","is_daily":false,"chose_seed":false,"campfire_upgraded":6,"win_rate":0.0,"timestamp":1608312759,"path_taken":["M","?","?","$","M","R","?","E","T","?","R","?","?","M","R","BOSS","M","$","M","?","?","R","E","M","T","R","?","M","R","M","R","BOSS","M","?","$","M","M","R","?","R","T","R","?","?","BOSS"],"items_purchased_type":["Card","Relic","Relic","Relic"],"build_version":"2020-12-13","purchased_purges":1,"victory":false,"max_hp_per_floor":[77,77,77,77,77,77,77,77,77,77,77,77,77,77,77,77,77,77,77,77,77,77,77,77,77,77,77,77,77,77,77,77,77,77,77,77,77,77,77,77,77,77,77,77,77,77,77,77],"card_choices":[{"not_picked":["Deadly Poison","Dagger Spray"],"picked":"Fluid Movement","floor":1.0},{"not_picked":["Concentrate","Flying Knee"],"picked":"PiercingWail","floor":3.0},{"not_picked":["Bane","PiercingWail"],"picked":"Underhanded Strike","floor":5.0},{"not_picked":["Eviscerate","Deflect"],"picked":"ReplayTheSpireMod:Speed Training","floor":8.0},{"not_picked":["Flechettes","ReplayTheSpireMod:Exploit Weakness+1"],"picked":"Expertise+1","floor":14.0},{"not_picked":["Corpse Explosion+1","Phantasmal Killer+1"],"picked":"Venomology+1","floor":16.0},{"not_picked":["Bane","Well Laid Plans"],"picked":"Acrobatics+1","floor":18.0},{"not_picked":["Underhanded Strike","Poisoned Stab"],"picked":"Cloak And Dagger+1","floor":20.0},{"not_picked":["Dash+1","Predator"],"picked":"Cloak And Dagger+1","floor":24.0},{"not_picked":["Riddle With Holes+1","Masterful Stab+1"],"picked":"Footwork","floor":25.0},{"not_picked":["Heel Hook","Dagger Spray"],"picked":"Distraction+1","floor":28},{"not_picked":["Poison Darts+1","All Out Attack+1"],"picked":"Finisher","floor":29},{"not_picked":["Underhanded Strike","Setup+1"],"picked":"Hidden Blade+1","floor":31},{"not_picked":["Die Die Die","Burst+1"],"picked":"Adrenaline+1","floor":33},{"not_picked":["Tactician+1","Hidden Blade+1"],"picked":"Blade Dance+1","floor":35},{"not_picked":["Deflect+1","Cloak And Dagger+1"],"picked":"Outmaneuver+1","floor":38},{"not_picked":["Outmaneuver+1","Wraith Form v2"],"picked":"PiercingWail+1","floor":39},{"not_picked":["Sucker Punch","ReplayTheSpireMod:Shiv Toss+1"],"picked":"Footwork+1","floor":41},{"not_picked":["Slice","Poisoned Stab"],"picked":"Backflip+1","floor":45}],"player_experience":416850,"relics_obtained":[{"floor":8.0,"key":"ReplayTheSpireMod:Ninjato"},{"floor":9.0,"key":"Whetstone"},{"floor":13.0,"key":"Toxic Egg 2"},{"floor":24.0,"key":"Replay:Bottled Eggs"},{"floor":26.0,"key":"Replay:Bottled Snecko"},{"floor":36,"key":"StoneCalendar"},{"floor":43,"key":"MawBank"}],"event_choices":[{"damage_healed":0.0,"max_hp_gain":0.0,"max_hp_loss":0.0,"gold_gain":0.0,"event_name":"The Woman in Blue","player_choice":"Bought 2 Potions","floor":2.0,"gold_loss":0.0,"damage_taken":0.0},{"damage_healed":19.0,"max_hp_gain":0.0,"max_hp_loss":0.0,"gold_gain":0.0,"event_name":"Mushrooms","player_choice":"Healed and dodged fight","floor":10.0,"gold_loss":0.0,"damage_taken":0.0,"cards_obtained":["Parasite"]},{"damage_healed":0.0,"max_hp_gain":0.0,"max_hp_loss":0.0,"gold_gain":175.0,"event_name":"Liars Game","player_choice":"AGREE","floor":12.0,"gold_loss":0.0,"damage_taken":0.0,"cards_obtained":["Doubt"]},{"damage_healed":0.0,"max_hp_gain":0.0,"max_hp_loss":0.0,"gold_gain":0.0,"event_name":"Masked Bandits","player_choice":"Paid Fearfully","floor":21.0,"gold_loss":17.0,"damage_taken":0.0},{"damage_healed":0.0,"max_hp_gain":0.0,"max_hp_loss":0.0,"gold_gain":0.0,"cards_transformed":["Defend_G"],"event_name":"Transmorgrifier","player_choice":"Transformed","floor":22.0,"gold_loss":0.0,"damage_taken":0.0,"cards_obtained":["ReplayTheSpireMod:Shiv Toss"]},{"damage_healed":0,"gold_gain":0,"player_choice":"Took Portal","damage_taken":0,"max_hp_gain":0,"max_hp_loss":0,"event_name":"SecretPortal","floor":46,"gold_loss":0}],"is_beta":false,"boss_relics":[{"not_picked":["Replay:Drink Me","Velvet Choker"],"picked":"Cursed Key"},{"not_picked":["Ring of the Serpent","Philosopher\u0027s Stone"],"picked":"Empty Cage"}],"items_purged_floors":[37],"is_endless":false,"potions_floor_spawned":[8,18,25,33,38,39,41],"killed_by":"Replay:Hell Engine","ascension_level":6}}