{"host":"oiai0qxasotny765","time":1608289378,"event":{"mods":["2.2 Compatiblity","AchievementEnabler","BaseMod","Colored Map","Minty Spire (QoL Compilation)","Permanent Neow","Relic Stats","StSLib","SuperFastMode","everything is the same but u backflip on backflip"],"gold_per_floor":[118,12,12,12,29,46,46,56,56,56,84,100,100,110,110,187,187,205,205,160,171,183,183,108,121,148,167,217,229,35,48,48,126,126,145,145,158,176,51,51,51],"floor_reached":40,"playtime":1627,"items_purged":["Strike_G","Strike_G","Setup"],"score":868,"play_id":"f5613e8d-5da1-4405-87c6-8d1f79f477d5","local_time":"20201218200258","is_ascension_mode":true,"campfire_choices":[{"data":"Envenom","floor":7.0,"key":"SMITH"},{"data":"Footwork","floor":10.0,"key":"SMITH"},{"data":"Blade Dance","floor":13.0,"key":"SMITH"},{"data":"Neutralize","floor":15.0,"key":"SMITH"},{"floor":23.0,"key":"REST"},{"floor":32.0,"key":"REST"}],"circlet_count":0,"master_deck":["AscendersBane","Survivor","Neutralize+1","Footwork+1","Flash of Steel","Envenom+1","Blade Dance+1","Backflip","Corpse Explosion","Adrenaline+1","Accuracy","Reflex","Acrobatics+1","Accuracy","Deep Breath","Burst","Setup","Masterful Stab","Terror","Crippling Poison"],"relics":["Ring of the Snake","Bag of Preparation","Bottled Lightning","Singing Bowl","Empty Cage","Bag of Marbles","Pandora\u0027s Box"],"acts_visited":["Exordium","TheCity","TheBeyond"],"potions_floor_usage":[],"damage_taken":[{"damage":0.0,"enemies":"Small Slimes","floor":1.0,"turns":3.0},{"damage":0.0,"enemies":"Cultist","floor":5.0,"turns":4.0},{"damage":0.0,"enemies":"2 Louse","floor":6.0,"turns":4.0},{"damage":0.0,"enemies":"Red Slaver","floor":8.0,"turns":5.0},{"damage":2.0,"enemies":"3 Sentries","floor":11.0,"turns":7.0},{"damage":10.0,"enemies":"3 Louse","floor":12.0,"turns":3.0},{"damage":20.0,"enemies":"Exordium Thugs","floor":14.0,"turns":6.0},{"damage":0.0,"enemies":"Hexaghost","floor":16.0,"turns":10.0},{"damage":9.0,"enemies":"3 Byrds","floor":18.0,"turns":6.0},{"damage":13.0,"enemies":"2 Thieves","floor":20.0,"turns":5.0},{"damage":6.0,"enemies":"Snake Plant","floor":21.0,"turns":5.0},{"damage":17.0,"enemies":"Centurion and Healer","floor":22.0,"turns":4.0},{"damage":15.0,"enemies":"Sentry and Sphere","floor":25.0,"turns":7.0},{"damage":1.0,"enemies":"Chosen and Byrds","floor":27.0,"turns":7.0},{"damage":0.0,"enemies":"Snecko","floor":29.0,"turns":1.0},{"damage":12.0,"enemies":"Cultist and Chosen","floor":31.0,"turns":5.0},{"damage":33.0,"enemies":"Champ","floor":33.0,"turns":10.0},{"damage":19.0,"enemies":"3 Darklings","floor":35.0,"turns":3.0},{"damage":1.0,"enemies":"Orb Walker","floor":37.0,"turns":3.0},{"damage":0.0,"enemies":"Sphere and 2 Shapes","floor":38.0,"turns":3.0},{"damage":23,"enemies":"Writhing Mass","floor":40,"turns":4}],"seed_played":"2412496030325006463","potions_obtained":[{"floor":1.0,"key":"BlessingOfTheForge"},{"floor":5.0,"key":"CunningPotion"},{"floor":11.0,"key":"Strength Potion"},{"floor":12.0,"key":"Block Potion"},{"floor":21.0,"key":"PowerPotion"},{"floor":22.0,"key":"LiquidMemories"},{"floor":25.0,"key":"DuplicationPotion"},{"floor":33.0,"key":"CultistPotion"}],"is_trial":false,"path_per_floor":["M","$","?","?","M","M","R","M","T","R","E","M","R","M","R","B",null,"M","?","M","M","M","R","$","M","T","M","?","M","$","M","R","B",null,"M","?","M","M","$","M"],"character_chosen":"THE_SILENT","items_purchased":["Flash of Steel","Deep Breath"],"campfire_rested":2,"item_purchase_floors":[2,30],"current_hp_per_floor":[59,59,52,52,52,52,52,52,52,52,50,42,42,24,24,24,59,50,50,39,33,16,37,37,22,22,23,23,25,25,15,38,5,60,43,43,44,46,46,23,23],"gold":51,"neow_bonus":"RANDOM_COMMON_RELIC","is_daily":false,"chose_seed":false,"campfire_upgraded":4,"win_rate":0.0,"timestamp":1608289378,"path_taken":["M","$","?","?","M","M","R","M","T","R","E","?","R","M","R","BOSS","M","?","M","M","?","R","$","M","T","M","?","M","$","M","R","BOSS","M","?","M","?","$","M"],"items_purchased_type":["Card","Card"],"build_version":"2020-12-13","purchased_purges":3,"victory":false,"max_hp_per_floor":[66,66,66,66,66,66,66,66,66,66,66,68,68,70,70,70,70,70,70,72,72,72,72,72,72,72,74,74,76,76,78,78,78,78,80,80,82,84,84,84,84],"relic_stats":{"Singing Bowl":18,"counters":[21,105],"Pandora\u0027s Box":["Setup","Masterful Stab","Terror","Setup","Crippling Poison"],"Bag of Preparation":[42],"obtain_stats":[{"Singing Bowl":11,"Pandora\u0027s Box":34,"Bag of Preparation":0,"Bag of Marbles":26,"Bottled Lightning":9,"Empty Cage":17,"Ring of the Snake":0},{"Singing Bowl":5,"Pandora\u0027s Box":17,"Bag of Preparation":0,"Bag of Marbles":13,"Bottled Lightning":4,"Empty Cage":8,"Ring of the Snake":0},{"Singing Bowl":23,"Pandora\u0027s Box":92,"Bag of Preparation":0,"Bag of Marbles":69,"Bottled Lightning":16,"Empty Cage":42,"Ring of the Snake":0}],"Ring of the Snake":[42]},"card_choices":[{"not_picked":["Sucker Punch","Setup"],"picked":"Footwork","floor":1.0},{"not_picked":["Flying Knee","Infinite Blades","Bane"],"picked":"SKIP","floor":5.0},{"not_picked":["Blade Dance","Prepared"],"picked":"Backflip","floor":6.0},{"not_picked":["Cloak And Dagger","Concentrate","Bane"],"picked":"SKIP","floor":8.0},{"not_picked":["Expertise","Eviscerate"],"picked":"Corpse Explosion","floor":11.0},{"not_picked":["Quick Slash","Finisher","Sucker Punch"],"picked":"Singing Bowl","floor":12.0},{"not_picked":["Underhanded Strike","Backstab","Masterful Stab"],"picked":"Singing Bowl","floor":14.0},{"not_picked":["Phantasmal Killer","Corpse Explosion"],"picked":"Adrenaline","floor":16.0},{"not_picked":["Deflect","Bane"],"picked":"Accuracy","floor":18.0},{"not_picked":["Endless Agony","Dagger Spray+1","Flechettes"],"picked":"Singing Bowl","floor":20.0},{"not_picked":["Deflect+1","Underhanded Strike"],"picked":"Reflex","floor":21.0},{"not_picked":["Well Laid Plans","Prepared"],"picked":"Acrobatics+1","floor":22.0},{"not_picked":["Quick Slash","All Out Attack"],"picked":"Accuracy","floor":25.0},{"not_picked":["Finisher","Blade Dance","Poisoned Stab"],"picked":"Singing Bowl","floor":27.0},{"not_picked":["Endless Agony","Bane","Underhanded Strike"],"picked":"Singing Bowl","floor":29.0},{"not_picked":["Noxious Fumes","Predator","Well Laid Plans+1"],"picked":"Singing Bowl","floor":31.0},{"not_picked":["Wraith Form v2","Glass Knife"],"picked":"Burst","floor":33.0},{"not_picked":["Bane+1","PiercingWail","Dash"],"picked":"Singing Bowl","floor":35.0},{"not_picked":["Expertise","Finisher","Slice"],"picked":"Singing Bowl","floor":37.0},{"not_picked":["Flying Knee","Noxious Fumes","Deflect"],"picked":"Singing Bowl","floor":38.0}],"player_experience":270658,"relics_obtained":[{"floor":9.0,"key":"Bottled Lightning"},{"floor":11.0,"key":"Singing Bowl"},{"floor":26.0,"key":"Bag of Marbles"}],"event_choices":[{"cards_removed":["Strike_G"],"damage_healed":0.0,"max_hp_gain":0.0,"max_hp_loss":0.0,"gold_gain":0.0,"event_name":"Golden Wing","player_choice":"Card Removal","floor":3.0,"gold_loss":0.0,"damage_taken":7.0},{"damage_healed":0.0,"max_hp_gain":0.0,"max_hp_loss":0.0,"gold_gain":0.0,"event_name":"Match and Keep!","player_choice":"2 cards matched","floor":4.0,"gold_loss":0.0,"damage_taken":0.0,"cards_obtained":["Envenom","Blade Dance"]},{"damage_healed":0.0,"max_hp_gain":0.0,"max_hp_loss":0.0,"gold_gain":0.0,"event_name":"Accursed Blacksmith","player_choice":"Forge","floor":19.0,"gold_loss":0.0,"damage_taken":0.0,"cards_upgraded":["Adrenaline"]},{"damage_healed":0.0,"max_hp_gain":0.0,"max_hp_loss":0.0,"gold_gain":100.0,"event_name":"The Joust","player_choice":"Bet on Murderer","floor":28.0,"gold_loss":50.0,"damage_taken":0.0},{"damage_healed":0.0,"max_hp_gain":0.0,"max_hp_loss":0.0,"gold_gain":0.0,"event_name":"Match and Keep!","player_choice":"0 cards matched","floor":36.0,"gold_loss":0.0,"damage_taken":0.0,"cards_obtained":[]}],"is_beta":false,"boss_relics":[{"not_picked":["Calling Bell","Tiny House"],"picked":"Empty Cage"},{"not_picked":["SacredBark","Velvet Choker"],"picked":"Pandora\u0027s Box"}],"items_purged_floors":[24,30,39],"is_endless":false,"potions_floor_spawned":[1,5,11,12,21,22,25,27,33],"killed_by":"Writhing Mass","ascension_level":17}}