{"host":"qma899h3cz2w97yd","time":1608322529,"event":{"mods":["AchievementEnabler","Act Like it!","BaseMod","Bestiary","Block Reminder","Colored Powertips","Custom Start","Faster Ascension Climbing","Gremlin Skip","Highlight Path","Jorbs\u0027s Wanderer Trilogy","Minty Spire (QoL Compilation)","Pale of the Ancients","Permanent Neow","Relic Stats","StSLib","The Dragon Tamer","The Wild Card"],"gold_per_floor":[113,113,133,150,163,192,204,234,234,234,262,262,262,297,297,422,422,447,82,82,105,128,128,167,167,248,286,300,300,331,352,352,471,471,484,502,502,518,539,539,579,579,606,640,640,659,659,679,679,679,697,717,717,291,291,291,291,339,339,339],"floor_reached":61,"playtime":9128,"items_purged":["theWildCard:BasicStrike","theWildCard:BasicStrike"],"score":1556,"play_id":"88a41b79-7461-478a-82d9-ca3845511584","local_time":"20201218151528","is_ascension_mode":true,"campfire_choices":[{"data":"theWildCard:Odin","floor":13.0,"key":"SMITH"},{"data":"theWildCard:MagicMettle","floor":15.0,"key":"SMITH"},{"data":"theWildCard:TheArcanaUnleashed","floor":23.0,"key":"SMITH"},{"data":"theWildCard:ArcanaArtistry","floor":25.0,"key":"SMITH"},{"data":"theWildCard:MagicMettle","floor":29.0,"key":"SMITH"},{"data":"theWildCard:MagicMettle","floor":32.0,"key":"SMITH"},{"data":"theWildCard:ArcanaArtistry","floor":40.0,"key":"SMITH"},{"data":"theWildCard:ArcanaArtistry","floor":42.0,"key":"SMITH"},{"floor":45.0,"key":"RECALL"},{"data":"theWildCard:PowerOfTheArcana","floor":49,"key":"SMITH"},{"data":"theWildCard:PowerOfTheArcana","floor":55,"key":"SMITH"},{"data":"theWildCard:Abstinence","floor":57,"key":"SMITH"}],"circlet_count":0,"master_deck":["theWildCard:BasicDefend","theWildCard:BasicDefend","theWildCard:BasicDefend","theWildCard:BasicDefend","theWildCard:CallToAdventure","theWildCard:Odin","theWildCard:MagicalMight","theWildCard:Odin+1","theWildCard:Unburden","theWildCard:ArcanaArtistry+1","theWildCard:ArcanaArtistry+1","theWildCard:MagicMettle+1","theWildCard:SeveringSlash","theWildCard:ArcanaArtistry+1","theWildCard:PowerOfTheArcana+1","theWildCard:TheArcanaUnleashed+1","theWildCard:StingingStrike+1","theWildCard:Abstinence+1","theWildCard:BladeOfGenerations","theWildCard:PowerOfTheArcana+1","theWildCard:MagicMettle+1","theWildCard:MagicMettle+1","theWildCard:TheArcanaUnleashed+1","theWildCard:Safeguard+1","theWildCard:ArchaicAssault+1","theWildCard:PowerOfTheArcana+1","theWildCard:TheArcanaUnleashed+1","theWildCard:Overwhelm","theWildCard:Attunement+1"],"relics":["theWildCard:VelvetContract","Bag of Marbles","Pen Nib","theWildCard:MemoriesOfPhantasm","Eternal Feather","Golden Idol","Smiling Mask","Velvet Choker","Bottled Lightning","Frozen Egg 2","Letter Opener","Question Card","Girya","Runic Pyramid","CaptainsWheel","Potion Belt","paleoftheancients:Timepiece","paleoftheancients:KeyRelic","Gremlin Horn","CultistMask","FossilizedHelix","Oddly Smooth Stone"],"acts_visited":["Exordium","TheCity","TheBeyond","TheBeyond"],"potions_floor_usage":[51,51],"damage_taken":[{"damage":0.0,"enemies":"Small Slimes","floor":1.0,"turns":3.0},{"damage":0.0,"enemies":"Cultist","floor":3.0,"turns":3.0},{"damage":1.0,"enemies":"Jaw Worm","floor":4.0,"turns":4.0},{"damage":2.0,"enemies":"2 Fungi Beasts","floor":5.0,"turns":5.0},{"damage":10.0,"enemies":"3 Sentries","floor":6.0,"turns":13.0},{"damage":0.0,"enemies":"Looter","floor":7.0,"turns":4.0},{"damage":2.0,"enemies":"Gremlin Nob","floor":8.0,"turns":8.0},{"damage":1.0,"enemies":"Lagavulin","floor":11.0,"turns":13.0},{"damage":0.0,"enemies":"3 Sentries","floor":14.0,"turns":8.0},{"damage":1.0,"enemies":"Slime Boss","floor":16.0,"turns":17.0},{"damage":0.0,"enemies":"2 Thieves","floor":18.0,"turns":5.0},{"damage":0.0,"enemies":"Chosen","floor":21.0,"turns":6.0},{"damage":0.0,"enemies":"Snake Plant","floor":22.0,"turns":3.0},{"damage":10.0,"enemies":"Gremlin Leader","floor":24.0,"turns":10.0},{"damage":0.0,"enemies":"Book of Stabbing","floor":27.0,"turns":7.0},{"damage":5.0,"enemies":"Centurion and Healer","floor":28.0,"turns":13.0},{"damage":5.0,"enemies":"Slavers","floor":30.0,"turns":5.0},{"damage":0.0,"enemies":"Cultist and Chosen","floor":31.0,"turns":7.0},{"damage":0.0,"enemies":"Automaton","floor":33.0,"turns":18.0},{"damage":0.0,"enemies":"Orb Walker","floor":35.0,"turns":6.0},{"damage":0.0,"enemies":"3 Shapes","floor":36.0,"turns":8.0},{"damage":0.0,"enemies":"Sphere and 2 Shapes","floor":38.0,"turns":9.0},{"damage":0.0,"enemies":"Writhing Mass","floor":39.0,"turns":10.0},{"damage":0.0,"enemies":"Nemesis","floor":41.0,"turns":12.0},{"damage":6.0,"enemies":"Reptomancer","floor":44.0,"turns":12.0},{"damage":1.0,"enemies":"Spire Growth","floor":46.0,"turns":10.0},{"damage":4,"enemies":"Jaw Worm Horde","floor":48,"turns":7},{"damage":6,"enemies":"Donu and Deca","floor":50,"turns":14},{"damage":0,"enemies":"Donu and Deca","floor":51,"turns":13},{"damage":2,"enemies":"Donu and Deca","floor":52,"turns":16},{"damage":448,"enemies":"Donu and Deca","floor":56,"turns":14},{"damage":13,"enemies":"paleoftheancients:N","floor":60,"turns":27}],"seed_played":"-6422872832932929788","potions_obtained":[{"floor":1.0,"key":"Block Potion"},{"floor":3.0,"key":"BlessingOfTheForge"},{"floor":14.0,"key":"SmokeBomb"},{"floor":16.0,"key":"Energy Potion"},{"floor":21.0,"key":"EssenceOfSteel"},{"floor":38.0,"key":"Fire Potion"},{"floor":39.0,"key":"Dexterity Potion"},{"floor":44.0,"key":"GamblersBrew"},{"floor":46.0,"key":"EssenceOfSteel"}],"is_trial":false,"path_per_floor":["M","?","M","M","M","E","M","E","T","?","E","?","R","E","R","B",null,"M","$","?","M","M","R","E","R","T","E","M","R","E","M","R","B",null,"M","M","?","M","M","R","E","R","T","E","R","M","?","M","R","B","M","M","?","$","R","M","R","T","?","B",null],"character_chosen":"THE_WILD_CARD","items_purchased":["Bottled Lightning","theWildCard:Abstinence","theWildCard:Attunement+1","FossilizedHelix"],"campfire_rested":0,"item_purchase_floors":[19,19,54,54],"current_hp_per_floor":[60,60,60,59,57,47,47,45,45,50,49,33,45,45,57,56,65,65,65,65,65,65,65,55,65,65,65,60,65,60,60,65,65,65,65,65,65,65,65,65,65,65,65,59,65,64,64,60,65,65,65,64,64,64,65,65,65,65,65,59],"gold":339,"neow_bonus":"THREE_CARDS","is_daily":false,"chose_seed":false,"campfire_upgraded":11,"win_rate":0.0,"timestamp":1608322528,"path_taken":["M","?","M","M","M","E","?","E","T","?","E","?","R","E","R","BOSS","M","$","?","M","M","R","E","R","T","E","M","R","E","M","R","BOSS","M","M","?","M","M","R","E","R","T","E","R","M","?","M","R","BOSS","M","M","?","$","R","M","R","T","?","BOSS"],"items_purchased_type":["Relic","Card","Card","Relic"],"build_version":"2020-12-13","purchased_purges":2,"victory":true,"max_hp_per_floor":[60,60,60,60,60,60,60,60,60,65,65,65,65,65,65,65,65,65,65,65,65,65,65,65,65,65,65,65,65,65,65,65,65,65,65,65,65,65,65,65,65,65,65,65,65,65,65,65,65,65,65,65,65,65,65,65,65,65,65,65],"relic_stats":{"Gremlin Horn":[7,9],"counters":[32,310],"Golden Idol":200,"Eternal Feather":56,"Pen Nib":[15],"Letter Opener":[258],"Smiling Mask":75,"Question Card":15,"obtain_stats":[{"Potion Belt":44,"Girya":30,"paleoftheancients:KeyRelic":50,"Gremlin Horn":50,"Golden Idol":12,"Velvet Choker":17,"Oddly Smooth Stone":58,"Eternal Feather":11,"Pen Nib":8,"Letter Opener":26,"Frozen Egg 2":24,"Smiling Mask":14,"Question Card":27,"paleoftheancients:Timepiece":50,"theWildCard:VelvetContract":0,"theWildCard:MemoriesOfPhantasm":9,"CaptainsWheel":41,"CultistMask":50,"Bag of Marbles":6,"Bottled Lightning":19,"FossilizedHelix":54,"Runic Pyramid":34},{"Potion Belt":25,"Girya":17,"paleoftheancients:KeyRelic":28,"Gremlin Horn":28,"Golden Idol":8,"Velvet Choker":10,"Oddly Smooth Stone":31,"Eternal Feather":8,"Pen Nib":7,"Letter Opener":14,"Frozen Egg 2":14,"Smiling Mask":9,"Question Card":15,"paleoftheancients:Timepiece":28,"theWildCard:VelvetContract":0,"theWildCard:MemoriesOfPhantasm":7,"CaptainsWheel":24,"CultistMask":28,"Bag of Marbles":5,"Bottled Lightning":11,"FossilizedHelix":30,"Runic Pyramid":19},{"Potion Belt":209,"Girya":127,"paleoftheancients:KeyRelic":240,"Gremlin Horn":240,"Golden Idol":53,"Velvet Choker":78,"Oddly Smooth Stone":283,"Eternal Feather":53,"Pen Nib":40,"Letter Opener":102,"Frozen Egg 2":102,"Smiling Mask":61,"Question Card":109,"paleoftheancients:Timepiece":240,"theWildCard:VelvetContract":0,"theWildCard:MemoriesOfPhantasm":40,"CaptainsWheel":197,"CultistMask":240,"Bag of Marbles":28,"Bottled Lightning":83,"FossilizedHelix":269,"Runic Pyramid":152}]},"card_choices":[{"not_picked":["theWildCard:MagicMettle","theWildCard:Michael"],"picked":"theWildCard:Odin","floor":0.0},{"not_picked":["theWildCard:Salvation","theWildCard:Abstinence"],"picked":"theWildCard:MagicalMight","floor":1.0},{"not_picked":["theWildCard:StalwartBlade","theWildCard:CryOfAgony"],"picked":"theWildCard:ArcanaArtistry","floor":3.0},{"not_picked":["theWildCard:Sakuya","theWildCard:Michael"],"picked":"theWildCard:ArcanaArtistry","floor":4.0},{"not_picked":["theWildCard:ArcanaArtistry","theWildCard:Sakuya"],"picked":"theWildCard:MagicMettle","floor":5.0},{"not_picked":["theWildCard:SacrificialStroke","theWildCard:Michael"],"picked":"theWildCard:SeveringSlash","floor":6.0},{"not_picked":["theWildCard:PaleRider","theWildCard:StingingStrike"],"picked":"theWildCard:ArcanaArtistry","floor":7.0},{"not_picked":["theWildCard:Satanael","theWildCard:SacrificialStroke"],"picked":"theWildCard:PowerOfTheArcana","floor":8.0},{"not_picked":["theWildCard:ArcaneArts","theWildCard:PaleRider","theWildCard:Polydeuces"],"picked":"SKIP","floor":11.0},{"not_picked":["theWildCard:Sakuya","theWildCard:ShieldOfMany","theWildCard:MaskChange"],"picked":"SKIP","floor":14.0},{"not_picked":["theWildCard:Satanael","theWildCard:Deicide"],"picked":"theWildCard:TheArcanaUnleashed","floor":16.0},{"not_picked":["theWildCard:SeveringSlash","theWildCard:Proficiency"],"picked":"theWildCard:StingingStrike+1","floor":18.0},{"not_picked":["theWildCard:Michael+1","theWildCard:IdentityTheft"],"picked":"theWildCard:BladeOfGenerations","floor":21.0},{"not_picked":["theWildCard:Michael","theWildCard:Alice"],"picked":"theWildCard:PowerOfTheArcana","floor":22.0},{"not_picked":["theWildCard:ArcaneArts","theWildCard:ArcanaArtistry","theWildCard:Desolation"],"picked":"SKIP","floor":24.0},{"not_picked":["theWildCard:UnendingRitual","theWildCard:PaleRider"],"picked":"theWildCard:MagicMettle","floor":27.0},{"not_picked":["theWildCard:EnergizedStroke","theWildCard:SeveringSlash","theWildCard:ArcaneArts"],"picked":"theWildCard:MagicMettle","floor":28.0},{"not_picked":["theWildCard:Polydeuces+1","theWildCard:Sakuya+1","theWildCard:ArcaneArts","theWildCard:StingingStrike+1"],"picked":"SKIP","floor":30.0},{"not_picked":["theWildCard:Scathach+1","theWildCard:Salvation","theWildCard:StingingStrike","theWildCard:PaleRider+1"],"picked":"SKIP","floor":31.0},{"not_picked":["theWildCard:FinalHour","theWildCard:ChangingDestiny","theWildCard:Amaterasu"],"picked":"theWildCard:TheArcanaUnleashed+1","floor":33.0},{"not_picked":["theWildCard:StingingStrike","theWildCard:BladeOfGenerations+1","theWildCard:ArcaneArts","theWildCard:MagicMettle"],"picked":"SKIP","floor":35.0},{"not_picked":["theWildCard:Unburden","theWildCard:Odin","theWildCard:StingingStrike","theWildCard:Michael"],"picked":"SKIP","floor":36.0},{"not_picked":["theWildCard:Unburden","theWildCard:Odin","theWildCard:StingingStrike","theWildCard:Michael"],"picked":"SKIP","floor":36.0},{"not_picked":["theWildCard:SeveringSlash","theWildCard:PaleRider+1","theWildCard:TheGreatSeal"],"picked":"theWildCard:Safeguard+1","floor":38.0},{"not_picked":["theWildCard:StingingStrike","theWildCard:SeveringSlash+1","theWildCard:EnergizedStroke"],"picked":"theWildCard:ArchaicAssault+1","floor":39.0},{"not_picked":["theWildCard:Deicide","theWildCard:StingingStrike","theWildCard:Impatience"],"picked":"theWildCard:PowerOfTheArcana+1","floor":41.0},{"not_picked":["theWildCard:BladeOfGenerations+1","theWildCard:ArcanaArtistry+1","theWildCard:Michael+1","theWildCard:UnderLockAndKey+1"],"picked":"SKIP","floor":44.0},{"not_picked":["theWildCard:StalwartBlade+1","theWildCard:Patience+1","theWildCard:Polydeuces+1","theWildCard:SeveringSlash+1"],"picked":"SKIP","floor":46.0},{"not_picked":["theWildCard:Patience","theWildCard:MagicalMight","theWildCard:StingingStrike","theWildCard:Sakuya"],"picked":"SKIP","floor":48},{"not_picked":["theWildCard:Odin","theWildCard:StingingStrike","theWildCard:UnderLockAndKey+1"],"picked":"theWildCard:TheArcanaUnleashed+1","floor":51},{"not_picked":["theWildCard:Scathach+1","theWildCard:SeveringSlash+1","theWildCard:Unburden","theWildCard:ArchaicAssault"],"picked":"SKIP","floor":52}],"player_experience":1051216,"relics_obtained":[{"floor":6.0,"key":"Bag of Marbles"},{"floor":8.0,"key":"Pen Nib"},{"floor":9.0,"key":"theWildCard:MemoriesOfPhantasm"},{"floor":11.0,"key":"Eternal Feather"},{"floor":14.0,"key":"Smiling Mask"},{"floor":24.0,"key":"Frozen Egg 2"},{"floor":26.0,"key":"Letter Opener"},{"floor":27.0,"key":"Question Card"},{"floor":30.0,"key":"Girya"},{"floor":41.0,"key":"CaptainsWheel"},{"floor":44.0,"key":"Potion Belt"},{"floor":58,"key":"Oddly Smooth Stone"}],"event_choices":[{"damage_healed":0.0,"max_hp_gain":0.0,"max_hp_loss":0.0,"gold_gain":0.0,"event_name":"Match and Keep!","player_choice":"2 cards matched","floor":2.0,"gold_loss":0.0,"damage_taken":0.0,"cards_obtained":["theWildCard:Odin","theWildCard:Unburden"]},{"damage_healed":0.0,"max_hp_gain":5.0,"max_hp_loss":0.0,"gold_gain":0.0,"event_name":"Big Fish","player_choice":"Donut","floor":10.0,"gold_loss":0.0,"damage_taken":0.0},{"damage_healed":0.0,"max_hp_gain":0.0,"max_hp_loss":0.0,"gold_gain":0.0,"event_name":"Golden Idol","player_choice":"Take Damage","floor":12.0,"gold_loss":0.0,"damage_taken":16.0,"relics_obtained":["Golden Idol"]},{"cards_removed":["theWildCard:BasicStrike"],"damage_healed":0.0,"max_hp_gain":0.0,"max_hp_loss":0.0,"gold_gain":0.0,"event_name":"Wheel of Change","player_choice":"Card Removal","floor":20.0,"gold_loss":0.0,"damage_taken":0.0},{"cards_removed":["theWildCard:Arsene"],"damage_healed":0.0,"max_hp_gain":0.0,"max_hp_loss":0.0,"gold_gain":0.0,"event_name":"Falling","player_choice":"Removed Skill","floor":37.0,"gold_loss":0.0,"damage_taken":0.0},{"damage_healed":0.0,"max_hp_gain":0.0,"max_hp_loss":0.0,"gold_gain":0.0,"event_name":"SensoryStone","player_choice":"Memory 1","floor":47.0,"gold_loss":0.0,"damage_taken":0.0},{"damage_healed":0,"gold_gain":0,"cards_transformed":["theWildCard:BasicStrike"],"player_choice":"Transformed","damage_taken":0,"max_hp_gain":0,"max_hp_loss":0,"event_name":"Transmorgrifier","floor":53,"gold_loss":0,"cards_obtained":["theWildCard:Overwhelm"]}],"is_beta":false,"boss_relics":[{"not_picked":["Tiny House","Fusion Hammer"],"picked":"Velvet Choker"},{"not_picked":["SlaversCollar","SacredBark"],"picked":"Runic Pyramid"}],"items_purged_floors":[19,54],"is_endless":false,"potions_floor_spawned":[1,3,14,16,21,22,27,30,33,38,39,44,46,56],"ascension_level":1}}