{"host":"foq4mrde4mssg7vt","time":1608310340,"event":{"mods":["AchievementEnabler","BaseMod","Colored Map","Colored Powertips","Highlight Path","Minty Spire (QoL Compilation)","Relic Stats","everything is the same but u backflip on backflip"],"gold_per_floor":[369,369,28,28,56,56,80,102,125,155,10,47,47,57,57,141,141,161,161,59,78,97,134,134,68,68,68,102,33,33,33,33,110,110,123,73,94,113,14,47,66,95,104,113,123,157,157,171,171,171,171,171,23,52,52],"floor_reached":56,"playtime":4059,"items_purged":["Strike_P","Strike_P","Defend_P"],"score":1938,"play_id":"7bc4b827-77ac-4cdd-bf9d-8726c6ff40c2","local_time":"20201219005220","is_ascension_mode":true,"campfire_choices":[{"data":"SashWhip","floor":6.0,"key":"SMITH"},{"data":"LikeWater","floor":15.0,"key":"SMITH"},{"data":"MentalFortress","floor":24.0,"key":"SMITH"},{"data":"Eruption","floor":27.0,"key":"SMITH"},{"data":"Blasphemy","floor":30.0,"key":"SMITH"},{"data":"Protect","floor":32.0,"key":"SMITH"},{"data":"Scrawl","floor":47.0,"key":"SMITH"},{"floor":49.0,"key":"RECALL"},{"data":"Wireheading","floor":52.0,"key":"SMITH"}],"circlet_count":0,"master_deck":["AscendersBane","Strike_P+1","Strike_P","Defend_P","Defend_P+1","Eruption+1","Vigilance","MentalFortress+1","SashWhip+1","FlyingSleeves","EmptyBody+1","LikeWater+1","Conclude","WindmillStrike+1","FlurryOfBlows+1","Wireheading+1","FollowUp","Omniscience+1","EmptyFist","FearNoEvil+1","DeceiveReality+1","Meditate+1","Omniscience+1","Blasphemy+1","LessonLearned+1","Scrawl+1","Protect+1","Crescendo","ThirdEye+1","Parasite","MentalFortress+1","Wallop"],"relics":["PureWater","Membership Card","Art of War","CeramicFish","MealTicket","Pear","HornCleat","Mummified Hand","Oddly Smooth Stone","Coffee Dripper","Incense Burner","ClockworkSouvenir","Letter Opener","DollysMirror","Bottled Tornado","Happy Flower","Orrery","Cursed Key","Lizard Tail","StoneCalendar","InkBottle","Bottled Lightning","Vajra"],"acts_visited":["Exordium","TheCity","TheBeyond","TheEnding"],"potions_floor_usage":[55,55],"damage_taken":[{"damage":2.0,"enemies":"Small Slimes","floor":1.0,"turns":5.0},{"damage":6.0,"enemies":"Jaw Worm","floor":5.0,"turns":6.0},{"damage":4.0,"enemies":"Cultist","floor":7.0,"turns":3.0},{"damage":10.0,"enemies":"Red Slaver","floor":8.0,"turns":4.0},{"damage":7.0,"enemies":"Lagavulin","floor":10.0,"turns":6.0},{"damage":7.0,"enemies":"Gremlin Nob","floor":12.0,"turns":5.0},{"damage":10.0,"enemies":"Gremlin Gang","floor":14.0,"turns":3.0},{"damage":23.0,"enemies":"Hexaghost","floor":16.0,"turns":7.0},{"damage":18.0,"enemies":"Chosen","floor":18.0,"turns":5.0},{"damage":6.0,"enemies":"Spheric Guardian","floor":21.0,"turns":4.0},{"damage":0.0,"enemies":"Centurion and Healer","floor":22.0,"turns":7.0},{"damage":35.0,"enemies":"Gremlin Leader","floor":23.0,"turns":11.0},{"damage":4.0,"enemies":"Slavers","floor":28.0,"turns":3.0},{"damage":1.0,"enemies":"Collector","floor":33.0,"turns":7.0},{"damage":16.0,"enemies":"3 Shapes","floor":35.0,"turns":5.0},{"damage":35.0,"enemies":"3 Darklings","floor":37.0,"turns":6.0},{"damage":12.0,"enemies":"Sphere and 2 Shapes","floor":38.0,"turns":3.0},{"damage":2.0,"enemies":"Giant Head","floor":40.0,"turns":8.0},{"damage":13.0,"enemies":"Jaw Worm Horde","floor":41.0,"turns":4.0},{"damage":18.0,"enemies":"Reptomancer","floor":42.0,"turns":7.0},{"damage":0.0,"enemies":"Transient","floor":45.0,"turns":5.0},{"damage":3.0,"enemies":"Nemesis","floor":46.0,"turns":7.0},{"damage":0.0,"enemies":"3 Darklings","floor":48.0,"turns":6.0},{"damage":2.0,"enemies":"Time Eater","floor":50.0,"turns":17.0},{"damage":0.0,"enemies":"Shield and Spear","floor":54.0,"turns":6.0},{"damage":25,"enemies":"The Heart","floor":55,"turns":11}],"seed_played":"2414972843376224328","potions_obtained":[{"floor":1.0,"key":"Weak Potion"},{"floor":7.0,"key":"FairyPotion"},{"floor":14.0,"key":"Ambrosia"},{"floor":23.0,"key":"LiquidMemories"},{"floor":28.0,"key":"PowerPotion"},{"floor":37.0,"key":"EssenceOfSteel"},{"floor":40.0,"key":"Fire Potion"},{"floor":54.0,"key":"Block Potion"}],"is_trial":false,"path_per_floor":["M","?","$","?","M","R","M","M","T","E","$","E","?","M","R","B",null,"M","T","$","M","M","E","R","$","T","R","E","$","R","$","R","B",null,"M","$","M","M","$","E","M","E","T","?","M","E","R","M","R","B",null,"R","$","E","B",null],"character_chosen":"WATCHER","items_purchased":["Membership Card","MentalFortress","SashWhip","FlyingSleeves","EmptyBody","Art of War","HornCleat","FlurryOfBlows","Wireheading","ClockworkSouvenir","FearNoEvil","DollysMirror","Orrery","Regen Potion","Wallop","Bottled Lightning"],"campfire_rested":0,"item_purchase_floors":[3,3,3,3,3,3,11,11,11,20,20,25,29,39,53,53],"current_hp_per_floor":[63,56,56,44,38,38,34,24,24,27,42,35,35,25,25,2,57,39,39,54,48,48,13,13,28,28,28,24,39,39,54,54,53,70,54,69,34,22,37,50,37,19,19,19,19,16,16,16,16,14,60,60,75,75,50],"gold":52,"neow_bonus":"TWO_FIFTY_GOLD","is_daily":false,"chose_seed":false,"campfire_upgraded":8,"win_rate":0.0,"timestamp":1608310340,"path_taken":["M","?","$","?","M","R","M","M","T","E","$","E","?","?","R","BOSS","M","?","$","M","?","E","R","$","T","R","E","$","R","?","R","BOSS","M","$","M","M","$","E","?","E","T","?","M","E","R","?","R","BOSS","R","$","E","BOSS"],"items_purchased_type":["Relic","Card","Card","Card","Card","Relic","Relic","Card","Card","Relic","Card","Relic","Relic","Potion","Card","Relic"],"build_version":"2020-12-13","purchased_purges":3,"victory":true,"max_hp_per_floor":[65,65,65,65,65,65,65,65,65,75,75,75,75,75,75,75,75,75,75,75,75,75,75,75,75,75,75,75,75,75,75,75,75,75,75,75,75,75,75,75,75,75,75,75,75,75,75,75,75,75,75,75,75,75,75],"relic_stats":{"Lizard Tail":0,"Happy Flower":[30],"counters":[26,161],"Mummified Hand":[110],"CeramicFish":189,"MealTicket":120,"StoneCalendar":[147],"Art of War":[16],"Letter Opener":[225],"Cursed Key":1,"obtain_stats":[{"Pear":10,"Happy Flower":28,"CeramicFish":4,"Oddly Smooth Stone":13,"Vajra":54,"StoneCalendar":42,"Incense Burner":19,"Letter Opener":23,"Bottled Tornado":26,"Cursed Key":34,"ClockworkSouvenir":20,"Lizard Tail":40,"HornCleat":11,"Mummified Hand":12,"DollysMirror":25,"Orrery":29,"MealTicket":9,"Art of War":3,"Coffee Dripper":17,"Membership Card":3,"Bottled Lightning":53,"PureWater":0,"InkBottle":46},{"Pear":5,"Happy Flower":13,"CeramicFish":1,"Oddly Smooth Stone":6,"Vajra":25,"StoneCalendar":20,"Incense Burner":9,"Letter Opener":12,"Bottled Tornado":12,"Cursed Key":14,"ClockworkSouvenir":9,"Lizard Tail":18,"HornCleat":5,"Mummified Hand":6,"DollysMirror":12,"Orrery":13,"MealTicket":4,"Art of War":1,"Coffee Dripper":8,"Membership Card":1,"Bottled Lightning":24,"PureWater":0,"InkBottle":22},{"Pear":24,"Happy Flower":69,"CeramicFish":5,"Oddly Smooth Stone":29,"Vajra":150,"StoneCalendar":109,"Incense Burner":44,"Letter Opener":66,"Bottled Tornado":66,"Cursed Key":76,"ClockworkSouvenir":44,"Lizard Tail":98,"HornCleat":24,"Mummified Hand":29,"DollysMirror":66,"Orrery":69,"MealTicket":18,"Art of War":5,"Coffee Dripper":39,"Membership Card":5,"Bottled Lightning":144,"PureWater":0,"InkBottle":121}],"InkBottle":[22]},"card_choices":[{"not_picked":["Indignation","Halt","LikeWater"],"picked":"SKIP","floor":1.0},{"not_picked":["Halt","Prostrate"],"picked":"LikeWater","floor":5.0},{"not_picked":["ThirdEye","Ragnarok"],"picked":"Conclude","floor":7.0},{"not_picked":["JustLucky","ThirdEye"],"picked":"WindmillStrike","floor":8.0},{"not_picked":["DevaForm","CutThroughFate","Crescendo"],"picked":"SKIP","floor":10.0},{"not_picked":["Establishment","ClearTheMind"],"picked":"FollowUp","floor":12.0},{"not_picked":["SignatureMove","Halt","Evaluate"],"picked":"SKIP","floor":14.0},{"not_picked":["Alpha","Ragnarok"],"picked":"Omniscience","floor":16.0},{"not_picked":["CrushJoints","Indignation"],"picked":"EmptyFist","floor":18.0},{"not_picked":["EmptyFist","BowlingBash"],"picked":"DeceiveReality","floor":21.0},{"not_picked":["JustLucky+1","EmptyMind","CrushJoints+1"],"picked":"SKIP","floor":22.0},{"not_picked":["BowlingBash","PathToVictory"],"picked":"Meditate+1","floor":23.0},{"not_picked":["FearNoEvil","Brilliance","EmptyBody"],"picked":"SKIP","floor":28.0},{"not_picked":["ThirdEye","Worship"],"picked":"Blasphemy","floor":29.0},{"not_picked":["ThirdEye","Prostrate"],"picked":"LessonLearned","floor":29.0},{"not_picked":["Prostrate","EmptyFist"],"picked":"Scrawl","floor":29.0},{"not_picked":["Halt+1","Collect+1"],"picked":"Protect","floor":29.0},{"not_picked":["EmptyMind","FearNoEvil"],"picked":"Crescendo","floor":29.0},{"not_picked":["JustLucky","Prostrate","Crescendo+1"],"picked":"SKIP","floor":35.0},{"not_picked":["FlyingSleeves","SashWhip+1"],"picked":"ThirdEye+1","floor":37.0},{"not_picked":["FollowUp","Vengeance","Protect"],"picked":"SKIP","floor":38.0},{"not_picked":["Meditate","Halt","FlurryOfBlows"],"picked":"SKIP","floor":40.0},{"not_picked":["Protect","Evaluate","FlurryOfBlows"],"picked":"SKIP","floor":41.0},{"not_picked":["DeceiveReality","WreathOfFlame","Perseverance"],"picked":"SKIP","floor":42.0},{"not_picked":["FearNoEvil","SashWhip","Alpha"],"picked":"SKIP","floor":45.0},{"not_picked":["Crescendo+1","Halt","Nirvana"],"picked":"SKIP","floor":46.0},{"not_picked":["Prostrate+1","Indignation","FearNoEvil"],"picked":"SKIP","floor":48.0},{"not_picked":["Consecrate","FlyingSleeves+1","CrushJoints"],"picked":"SKIP","floor":54.0}],"player_experience":202384,"relics_obtained":[{"floor":9.0,"key":"MealTicket"},{"floor":10.0,"key":"Pear"},{"floor":12.0,"key":"Mummified Hand"},{"floor":19.0,"key":"Incense Burner"},{"floor":23.0,"key":"Letter Opener"},{"floor":26.0,"key":"Bottled Tornado"},{"floor":28.0,"key":"Happy Flower"},{"floor":40.0,"key":"Lizard Tail"},{"floor":42.0,"key":"StoneCalendar"},{"floor":46.0,"key":"InkBottle"},{"floor":54.0,"key":"Vajra"}],"event_choices":[{"cards_removed":["Defend_P"],"damage_healed":0.0,"max_hp_gain":0.0,"max_hp_loss":0.0,"gold_gain":0.0,"event_name":"Golden Wing","player_choice":"Card Removal","floor":2.0,"gold_loss":0.0,"damage_taken":7.0},{"damage_healed":0.0,"max_hp_gain":0.0,"max_hp_loss":0.0,"gold_gain":0.0,"event_name":"Scrap Ooze","player_choice":"Success","floor":4.0,"gold_loss":0.0,"damage_taken":12.0,"relics_obtained":["CeramicFish"]},{"damage_healed":0.0,"max_hp_gain":0.0,"max_hp_loss":0.0,"gold_gain":0.0,"event_name":"WeMeetAgain","player_choice":"Gave Potion","floor":13.0,"gold_loss":0.0,"damage_taken":0.0,"relics_obtained":["Oddly Smooth Stone"]},{"damage_healed":0.0,"max_hp_gain":0.0,"max_hp_loss":0.0,"gold_gain":0.0,"event_name":"Duplicator","player_choice":"Copied","floor":44.0,"gold_loss":0.0,"damage_taken":0.0,"cards_obtained":["MentalFortress"]}],"is_beta":false,"boss_relics":[{"not_picked":["Tiny House","Fusion Hammer"],"picked":"Coffee Dripper"},{"not_picked":["Busted Crown","Snecko Eye"],"picked":"Cursed Key"}],"items_purged_floors":[29,36,39],"is_endless":false,"potions_floor_spawned":[1,7,8,14,23,28,37,40,46,54],"ascension_level":13}}