{"host":"9tzam4717zt8ei1o","time":1608307146,"event":{"mods":["BaseMod","Colored Map","Keyboard Shortcuts","Minty Spire (QoL Compilation)","Quick Restart","StSLib","SuperFastMode"],"gold_per_floor":[112,24,40,60,80,80,114,114,114,125,125,125,136,155,155,155,155],"floor_reached":16,"playtime":350,"items_purged":[],"score":203,"play_id":"ffad1051-f5ee-4e17-b1c1-10283699e1c0","local_time":"20201219005906","is_ascension_mode":true,"campfire_choices":[{"data":"Accuracy","floor":6.0,"key":"SMITH"},{"floor":8.0,"key":"REST"},{"data":"Blade Dance","floor":15.0,"key":"SMITH"}],"circlet_count":0,"master_deck":["AscendersBane","Strike_G","Strike_G","Strike_G","Strike_G","Strike_G","Defend_G+1","Defend_G+1","Defend_G","Defend_G","Defend_G","Survivor","Neutralize","Swift Strike","Calculated Gamble","Blur","Blade Dance+1","Masterful Stab","Accuracy+1","Leg Sweep","Backflip"],"relics":["Ring of the Snake","Toy Ornithopter","Letter Opener"],"acts_visited":[],"potions_floor_usage":[16,16],"damage_taken":[{"damage":1.0,"enemies":"Cultist","floor":1.0,"turns":4.0},{"damage":4.0,"enemies":"Small Slimes","floor":3.0,"turns":4.0},{"damage":2.0,"enemies":"Jaw Worm","floor":4.0,"turns":5.0},{"damage":20.0,"enemies":"Large Slime","floor":5.0,"turns":7.0},{"damage":27.0,"enemies":"3 Sentries","floor":7.0,"turns":11.0},{"damage":9.0,"enemies":"Exordium Thugs","floor":10.0,"turns":3.0},{"damage":0.0,"enemies":"Looter","floor":13.0,"turns":3.0},{"damage":0.0,"enemies":"3 Louse","floor":14.0,"turns":4.0},{"damage":23,"enemies":"Slime Boss","floor":16,"turns":9}],"seed_played":"4491370548773112862","potions_obtained":[{"floor":3.0,"key":"SpeedPotion"},{"floor":7.0,"key":"Strength Potion"},{"floor":12.0,"key":"SpeedPotion"},{"floor":12.0,"key":"Energy Potion"}],"is_trial":false,"path_per_floor":["M","$","M","M","M","R","E","R","T","M","?","?","M","M","R","B"],"character_chosen":"THE_SILENT","items_purchased":["Blur"],"campfire_rested":1,"item_purchase_floors":[2],"current_hp_per_floor":[58,58,54,52,32,32,5,24,24,25,5,5,5,5,5,0,0],"gold":155,"neow_bonus":"RANDOM_COLORLESS","is_daily":false,"chose_seed":false,"campfire_upgraded":2,"win_rate":0.0,"timestamp":1608307146,"path_taken":["M","$","?","M","M","R","E","R","T","M","?","?","M","?","R","BOSS"],"items_purchased_type":["Card"],"build_version":"2020-12-13","purchased_purges":0,"victory":false,"max_hp_per_floor":[66,66,66,66,66,66,66,66,66,66,66,66,66,66,66,66,66],"card_choices":[{"not_picked":["Madness","Purity"],"picked":"Swift Strike","floor":0.0},{"not_picked":["Deflect","Expertise"],"picked":"Calculated Gamble","floor":1.0},{"not_picked":["Choke","Concentrate"],"picked":"Blade Dance","floor":3.0},{"not_picked":["PiercingWail","Cloak And Dagger"],"picked":"Masterful Stab","floor":4.0},{"not_picked":["Dodge and Roll","Concentrate"],"picked":"Accuracy","floor":5.0},{"not_picked":["Sucker Punch","Slice"],"picked":"Leg Sweep","floor":7.0},{"not_picked":["Distraction","Blade Dance"],"picked":"Backflip","floor":10.0},{"not_picked":["Calculated Gamble","Dodge and Roll","Unload"],"picked":"SKIP","floor":13.0},{"not_picked":["All Out Attack","Backflip","Bane"],"picked":"SKIP","floor":14.0}],"player_experience":84603,"relics_obtained":[{"floor":7.0,"key":"Toy Ornithopter"},{"floor":9.0,"key":"Letter Opener"}],"event_choices":[{"damage_healed":0.0,"max_hp_gain":0.0,"max_hp_loss":0.0,"gold_gain":0.0,"event_name":"Shining Light","player_choice":"Entered Light","floor":11.0,"gold_loss":0.0,"damage_taken":20.0,"cards_upgraded":["Defend_G","Defend_G"]},{"damage_healed":0.0,"max_hp_gain":0.0,"max_hp_loss":0.0,"gold_gain":0.0,"event_name":"Lab","player_choice":"Got Potions","floor":12.0,"gold_loss":0.0,"damage_taken":0.0}],"is_beta":false,"boss_relics":[],"items_purged_floors":[],"is_endless":false,"potions_floor_spawned":[3,7,13,14],"killed_by":"Slime Boss","ascension_level":19}}