{"host":"sum4dy402bbv9y4o","time":1608328563,"event":{"mods":["Aspiration","BaseMod","Conspire","Highlight Path","Minty Spire (QoL Compilation)","StSLib"],"gold_per_floor":[114,36,50,50,70,70,99,113,136,136,165,165,182,199,199,274,274,294,219,231,48,59,59,84,95,118,148,148,148,162,8,8,83,133,145,145,165,2,2,33,33,65,65,76,105,117,146,178,190,202,214,214],"floor_reached":51,"playtime":3697,"items_purged":["Strike_P","Writhe"],"score":1574,"play_id":"be72d74f-aa32-4aa4-b538-3fd147753324","local_time":"20201219005603","is_ascension_mode":true,"campfire_choices":[{"data":"Eruption","floor":6,"key":"SMITH"},{"data":"SashWhip","floor":10,"key":"SMITH"},{"data":"Conclude","floor":12,"key":"SMITH"},{"data":"MentalFortress","floor":15,"key":"SMITH"},{"data":"WindmillStrike","floor":23,"key":"SMITH"},{"data":"LikeWater","floor":29,"key":"SMITH"},{"floor":32,"key":"REST"},{"data":"TalkToTheHand","floor":41,"key":"SMITH"},{"floor":46,"key":"REST"},{"floor":49,"key":"REST"}],"circlet_count":0,"master_deck":["AscendersBane","Strike_P+1","Strike_P+1","Strike_P+1","Defend_P","Defend_P","Defend_P+1","Eruption+1","Vigilance+1","SashWhip+1","FollowUp+1","Halt+1","MentalFortress+1","WindmillStrike+1","Conclude+1","Protect","Meditate+1","Halt+1","FlurryOfBlows+1","LessonLearned+1","Protect+1","LikeWater+1","Wallop+1","EmptyBody+1","EmptyBody","TalkToTheHand+1","TalkToTheHand+1","CrushJoints","Perseverance","MentalFortress"],"relics":["PureWater","aspiration:Nostalgia","Ring of the Snake","CloakClasp","Toy Ornithopter","conspire:GlowingRock","aspiration:SecretTechniqueScroll","Ice Cream","Nunchaku","Bronze Scales","Smiling Mask","Tiny House","Anchor","conspire:DeflatedDodgeball","Whetstone","Molten Egg 2","MawBank"],"acts_visited":["Exordium","TheCity","TheBeyond"],"potions_floor_usage":[7,11,16,18,20,22,24,25,33,40,40,45,50],"damage_taken":[{"damage":0,"enemies":"Cultist","floor":1,"turns":2},{"damage":0,"enemies":"2 Louse","floor":3,"turns":2},{"damage":4,"enemies":"Jaw Worm","floor":5,"turns":3},{"damage":5,"enemies":"Lagavulin","floor":7,"turns":5},{"damage":0,"enemies":"3 Louse","floor":8,"turns":2},{"damage":0,"enemies":"Gremlin Nob","floor":11,"turns":3},{"damage":0,"enemies":"Large Slime","floor":13,"turns":4},{"damage":0,"enemies":"Exordium Thugs","floor":14,"turns":4},{"damage":12,"enemies":"The Guardian","floor":16,"turns":11},{"damage":2,"enemies":"conspire:FuzzyDice","floor":18,"turns":6},{"damage":0,"enemies":"Spheric Guardian","floor":20,"turns":5},{"damage":0,"enemies":"Snecko","floor":22,"turns":2},{"damage":6,"enemies":"Book of Stabbing","floor":24,"turns":6},{"damage":9,"enemies":"Snake Plant","floor":25,"turns":4},{"damage":11,"enemies":"Gremlin Leader","floor":27,"turns":8},{"damage":4,"enemies":"Centurion and Healer","floor":30,"turns":5},{"damage":47,"enemies":"Automaton","floor":33,"turns":8},{"damage":1,"enemies":"Orb Walker","floor":35,"turns":4},{"damage":0,"enemies":"3 Shapes","floor":37,"turns":3},{"damage":0,"enemies":"Giant Head","floor":40,"turns":7},{"damage":29,"enemies":"Nemesis","floor":42,"turns":9},{"damage":0,"enemies":"3 Darklings","floor":44,"turns":3},{"damage":31,"enemies":"Reptomancer","floor":45,"turns":13},{"damage":0,"enemies":"Writhing Mass","floor":47,"turns":8},{"damage":0,"enemies":"Sphere and 2 Shapes","floor":48,"turns":6},{"damage":53,"enemies":"Donu and Deca","floor":50,"turns":18},{"damage":7,"enemies":"Awakened One","floor":51,"turns":2}],"seed_played":"2298752460115037252","potions_obtained":[{"floor":1,"key":"Weak Potion"},{"floor":5,"key":"SpeedPotion"},{"floor":8,"key":"DuplicationPotion"},{"floor":16,"key":"EssenceOfSteel"},{"floor":18,"key":"SpeedPotion"},{"floor":24,"key":"LiquidBronze"},{"floor":33,"key":"BlessingOfTheForge"},{"floor":34,"key":"Swift Potion"},{"floor":35,"key":"PowerPotion"},{"floor":42,"key":"PowerPotion"},{"floor":48,"key":"SpeedPotion"}],"is_trial":false,"path_per_floor":["M","$","M","?","M","R","E","M","T","R","E","R","M","M","R","B",null,"M","?","M","$","M","R","E","M","T","E","?","R","M","$","R","B",null,"M","?","M","$","?","E","R","E","T","M","E","R","M","M","R","B","B"],"character_chosen":"WATCHER","items_purchased":["FollowUp","Halt","PowerPotion","AttackPotion","EmptyBody","BlessingOfTheForge","Anchor"],"campfire_rested":3,"item_purchase_floors":[2,2,21,21,31,31,38],"current_hp_per_floor":[61,61,61,61,57,57,52,52,52,52,57,57,57,57,57,50,64,66,66,68,68,68,68,62,58,58,47,47,47,43,43,63,21,61,60,56,56,56,56,66,66,37,37,37,11,32,32,32,53,5,0,0],"gold":214,"neow_bonus":"NOSTALGIA","is_daily":false,"chose_seed":false,"campfire_upgraded":7,"win_rate":0.0,"timestamp":1608328563,"path_taken":["M","$","?","?","M","R","E","M","T","R","E","R","M","M","R","BOSS","M","?","M","$","M","R","E","M","T","E","?","R","M","$","R","BOSS","M","?","M","$","?","E","R","E","T","?","E","R","?","M","R","BOSS","BOSS"],"items_purchased_type":["Card","Card","Potion","Potion","Card","Potion","Relic"],"build_version":"2020-12-13","purchased_purges":2,"victory":false,"max_hp_per_floor":[68,68,68,68,68,68,68,68,68,68,68,68,68,68,68,68,68,68,68,68,68,68,68,68,68,68,68,68,68,68,68,68,68,73,73,73,73,73,73,73,73,73,73,73,73,73,73,73,73,73,73,73],"card_choices":[{"not_picked":["SignatureMove","ClearTheMind"],"picked":"SashWhip","floor":1},{"not_picked":["Collect","FollowUp"],"picked":"MentalFortress","floor":3},{"not_picked":["Evaluate","Pray"],"picked":"WindmillStrike","floor":5},{"not_picked":["Indignation","PathToVictory"],"picked":"Conclude","floor":7},{"not_picked":["Evaluate","DeusExMachina"],"picked":"Protect","floor":8},{"not_picked":["SpiritShield","Study"],"picked":"Meditate","floor":11},{"not_picked":["Meditate","WaveOfTheHand"],"picked":"Halt","floor":13},{"not_picked":["Evaluate","Protect"],"picked":"FlurryOfBlows","floor":14},{"not_picked":["Scrawl","Establishment"],"picked":"LessonLearned","floor":16},{"not_picked":["WreathOfFlame","Consecrate"],"picked":"Protect","floor":18},{"not_picked":["JustLucky","Prostrate"],"picked":"LikeWater","floor":20},{"not_picked":["WaveOfTheHand","Sanctity","PathToVictory+1"],"picked":"SKIP","floor":22},{"not_picked":["DeceiveReality","Collect","Evaluate"],"picked":"SKIP","floor":24},{"not_picked":["Consecrate","JustLucky","Protect"],"picked":"SKIP","floor":25},{"not_picked":["EmptyFist","WindmillStrike"],"picked":"Wallop","floor":27},{"not_picked":["CutThroughFate+1","Fasting2","Vengeance"],"picked":"SKIP","floor":30},{"not_picked":["EmptyFist","Wireheading"],"picked":"EmptyBody","floor":34},{"not_picked":["Prostrate","Halt"],"picked":"TalkToTheHand","floor":35},{"not_picked":["CrushJoints+1","Collect+1"],"picked":"TalkToTheHand","floor":37},{"not_picked":["Judgement","Vengeance","Wireheading"],"picked":"SKIP","floor":40},{"not_picked":["BowlingBash+1","SashWhip"],"picked":"CrushJoints","floor":42},{"not_picked":["ThirdEye","CutThroughFate+1","Halt+1"],"picked":"SKIP","floor":44},{"not_picked":["Omniscience","Worship","BattleHymn+1"],"picked":"SKIP","floor":45},{"not_picked":["EmptyBody+1","Consecrate+1"],"picked":"Perseverance","floor":47},{"not_picked":["Evaluate","FollowUp+1"],"picked":"MentalFortress","floor":48}],"player_experience":2820169,"relics_obtained":[{"floor":7,"key":"CloakClasp"},{"floor":9,"key":"Toy Ornithopter"},{"floor":11,"key":"conspire:GlowingRock"},{"floor":24,"key":"Ice Cream"},{"floor":26,"key":"Nunchaku"},{"floor":27,"key":"Bronze Scales"},{"floor":40,"key":"conspire:DeflatedDodgeball"},{"floor":42,"key":"Whetstone"},{"floor":43,"key":"Molten Egg 2"},{"floor":45,"key":"MawBank"}],"event_choices":[{"damage_healed":0,"gold_gain":0,"player_choice":"Leave","damage_taken":0,"max_hp_gain":0,"max_hp_loss":0,"event_name":"The Cleric","floor":4,"gold_loss":0},{"cards_removed":["Defend_P"],"damage_healed":0,"gold_gain":0,"player_choice":"Gave Gold","damage_taken":0,"max_hp_gain":0,"max_hp_loss":0,"event_name":"Beggar","floor":19,"gold_loss":75},{"damage_healed":0,"gold_gain":0,"player_choice":"Opened","damage_taken":0,"relics_obtained":["Smiling Mask"],"max_hp_gain":0,"max_hp_loss":0,"event_name":"The Mausoleum","floor":28,"gold_loss":0,"cards_obtained":["Writhe"]},{"damage_healed":0,"gold_gain":0,"player_choice":"Leave","damage_taken":0,"max_hp_gain":0,"max_hp_loss":0,"event_name":"conspire:Investor","floor":36,"gold_loss":0},{"damage_healed":0,"gold_gain":0,"player_choice":"Forge","damage_taken":0,"max_hp_gain":0,"max_hp_loss":0,"event_name":"Accursed Blacksmith","floor":39,"gold_loss":0,"cards_upgraded":["Wallop"]}],"is_beta":false,"boss_relics":[{"not_picked":["Ectoplasm","SlaversCollar"],"picked":"aspiration:SecretTechniqueScroll"},{"not_picked":["conspire:RunicOctahedron","Pandora\u0027s Box"],"picked":"Tiny House"}],"items_purged_floors":[21,31],"is_endless":false,"potions_floor_spawned":[1,5,8,16,18,24,33,35,37,42,48],"killed_by":"Awakened One","ascension_level":20}}