{"host":"quagnxip3u93mzqy","time":1608325325,"event":{"mods":["AchievementEnabler","BaseMod","Colored Powertips","Minty Spire (QoL Compilation)","Quick Restart","SuperFastMode"],"gold_per_floor":[119,131,149,168,185,185,211,237,237,237,237,266,266,279,279,379,379,394,406,331,343,114,114,144,163,163,163,262,274,274,274,274,372,372,392,392,412,412,156,156,11,11,38,72,84,114,130,146,146,146,146,146,21,48,48,48],"floor_reached":55,"playtime":4352,"items_purged":["Strike_G","Defend_G","Defend_G"],"score":1025,"play_id":"242d4432-d6eb-448e-bc8b-297959ec4ca8","local_time":"20201218210205","is_ascension_mode":true,"campfire_choices":[{"data":"Footwork","floor":6,"key":"SMITH"},{"floor":13,"key":"REST"},{"floor":15,"key":"REST"},{"floor":23,"key":"REST"},{"floor":27,"key":"REST"},{"floor":32,"key":"REST"},{"floor":40,"key":"REST"},{"floor":49,"key":"RECALL"},{"data":"Neutralize","floor":52,"key":"SMITH"}],"circlet_count":0,"master_deck":["Defend_G","Defend_G","Defend_G","Survivor","Neutralize+1","Backflip","Terror","Footwork+1","Corpse Explosion","Noxious Fumes+1","Dash","Cloak And Dagger","Crippling Poison","All Out Attack","Die Die Die","Dagger Spray","Dodge and Roll+1","Dagger Throw+1","Blur","Deadly Poison","Masterful Stab","Venomology","All Out Attack+1","Impatience","Caltrops+1"],"relics":["Ring of the Snake","Turnip","Odd Mushroom","Pen Nib","InkBottle","Pantograph","Philosopher\u0027s Stone","OrangePellets","Strawberry","Incense Burner","Nilry\u0027s Codex","Busted Crown","Bronze Scales","Anchor","Meat on the Bone","Lantern","Akabeko"],"acts_visited":["Exordium","TheCity","TheBeyond","TheEnding"],"potions_floor_usage":[8,12,24,24,29,33,37,42,44,45,45,46,46,46,46,48,50,54,54,54,55,55],"damage_taken":[{"damage":1,"enemies":"Cultist","floor":1,"turns":4},{"damage":0,"enemies":"Jaw Worm","floor":2,"turns":6},{"damage":0,"enemies":"2 Louse","floor":3,"turns":4},{"damage":2,"enemies":"Blue Slaver","floor":4,"turns":5},{"damage":13,"enemies":"Large Slime","floor":5,"turns":14},{"damage":22,"enemies":"The Mushroom Lair","floor":7,"turns":4},{"damage":0,"enemies":"Lagavulin","floor":8,"turns":7},{"damage":16,"enemies":"Gremlin Nob","floor":12,"turns":5},{"damage":1,"enemies":"Looter","floor":14,"turns":3},{"damage":28,"enemies":"Slime Boss","floor":16,"turns":11},{"damage":18,"enemies":"3 Byrds","floor":18,"turns":2},{"damage":11,"enemies":"Spheric Guardian","floor":19,"turns":5},{"damage":4,"enemies":"Centurion and Healer","floor":21,"turns":6},{"damage":34,"enemies":"Book of Stabbing","floor":24,"turns":8},{"damage":8,"enemies":"Snake Plant","floor":25,"turns":6},{"damage":4,"enemies":"3 Cultists","floor":29,"turns":3},{"damage":18,"enemies":"Champ","floor":33,"turns":12},{"damage":11,"enemies":"3 Shapes","floor":35,"turns":5},{"damage":0,"enemies":"Orb Walker","floor":37,"turns":4},{"damage":0,"enemies":"Writhing Mass","floor":42,"turns":3},{"damage":50,"enemies":"Giant Head","floor":44,"turns":8},{"damage":6,"enemies":"Spire Growth","floor":45,"turns":6},{"damage":10,"enemies":"Reptomancer","floor":46,"turns":5},{"damage":0,"enemies":"Jaw Worm Horde","floor":47,"turns":2},{"damage":2,"enemies":"Transient","floor":48,"turns":5},{"damage":12,"enemies":"Donu and Deca","floor":50,"turns":8},{"damage":29,"enemies":"Shield and Spear","floor":54,"turns":7},{"damage":65,"enemies":"The Heart","floor":55,"turns":5}],"seed_played":"-6042359565727656061","potions_obtained":[{"floor":5,"key":"Strength Potion"},{"floor":7,"key":"SteroidPotion"},{"floor":14,"key":"GamblersBrew"},{"floor":16,"key":"Weak Potion"},{"floor":19,"key":"Swift Potion"},{"floor":21,"key":"Explosive Potion"},{"floor":29,"key":"Poison Potion"},{"floor":33,"key":"SkillPotion"},{"floor":44,"key":"GamblersBrew"},{"floor":45,"key":"DuplicationPotion"},{"floor":46,"key":"SkillPotion"},{"floor":54,"key":"PowerPotion"}],"is_trial":false,"path_per_floor":["M","M","M","M","M","R","?","E","T","?","?","E","R","M","R","B",null,"M","M","?","M","$","R","E","M","T","R","?","M","?","?","R","B",null,"M","?","M","?","$","R","$","M","T","E","M","E","M","M","R","B",null,"R","$","E","B"],"character_chosen":"THE_SILENT","items_purchased":["OrangePellets","Bronze Scales","Anchor"],"campfire_rested":6,"item_purchase_floors":[22,39,41],"current_hp_per_floor":[62,62,62,60,47,47,25,25,25,18,18,2,20,19,37,34,56,38,27,27,23,23,41,14,6,6,27,27,23,23,7,28,35,61,50,50,50,40,40,61,61,61,61,11,17,19,31,41,41,54,66,66,66,37,0,0],"gold":48,"neow_bonus":"ONE_RARE_RELIC","is_daily":false,"chose_seed":false,"campfire_upgraded":2,"win_rate":0.0,"timestamp":1608325325,"path_taken":["M","M","M","M","M","R","?","E","T","?","?","E","R","?","R","BOSS","M","M","?","M","$","R","E","M","T","R","?","M","?","?","R","BOSS","M","?","?","?","$","R","?","M","T","E","M","E","M","M","R","BOSS","R","$","E","BOSS"],"items_purchased_type":["Relic","Relic","Relic"],"build_version":"2020-12-13","purchased_purges":3,"victory":false,"max_hp_per_floor":[63,63,63,63,63,63,63,63,63,63,63,63,63,63,63,63,63,63,63,63,63,63,63,70,70,70,70,70,70,70,70,70,70,70,70,70,70,70,70,70,70,70,70,70,70,70,70,70,70,70,70,70,70,70,70,70],"card_choices":[{"not_picked":["Prepared","Flying Knee"],"picked":"Backflip","floor":1},{"not_picked":["Acrobatics","Reflex"],"picked":"Terror","floor":2},{"not_picked":["PiercingWail","Dodge and Roll"],"picked":"Footwork","floor":3},{"not_picked":["Caltrops","Infinite Blades"],"picked":"Corpse Explosion","floor":4},{"not_picked":["PiercingWail","Bouncing Flask"],"picked":"Noxious Fumes","floor":5},{"not_picked":["Poisoned Stab","Deadly Poison"],"picked":"Dash","floor":7},{"not_picked":["Eviscerate","PiercingWail"],"picked":"Cloak And Dagger","floor":8},{"not_picked":["Flying Knee","Sucker Punch"],"picked":"Crippling Poison","floor":12},{"not_picked":["Dagger Spray","Acrobatics"],"picked":"All Out Attack","floor":14},{"not_picked":["Envenom","Doppelganger"],"picked":"Die Die Die","floor":16},{"not_picked":["Bane","Underhanded Strike"],"picked":"Dagger Spray","floor":18},{"not_picked":["Outmaneuver","Reflex+1"],"picked":"Dodge and Roll+1","floor":19},{"not_picked":["Concentrate","Poisoned Stab"],"picked":"Dagger Throw+1","floor":21},{"not_picked":["Eviscerate","Backflip","Skewer"],"picked":"SKIP","floor":24},{"not_picked":["Quick Slash+1","PiercingWail"],"picked":"Blur","floor":25},{"not_picked":["Dash","Finisher"],"picked":"Deadly Poison","floor":29},{"not_picked":["Slice"],"picked":"SKIP","floor":35},{"not_picked":[],"picked":"All Out Attack+1","floor":37},{"not_picked":[],"picked":"Impatience","floor":38},{"not_picked":["Storm of Steel"],"picked":"SKIP","floor":44},{"not_picked":["Backflip"],"picked":"SKIP","floor":45},{"not_picked":["Underhanded Strike+1"],"picked":"SKIP","floor":46},{"not_picked":["Bane"],"picked":"SKIP","floor":47},{"not_picked":["Bane"],"picked":"SKIP","floor":48},{"not_picked":[],"picked":"Caltrops+1","floor":54}],"player_experience":404974,"relics_obtained":[{"floor":7,"key":"Odd Mushroom"},{"floor":8,"key":"Pen Nib"},{"floor":9,"key":"InkBottle"},{"floor":12,"key":"Pantograph"},{"floor":24,"key":"Strawberry"},{"floor":26,"key":"Incense Burner"},{"floor":31,"key":"Nilry\u0027s Codex"},{"floor":44,"key":"Meat on the Bone"},{"floor":46,"key":"Lantern"},{"floor":54,"key":"Akabeko"}],"event_choices":[{"damage_healed":0,"gold_gain":0,"player_choice":"Fought Mushrooms","damage_taken":0,"max_hp_gain":0,"max_hp_loss":0,"event_name":"Mushrooms","floor":7,"gold_loss":0},{"cards_removed":["Strike_G"],"damage_healed":0,"gold_gain":0,"player_choice":"Card Removal","damage_taken":7,"max_hp_gain":0,"max_hp_loss":0,"event_name":"Golden Wing","floor":10,"gold_loss":0},{"damage_healed":0,"gold_gain":0,"player_choice":"Ignored","damage_taken":0,"max_hp_gain":0,"max_hp_loss":0,"event_name":"Liars Game","floor":11,"gold_loss":0},{"cards_removed":["Strike_G"],"damage_healed":0,"gold_gain":0,"player_choice":"Gave Gold","damage_taken":0,"max_hp_gain":0,"max_hp_loss":0,"event_name":"Beggar","floor":20,"gold_loss":75},{"damage_healed":0,"gold_gain":99,"player_choice":"Stole From Cult","damage_taken":0,"max_hp_gain":0,"max_hp_loss":0,"event_name":"Nest","floor":28,"gold_loss":0},{"damage_healed":0,"gold_gain":0,"cards_transformed":["Strike_G","Strike_G"],"player_choice":"Became Test Subject","damage_taken":0,"max_hp_gain":0,"max_hp_loss":0,"event_name":"Drug Dealer","floor":30,"gold_loss":0,"cards_obtained":["Masterful Stab","Venomology"]},{"damage_healed":0,"gold_gain":0,"player_choice":"Obtained Book","damage_taken":16,"max_hp_gain":0,"max_hp_loss":0,"event_name":"Cursed Tome","floor":31,"gold_loss":0},{"damage_healed":0,"gold_gain":0,"player_choice":"Upgraded","damage_taken":0,"max_hp_gain":0,"max_hp_loss":0,"event_name":"Upgrade Shrine","floor":36,"gold_loss":0,"cards_upgraded":["Noxious Fumes"]},{"damage_healed":0,"gold_gain":0,"player_choice":"Memory 3","damage_taken":10,"max_hp_gain":0,"max_hp_loss":0,"event_name":"SensoryStone","floor":38,"gold_loss":0}],"is_beta":false,"boss_relics":[{"not_picked":["WristBlade","Velvet Choker"],"picked":"Philosopher\u0027s Stone"},{"not_picked":["SacredBark","SlaversCollar"],"picked":"Busted Crown"}],"items_purged_floors":[22,39,53],"is_endless":false,"potions_floor_spawned":[5,7,14,16,19,21,29,33,44,45,46,54],"killed_by":"The Heart","ascension_level":7}}