{"host":"usewcu4ohw2wtmxk","time":1608306083,"event":{"mods":["AchievementEnabler","BaseMod","Colored Powertips","Minty Spire (QoL Compilation)","Permanent Neow","Quick Restart","Relic Stats","StSLib"],"gold_per_floor":[112,125,125,125,50,77,77,90,160,160,173,199,55,71,71,174,174,184,94,108,124,138,173,173,201,201,226,226,242,242,258,258,361,361,376,42,92,92,92,92,125,125,148,148,158,158,46,66,66,66,66,66,13,38,38],"floor_reached":56,"playtime":1835,"items_purged":["Strike_B"],"score":1715,"play_id":"3f40e141-a202-4c9b-a2d3-fe846124c6e0","local_time":"20201218234123","is_ascension_mode":true,"campfire_choices":[{"data":"Sunder","floor":7.0,"key":"SMITH"},{"data":"Streamline","floor":10.0,"key":"SMITH"},{"data":"Dualcast","floor":15.0,"key":"SMITH"},{"data":"Recycle","floor":24.0,"key":"SMITH"},{"floor":28.0,"key":"REST"},{"data":"Skim","floor":30.0,"key":"SMITH"},{"data":"Turbo","floor":32.0,"key":"SMITH"},{"data":"Defragment","floor":40.0,"key":"SMITH"},{"data":"Skim","floor":44.0,"key":"SMITH"},{"floor":46.0,"key":"RECALL"},{"data":"Consume","floor":49.0,"key":"SMITH"},{"data":"Defragment","floor":52.0,"key":"SMITH"}],"circlet_count":0,"master_deck":["AscendersBane","Defend_B","Defend_B","Defend_B","Zap+1","Dualcast+1","Streamline+1","Sunder+1","Skim+1","Glacier","Electrodynamics","Cold Snap","Turbo+1","Recycle+1","Core Surge","Skim+1","Seek","Defragment+1","Heatsinks+1","Defragment+1","Consume+1","Hologram+1","Coolheaded"],"relics":["Cracked Core","NeowsBlessing","Toy Ornithopter","Pocketwatch","Symbiotic Virus","Potion Belt","Happy Flower","Empty Cage","Turnip","Omamori","Singing Bowl","Inserter","Calipers","Shovel","Mercury Hourglass","Bag of Marbles","Vajra"],"acts_visited":["Exordium","TheCity","TheBeyond","TheEnding"],"potions_floor_usage":[55,55,55],"damage_taken":[{"damage":0.0,"enemies":"Cultist","floor":1.0,"turns":1.0},{"damage":0.0,"enemies":"Small Slimes","floor":2.0,"turns":1.0},{"damage":0.0,"enemies":"3 Sentries","floor":6.0,"turns":1.0},{"damage":3.0,"enemies":"2 Louse","floor":8.0,"turns":2.0},{"damage":9.0,"enemies":"Exordium Wildlife","floor":11.0,"turns":2.0},{"damage":8.0,"enemies":"Gremlin Nob","floor":12.0,"turns":3.0},{"damage":0.0,"enemies":"Blue Slaver","floor":14.0,"turns":3.0},{"damage":11.0,"enemies":"The Guardian","floor":16.0,"turns":8.0},{"damage":18.0,"enemies":"2 Thieves","floor":18.0,"turns":3.0},{"damage":4.0,"enemies":"3 Byrds","floor":20.0,"turns":2.0},{"damage":0.0,"enemies":"Snecko","floor":21.0,"turns":3.0},{"damage":0.0,"enemies":"3 Cultists","floor":22.0,"turns":2.0},{"damage":17.0,"enemies":"Slavers","floor":23.0,"turns":2.0},{"damage":1.0,"enemies":"Gremlin Leader","floor":25.0,"turns":6.0},{"damage":18.0,"enemies":"Slavers","floor":27.0,"turns":2.0},{"damage":2.0,"enemies":"Cultist and Chosen","floor":29.0,"turns":6.0},{"damage":10.0,"enemies":"Shelled Parasite and Fungi","floor":31.0,"turns":4.0},{"damage":40.0,"enemies":"Automaton","floor":33.0,"turns":9.0},{"damage":17.0,"enemies":"3 Darklings","floor":35.0,"turns":5.0},{"damage":0.0,"enemies":"Mind Bloom Boss Battle","floor":37.0,"turns":8.0},{"damage":27.0,"enemies":"Reptomancer","floor":41.0,"turns":6.0},{"damage":0.0,"enemies":"Orb Walker","floor":45.0,"turns":3.0},{"damage":4.0,"enemies":"Sphere and 2 Shapes","floor":48.0,"turns":3.0},{"damage":9.0,"enemies":"Donu and Deca","floor":50.0,"turns":9.0},{"damage":21.0,"enemies":"Shield and Spear","floor":54.0,"turns":11.0},{"damage":59,"enemies":"The Heart","floor":55,"turns":12}],"seed_played":"-8482454894998218982","potions_obtained":[{"floor":2.0,"key":"Block Potion"},{"floor":8.0,"key":"FearPotion"},{"floor":12.0,"key":"DuplicationPotion"},{"floor":18.0,"key":"EssenceOfSteel"},{"floor":21.0,"key":"Weak Potion"},{"floor":22.0,"key":"Weak Potion"},{"floor":23.0,"key":"PowerPotion"},{"floor":31.0,"key":"SpeedPotion"},{"floor":37.0,"key":"Dexterity Potion"},{"floor":41.0,"key":"LiquidMemories"},{"floor":45.0,"key":"BlessingOfTheForge"},{"floor":54.0,"key":"BlessingOfTheForge"}],"is_trial":false,"path_per_floor":["M","M","?","?","$","E","R","M","T","R","M","E","$","M","R","B",null,"M","?","M","M","M","E","R","E","T","E","R","M","R","M","R","B",null,"M","$","?","?","?","R","E","?","T","R","M","R","$","M","R","B",null,"R","$","E","B",null],"character_chosen":"DEFECT","items_purchased":["Happy Flower","Defragment","Calipers","Defragment","Consume","Coolheaded"],"campfire_rested":1,"item_purchase_floors":[13,36,36,47,47,53],"current_hp_per_floor":[68,68,61,54,54,54,54,51,51,51,42,39,39,39,39,28,63,45,45,41,41,41,29,29,28,28,17,40,40,40,35,35,10,62,47,47,49,49,45,45,25,80,80,80,80,80,80,76,76,67,77,77,77,61,17],"gold":38,"neow_bonus":"THREE_ENEMY_KILL","is_daily":false,"chose_seed":false,"campfire_upgraded":10,"win_rate":0.0,"timestamp":1608306083,"path_taken":["M","?","?","?","$","E","R","M","T","R","M","E","?","M","R","BOSS","M","?","M","?","M","E","R","E","T","E","R","M","R","M","R","BOSS","M","$","?","?","?","R","E","?","T","R","M","R","?","M","R","BOSS","R","$","E","BOSS"],"items_purchased_type":["Relic","Card","Relic","Card","Card","Card"],"build_version":"2020-12-13","purchased_purges":1,"victory":true,"max_hp_per_floor":[75,75,75,75,75,75,75,75,75,75,75,75,75,75,75,75,75,75,75,75,75,75,75,75,75,75,77,77,79,79,79,79,79,79,81,81,83,83,89,89,91,80,80,80,80,80,80,80,80,80,80,80,80,82,82],"relic_stats":{"Inserter":[28],"Shovel":0,"Happy Flower":[35],"Singing Bowl":18,"counters":[26,117],"Turnip":[9],"obtain_stats":[{"Potion Belt":12,"Inserter":34,"Calipers":36,"NeowsBlessing":0,"Happy Flower":13,"Singing Bowl":27,"Vajra":54,"Omamori":25,"Empty Cage":17,"Mercury Hourglass":41,"Shovel":37,"Turnip":23,"Bag of Marbles":43,"Cracked Core":0,"Symbiotic Virus":9,"Toy Ornithopter":4,"Pocketwatch":6},{"Potion Belt":6,"Inserter":18,"Calipers":19,"NeowsBlessing":0,"Happy Flower":6,"Singing Bowl":15,"Vajra":25,"Omamori":14,"Empty Cage":8,"Mercury Hourglass":21,"Shovel":20,"Turnip":13,"Bag of Marbles":21,"Cracked Core":0,"Symbiotic Virus":4,"Toy Ornithopter":2,"Pocketwatch":3},{"Potion Belt":10,"Inserter":60,"Calipers":65,"NeowsBlessing":0,"Happy Flower":10,"Singing Bowl":41,"Vajra":105,"Omamori":39,"Empty Cage":21,"Mercury Hourglass":79,"Shovel":73,"Turnip":33,"Bag of Marbles":79,"Cracked Core":0,"Symbiotic Virus":5,"Toy Ornithopter":2,"Pocketwatch":3}],"Toy Ornithopter":58,"Pocketwatch":[114],"Mercury Hourglass":[126]},"card_choices":[{"not_picked":["Go for the Eyes","Self Repair"],"picked":"Streamline","floor":1.0},{"not_picked":["Compile Driver","Sweeping Beam","Static Discharge"],"picked":"SKIP","floor":2.0},{"not_picked":["Streamline","Go for the Eyes"],"picked":"Sunder","floor":6.0},{"not_picked":["Compile Driver","Auto Shields"],"picked":"Skim","floor":8.0},{"not_picked":["Gash","Leap","Loop"],"picked":"SKIP","floor":11.0},{"not_picked":["Sunder","Seek"],"picked":"Glacier","floor":12.0},{"not_picked":["Steam","Static Discharge","Lockon"],"picked":"SKIP","floor":14.0},{"not_picked":["Biased Cognition","Buffer"],"picked":"Electrodynamics","floor":16.0},{"not_picked":["Go for the Eyes","Storm"],"picked":"Cold Snap","floor":18.0},{"not_picked":["Redo","Go for the Eyes","Storm+1"],"picked":"SKIP","floor":20.0},{"not_picked":["Streamline","Sunder"],"picked":"Turbo","floor":21.0},{"not_picked":["Melter","Sweeping Beam+1"],"picked":"Recycle","floor":22.0},{"not_picked":["Barrage","Capacitor","Conserve Battery"],"picked":"SKIP","floor":23.0},{"not_picked":["Barrage","Capacitor","Conserve Battery"],"picked":"SKIP","floor":23.0},{"not_picked":["Turbo","Leap"],"picked":"Core Surge","floor":25.0},{"not_picked":["Leap","Compile Driver","Storm"],"picked":"Singing Bowl","floor":27.0},{"not_picked":["Conserve Battery+1","Static Discharge","Stack+1"],"picked":"Singing Bowl","floor":29.0},{"not_picked":["Steam","Redo+1"],"picked":"Skim","floor":31.0},{"not_picked":["Multi-Cast","Fission"],"picked":"Seek","floor":33.0},{"not_picked":["Beam Cell+1","Melter+1","Redo+1"],"picked":"Singing Bowl","floor":35.0},{"not_picked":["Sweeping Beam","Gash+1","Turbo+1"],"picked":"Singing Bowl","floor":37.0},{"not_picked":["Jack Of All Trades","Swift Strike","Dramatic Entrance"],"picked":"Singing Bowl","floor":39.0},{"not_picked":["Impatience","Mind Blast","Forethought"],"picked":"Singing Bowl","floor":39.0},{"not_picked":["PanicButton","Transmutation","Purity"],"picked":"Singing Bowl","floor":39.0},{"not_picked":["Sweeping Beam+1","Buffer","Stack"],"picked":"Singing Bowl","floor":41.0},{"not_picked":["White Noise","Gash+1"],"picked":"Heatsinks+1","floor":45.0},{"not_picked":["Stack","Loop+1"],"picked":"Hologram+1","floor":48.0},{"not_picked":["Sunder+1","Aggregate+1","Rainbow"],"picked":"Singing Bowl","floor":54.0}],"player_experience":209152,"relics_obtained":[{"floor":6.0,"key":"Pocketwatch"},{"floor":9.0,"key":"Symbiotic Virus"},{"floor":12.0,"key":"Potion Belt"},{"floor":23.0,"key":"Turnip"},{"floor":25.0,"key":"Omamori"},{"floor":27.0,"key":"Singing Bowl"},{"floor":37.0,"key":"Shovel"},{"floor":41.0,"key":"Mercury Hourglass"},{"floor":43.0,"key":"Bag of Marbles"},{"floor":54.0,"key":"Vajra"}],"event_choices":[{"cards_removed":["Strike_B"],"damage_healed":0.0,"max_hp_gain":0.0,"max_hp_loss":0.0,"gold_gain":0.0,"event_name":"Golden Wing","player_choice":"Card Removal","floor":3.0,"gold_loss":0.0,"damage_taken":7.0},{"damage_healed":0.0,"max_hp_gain":0.0,"max_hp_loss":0.0,"gold_gain":0.0,"event_name":"Scrap Ooze","player_choice":"Success","floor":4.0,"gold_loss":0.0,"damage_taken":7.0,"relics_obtained":["Toy Ornithopter"]},{"cards_removed":["Defend_B"],"damage_healed":0.0,"max_hp_gain":0.0,"max_hp_loss":0.0,"gold_gain":0.0,"event_name":"Designer","player_choice":"Upgrade and Remove","floor":19.0,"gold_loss":90.0,"damage_taken":0.0,"cards_upgraded":["Zap"]},{"damage_healed":0.0,"max_hp_gain":0.0,"max_hp_loss":0.0,"gold_gain":0.0,"event_name":"MindBloom","player_choice":"Fight","floor":37.0,"gold_loss":0.0,"damage_taken":0.0},{"damage_healed":0.0,"max_hp_gain":0.0,"max_hp_loss":0.0,"gold_gain":0.0,"event_name":"Tomb of Lord Red Mask","player_choice":"Ignored","floor":38.0,"gold_loss":0.0,"damage_taken":0.0},{"damage_healed":0.0,"max_hp_gain":0.0,"max_hp_loss":0.0,"gold_gain":0.0,"event_name":"SensoryStone","player_choice":"Memory 3","floor":39.0,"gold_loss":0.0,"damage_taken":10.0},{"damage_healed":80.0,"max_hp_gain":0.0,"max_hp_loss":11.0,"gold_gain":0.0,"event_name":"The Moai Head","player_choice":"Heal","floor":42.0,"gold_loss":0.0,"damage_taken":0.0}],"is_beta":false,"boss_relics":[{"not_picked":["Cursed Key","Velvet Choker"],"picked":"Empty Cage"},{"not_picked":["SlaversCollar","Busted Crown"],"picked":"Inserter"}],"items_purged_floors":[5],"is_endless":false,"potions_floor_spawned":[2,8,12,18,21,22,23,31,37,41,45,54],"ascension_level":10}}