{"host":"5bdt6s51dmpd4l3v","time":1608274018,"event":{"mods":["AchievementEnabler","BaseMod","Colored Map","Colored Powertips","Highlight Path","Marisa£®ÏF”Í°°ƒß¿Ì…≥£©","Minty Spire (QoL Compilation)","Rare Cards Sparkle","StSLib"],"gold_per_floor":[115,190,42,42,53,82,82,23,23,23,37,54,79,96,96,192,192],"floor_reached":16,"playtime":606,"items_purged":[],"score":185,"play_id":"f5800c5e-88c5-4b8f-8563-bfb7451098ce","local_time":"20201218144658","is_ascension_mode":false,"campfire_choices":[{"data":"PowerUp","floor":7,"key":"SMITH"},{"data":"PowerUp","floor":10,"key":"SMITH"},{"floor":15,"key":"REST"}],"circlet_count":0,"master_deck":["Strike_MRS","Strike_MRS","Strike_MRS","Strike_MRS","Defend_MRS","Defend_MRS","Defend_MRS","Defend_MRS","MasterSpark","UpSweep","SporeBomb","PowerUp+1","LuminesStrike","EnergyFlow","PowerUp+1","NonDirectionalLaser","AbsoluteMagnitude","GalacticHalo","ChargingUp","AsteroidBelt"],"relics":["MiniHakkero","NeowsBlessing","PreservedInsect","Oddly Smooth Stone","Toy Ornithopter","Bird Faced Urn"],"acts_visited":["Exordium"],"potions_floor_usage":[13],"damage_taken":[{"damage":0,"enemies":"Cultist","floor":1,"turns":1},{"damage":0,"enemies":"Small Slimes","floor":5,"turns":1},{"damage":0,"enemies":"Lagavulin","floor":6,"turns":1},{"damage":8,"enemies":"2 Louse","floor":11,"turns":3},{"damage":21,"enemies":"Exordium Thugs","floor":12,"turns":4},{"damage":9,"enemies":"3 Sentries","floor":13,"turns":3},{"damage":20,"enemies":"Looter","floor":14,"turns":3},{"damage":27,"enemies":"Slime Boss","floor":16,"turns":6}],"seed_played":"8585243479158103470","potions_obtained":[{"floor":5,"key":"FairyPotion"},{"floor":12,"key":"SteroidPotion"}],"is_trial":false,"path_per_floor":["M","?","$","?","M","E","R","?","T","R","M","M","E","M","R","B"],"character_chosen":"MARISA","items_purchased":["PowerUp","LuminesStrike","EnergyFlow"],"campfire_rested":1,"item_purchase_floors":[3,3,3],"current_hp_per_floor":[75,64,64,64,64,64,64,64,64,64,56,35,31,11,33,8,8],"gold":192,"neow_bonus":"THREE_ENEMY_KILL","is_daily":false,"chose_seed":false,"campfire_upgraded":2,"win_rate":0.0,"timestamp":1608274018,"path_taken":["M","?","$","?","M","E","R","?","T","R","M","M","E","M","R","BOSS"],"items_purchased_type":["Card","Card","Card"],"build_version":"2020-12-13","purchased_purges":0,"victory":false,"max_hp_per_floor":[75,75,75,75,75,75,75,75,75,75,75,75,75,75,75,75,75],"card_choices":[{"not_picked":["MysteriousBeam","MilkyWay"],"picked":"SporeBomb","floor":1},{"not_picked":["ShootingEcho","WitchLeyline"],"picked":"PowerUp","floor":5},{"not_picked":["LuminesStrike","WitchLeyline"],"picked":"NonDirectionalLaser","floor":6},{"not_picked":["DoubleSpark","UnstableBomb"],"picked":"AbsoluteMagnitude","floor":11},{"not_picked":["GrandCross","ShootingEcho"],"picked":"GalacticHalo","floor":12},{"not_picked":["NonDirectionalLaser","GravityBeat"],"picked":"ChargingUp","floor":13},{"not_picked":["MilkyWay","PropBag"],"picked":"AsteroidBelt","floor":14}],"player_experience":130138,"relics_obtained":[{"floor":6,"key":"PreservedInsect"},{"floor":9,"key":"Toy Ornithopter"},{"floor":13,"key":"Bird Faced Urn"}],"event_choices":[{"damage_healed":0,"gold_gain":75,"player_choice":"Gather Gold","damage_taken":11,"max_hp_gain":0,"max_hp_loss":0,"event_name":"World of Goop","floor":2,"gold_loss":0},{"damage_healed":0,"gold_gain":0,"player_choice":"Leave","damage_taken":0,"max_hp_gain":0,"max_hp_loss":0,"event_name":"The Cleric","floor":4,"gold_loss":0},{"damage_healed":0,"gold_gain":0,"player_choice":"Paid Gold","damage_taken":0,"relics_obtained":["Oddly Smooth Stone"],"max_hp_gain":0,"max_hp_loss":0,"event_name":"WeMeetAgain","floor":8,"gold_loss":59}],"is_beta":false,"boss_relics":[],"items_purged_floors":[],"is_endless":false,"potions_floor_spawned":[5,12],"killed_by":"Slime Boss","ascension_level":0}}