{"host":"z60ck2mpr6goyib8","time":1608287032,"event":{"mods":["BaseMod","Best Route Mod","Bestiary","Better Third Choice","Block Reminder","Colored Map","Colored Powertips","Googly Eyes","Minty Spire (QoL Compilation)","Quick Restart","Relic Stats","Slay-I","StSLib","everything is the same but u backflip on backflip"],"gold_per_floor":[117,137,137,23,98,98,125,125,179,354,371,10,36,53,53,158,158,178,197,212,229,247,247,247,247,272,284,284,284],"floor_reached":28,"playtime":852,"items_purged":["Regret","Doubt"],"score":383,"play_id":"e2cd72a5-8709-4e9f-9106-dff6ec3a2add","local_time":"20201218102352","is_ascension_mode":true,"campfire_choices":[{"data":"Disarm","floor":6.0,"key":"SMITH"},{"data":"Rupture","floor":8.0,"key":"SMITH"},{"data":"True Grit","floor":15.0,"key":"SMITH"},{"data":"Demon Form","floor":23,"key":"SMITH"}],"circlet_count":0,"master_deck":["AscendersBane","Strike_R","Strike_R","Strike_R","Strike_R","Strike_R","Defend_R+1","Defend_R+1","Defend_R","Defend_R","Bash","Disarm+1","Dropkick","Rupture+1","Combust","Warcry","Demon Form+1","True Grit+1","Reaper","Seeing Red","Flame Barrier+1","Warcry","Flame Barrier","Decay","Insight","Disarm+1"],"relics":["Burning Blood","NeowsBlessing","Unceasing Top","War Paint","Oddly Smooth Stone","Mercury Hourglass","Tiny Chest","Philosopher\u0027s Stone","Vajra"],"acts_visited":["Exordium","TheCity"],"potions_floor_usage":[28,28],"damage_taken":[{"damage":0.0,"enemies":"Jaw Worm","floor":1.0,"turns":1.0},{"damage":0.0,"enemies":"Small Slimes","floor":2.0,"turns":1.0},{"damage":0.0,"enemies":"3 Sentries","floor":7.0,"turns":2.0},{"damage":9.0,"enemies":"2 Louse","floor":11.0,"turns":3.0},{"damage":27.0,"enemies":"Lagavulin","floor":13.0,"turns":5.0},{"damage":21.0,"enemies":"Looter","floor":14.0,"turns":4.0},{"damage":16.0,"enemies":"Hexaghost","floor":16.0,"turns":7.0},{"damage":30.0,"enemies":"Spheric Guardian","floor":18.0,"turns":5.0},{"damage":45.0,"enemies":"2 Thieves","floor":19.0,"turns":5.0},{"damage":40.0,"enemies":"Shelled Parasite and Fungi","floor":20.0,"turns":7.0},{"damage":16,"enemies":"Snecko","floor":21,"turns":5},{"damage":16,"enemies":"Centurion and Healer","floor":22,"turns":7},{"damage":14,"enemies":"Snake Plant","floor":27,"turns":5},{"damage":11,"enemies":"Sentry and Sphere","floor":28,"turns":3}],"seed_played":"-853389435555142272","potions_obtained":[{"floor":1.0,"key":"SteroidPotion"},{"floor":16.0,"key":"Regen Potion"},{"floor":18.0,"key":"LiquidMemories"},{"floor":19.0,"key":"LiquidBronze"},{"floor":21,"key":"Energy Potion"},{"floor":27,"key":"DistilledChaos"}],"is_trial":false,"path_per_floor":["M","M","?","$","?","R","E","R","T","?","M","$","E","M","R","B",null,"M","M","M","M","M","R","?","?","T","M","M"],"character_chosen":"IRONCLAD","items_purchased":["Rupture","Mercury Hourglass"],"campfire_rested":0,"item_purchase_floors":[4,12],"current_hp_per_floor":[78,80,80,80,69,69,75,75,75,75,72,72,51,36,36,26,67,49,18,11,13,15,15,15,15,15,7,0,0],"gold":284,"neow_bonus":"THREE_ENEMY_KILL","is_daily":false,"chose_seed":false,"campfire_upgraded":4,"win_rate":0.0,"timestamp":1608287032,"path_taken":["M","M","?","$","?","R","E","R","T","?","?","$","E","M","R","BOSS","M","M","M","M","M","R","?","?","T","M","M"],"items_purchased_type":["Card","Relic"],"build_version":"2020-12-13","purchased_purges":2,"victory":false,"max_hp_per_floor":[80,80,80,80,80,80,80,80,80,80,80,80,80,80,80,80,80,80,80,80,80,80,80,80,80,80,80,80,80],"relic_stats":{"counters":[14,59],"Tiny Chest":0,"War Paint":["Defend_R","Defend_R"],"obtain_stats":[{"NeowsBlessing":0,"Oddly Smooth Stone":9,"Vajra":26,"Tiny Chest":13,"Philosopher\u0027s Stone":17,"War Paint":7,"Burning Blood":0,"Unceasing Top":3,"Mercury Hourglass":12},{"NeowsBlessing":0,"Oddly Smooth Stone":3,"Vajra":12,"Tiny Chest":5,"Philosopher\u0027s Stone":7,"War Paint":3,"Burning Blood":0,"Unceasing Top":2,"Mercury Hourglass":4},{"NeowsBlessing":0,"Oddly Smooth Stone":4,"Vajra":51,"Tiny Chest":12,"Philosopher\u0027s Stone":22,"War Paint":4,"Burning Blood":0,"Unceasing Top":2,"Mercury Hourglass":7}],"Burning Blood":74,"Unceasing Top":[3],"Mercury Hourglass":[149]},"card_choices":[{"not_picked":["Sword Boomerang","Infernal Blade"],"picked":"Disarm","floor":1.0},{"not_picked":["Warcry","Uppercut"],"picked":"Dropkick","floor":2.0},{"not_picked":["Clothesline","Hemokinesis"],"picked":"Combust","floor":7.0},{"not_picked":["Cleave","Rampage"],"picked":"Warcry","floor":11.0},{"not_picked":["Havoc","Reckless Charge"],"picked":"Demon Form","floor":13.0},{"not_picked":["Heavy Blade","Sentinel"],"picked":"True Grit","floor":14.0},{"not_picked":["Feed","Exhume"],"picked":"Reaper","floor":16.0},{"not_picked":["Twin Strike","Pommel Strike"],"picked":"Seeing Red","floor":18.0},{"not_picked":["Dual Wield","Wild Strike"],"picked":"Flame Barrier+1","floor":19.0},{"not_picked":["Searing Blow","Rampage"],"picked":"Warcry","floor":20.0},{"not_picked":["Rupture","Searing Blow"],"picked":"Flame Barrier","floor":21},{"not_picked":["Headbutt","Iron Wave","Pommel Strike+1"],"picked":"SKIP","floor":22},{"not_picked":["Havoc","Wild Strike"],"picked":"Disarm+1","floor":27}],"player_experience":498505,"relics_obtained":[{"floor":7.0,"key":"War Paint"},{"floor":9.0,"key":"Oddly Smooth Stone"},{"floor":13.0,"key":"Tiny Chest"},{"floor":26,"key":"Vajra"}],"event_choices":[{"damage_healed":0.0,"max_hp_gain":0.0,"max_hp_loss":0.0,"gold_gain":0.0,"event_name":"Big Fish","player_choice":"Box","floor":3.0,"gold_loss":0.0,"damage_taken":0.0,"relics_obtained":["Unceasing Top"],"cards_obtained":["Regret"]},{"damage_healed":0.0,"max_hp_gain":0.0,"max_hp_loss":0.0,"gold_gain":75.0,"event_name":"betterThird:BetterGoop","player_choice":"Gold","floor":5.0,"gold_loss":0.0,"damage_taken":11.0},{"damage_healed":0.0,"max_hp_gain":0.0,"max_hp_loss":0.0,"gold_gain":175.0,"event_name":"betterThird:BetterSerpent","player_choice":"AGREE","floor":10.0,"gold_loss":0.0,"damage_taken":179.0},{"damage_healed":0,"gold_gain":0,"player_choice":"Smashed Altar","damage_taken":0,"max_hp_gain":0,"max_hp_loss":0,"event_name":"Forgotten Altar","floor":24,"gold_loss":0,"cards_obtained":["Decay"]},{"damage_healed":0,"gold_gain":0,"player_choice":"Insight","damage_taken":0,"max_hp_gain":0,"max_hp_loss":0,"event_name":"betterThird:BetterWriting","floor":25,"gold_loss":0,"cards_obtained":["Insight"]}],"is_beta":false,"boss_relics":[{"not_picked":["Pandora\u0027s Box","Tiny House"],"picked":"Philosopher\u0027s Stone"}],"items_purged_floors":[4,12],"is_endless":false,"potions_floor_spawned":[1,16,18,19,21,27],"killed_by":"Sentry and Sphere","ascension_level":10}}