{"host":"kav75jn2167pb2t0","time":1608320353,"event":{"mods":["AchievementEnabler","BaseMod","Colored Map","Colored Powertips","FTL Soundtrack","Minty Spire (QoL Compilation)","Quick Restart","StSLib","SuperFastMode"],"gold_per_floor":[111,111,130,144,155,155,174,174,174],"floor_reached":8,"playtime":306,"items_purged":[],"score":100,"play_id":"f8fd3812-7c93-42a6-a302-3734f6455db4","local_time":"20201218143913","is_ascension_mode":true,"campfire_choices":[{"data":"Footwork","floor":6.0,"key":"SMITH"}],"circlet_count":0,"master_deck":["AscendersBane","Strike_G","Strike_G","Strike_G","Strike_G","Strike_G","Defend_G","Defend_G","Defend_G","Defend_G","Defend_G","Survivor","Neutralize+1","Blade Dance","PiercingWail","Footwork+1","Footwork"],"relics":["Ring of the Snake","NeowsBlessing"],"acts_visited":["Exordium"],"potions_floor_usage":[8],"damage_taken":[{"damage":0.0,"enemies":"Jaw Worm","floor":1.0,"turns":1.0},{"damage":0.0,"enemies":"Cultist","floor":3.0,"turns":1.0},{"damage":0.0,"enemies":"2 Louse","floor":4.0,"turns":1.0},{"damage":6.0,"enemies":"Large Slime","floor":5.0,"turns":10.0},{"damage":0.0,"enemies":"3 Louse","floor":7.0,"turns":6.0},{"damage":61,"enemies":"Lagavulin","floor":8,"turns":12}],"seed_played":"-4003717774883909807","potions_obtained":[{"floor":3.0,"key":"EssenceOfSteel"},{"floor":4.0,"key":"SteroidPotion"}],"is_trial":false,"path_per_floor":["M","?","M","M","M","R","M","E"],"character_chosen":"THE_SILENT","items_purchased":[],"campfire_rested":0,"item_purchase_floors":[],"current_hp_per_floor":[59,59,59,59,53,53,53,0,0],"gold":174,"neow_bonus":"THREE_ENEMY_KILL","is_daily":false,"chose_seed":false,"campfire_upgraded":1,"win_rate":0.0,"timestamp":1608320353,"path_taken":["M","?","?","M","M","R","M","E"],"items_purchased_type":[],"build_version":"2020-12-13","purchased_purges":0,"victory":false,"max_hp_per_floor":[66,66,66,66,66,66,66,66,66],"card_choices":[{"not_picked":["Dagger Spray","Prepared","Leg Sweep"],"picked":"SKIP","floor":1.0},{"not_picked":["Flechettes","Crippling Poison"],"picked":"Blade Dance","floor":3.0},{"not_picked":["Distraction","Deadly Poison"],"picked":"PiercingWail","floor":4.0},{"not_picked":["Dagger Spray","Caltrops"],"picked":"Footwork","floor":5.0},{"not_picked":["Infinite Blades","Acrobatics"],"picked":"Footwork","floor":7.0}],"player_experience":560257,"relics_obtained":[],"event_choices":[{"damage_healed":0.0,"max_hp_gain":0.0,"max_hp_loss":0.0,"gold_gain":0.0,"event_name":"Accursed Blacksmith","player_choice":"Forge","floor":2.0,"gold_loss":0.0,"damage_taken":0.0,"cards_upgraded":["Neutralize"]}],"is_beta":false,"boss_relics":[],"items_purged_floors":[],"is_endless":false,"potions_floor_spawned":[3,4],"killed_by":"Lagavulin","ascension_level":20}}