{"host":"r6jigiblrojhp6xe","time":1608262765,"event":{"mods":["AchievementEnabler","BaseMod","DeckTracker","Minty Spire (QoL Compilation)","Quick Restart","Rare Cards Sparkle","Relic Stats","StSLib","SuperFastMode","everything is the same but u backflip on backflip"],"gold_per_floor":[110,33,52,52,52,81,81,113,138,138,49,59,59,87,87,165,165,176,226,243,223,240,240,240],"floor_reached":23,"playtime":430,"items_purged":[],"score":464,"play_id":"b8eab5ed-ceca-4808-976d-c9b478f49417","local_time":"20201218123925","is_ascension_mode":true,"campfire_choices":[{"data":"Loop","floor":10,"key":"SMITH"},{"data":"Turbo","floor":15,"key":"SMITH"}],"circlet_count":0,"master_deck":["AscendersBane","Strike_B","Strike_B","Strike_B","Defend_B","Defend_B","Defend_B","Defend_B","Zap","Dualcast","Chill","Loop+1","Conserve Battery","Barrage+1","Rip and Tear+1","Turbo+1","Meteor Strike+1","Stack","Coolheaded"],"relics":["Cracked Core","NeowsBlessing","Tiny Chest","Molten Egg 2","Darkstone Periapt","Bronze Scales","Strawberry","Bag of Preparation","Fusion Hammer"],"acts_visited":["Exordium","TheCity"],"potions_floor_usage":[8,14,16,23,23],"damage_taken":[{"damage":0,"enemies":"2 Louse","floor":1,"turns":1},{"damage":0,"enemies":"Cultist","floor":3,"turns":1},{"damage":0,"enemies":"Lagavulin","floor":6,"turns":1},{"damage":5,"enemies":"3 Sentries","floor":8,"turns":3},{"damage":0,"enemies":"Small Slimes","floor":12,"turns":2},{"damage":19,"enemies":"Lagavulin","floor":14,"turns":5},{"damage":8,"enemies":"Hexaghost","floor":16,"turns":8},{"damage":10,"enemies":"Chosen","floor":18,"turns":4},{"damage":0,"enemies":"3 Byrds","floor":20,"turns":3},{"damage":19,"enemies":"Snake Plant","floor":22,"turns":3},{"damage":50,"enemies":"Gremlin Leader","floor":23,"turns":4}],"seed_played":"-5890253612137302686","potions_obtained":[{"floor":1,"key":"SneckoOil"},{"floor":3,"key":"ColorlessPotion"},{"floor":7,"key":"EntropicBrew"},{"floor":16,"key":"Regen Potion"}],"is_trial":false,"path_per_floor":["M","$","M","?","?","E","?","E","T","R","$","M","T","E","R","B",null,"M","?","M","?","M","E"],"character_chosen":"DEFECT","items_purchased":["Loop","Rip and Tear+1"],"campfire_rested":0,"item_purchase_floors":[2,11],"current_hp_per_floor":[64,64,64,53,46,46,46,41,41,41,41,41,48,29,29,21,64,54,54,54,54,35,0,0],"gold":240,"neow_bonus":"THREE_ENEMY_KILL","is_daily":false,"chose_seed":false,"campfire_upgraded":2,"win_rate":0.0,"timestamp":1608262765,"path_taken":["M","$","M","?","?","E","?","E","T","R","$","?","?","E","R","BOSS","M","?","M","?","?","E"],"items_purchased_type":["Card","Card"],"build_version":"2020-12-13","purchased_purges":0,"victory":false,"max_hp_per_floor":[71,71,71,71,71,71,71,71,71,71,71,71,78,78,78,78,78,78,78,78,78,78,78,78],"relic_stats":{"Darkstone Periapt":0,"counters":[11,35],"Bronze Scales":[126],"Tiny Chest":1,"Bag of Preparation":[10],"obtain_stats":[{"Darkstone Periapt":8,"NeowsBlessing":0,"Bronze Scales":9,"Strawberry":13,"Tiny Chest":4,"Molten Egg 2":6,"Fusion Hammer":17,"Bag of Preparation":14,"Cracked Core":0},{"Darkstone Periapt":4,"NeowsBlessing":0,"Bronze Scales":4,"Strawberry":5,"Tiny Chest":2,"Molten Egg 2":3,"Fusion Hammer":7,"Bag of Preparation":6,"Cracked Core":0},{"Darkstone Periapt":6,"NeowsBlessing":0,"Bronze Scales":6,"Strawberry":8,"Tiny Chest":2,"Molten Egg 2":3,"Fusion Hammer":21,"Bag of Preparation":13,"Cracked Core":0}]},"card_choices":[{"not_picked":["Rebound","Fusion"],"picked":"Chill","floor":1},{"not_picked":["Loop","Consume"],"picked":"Conserve Battery","floor":3},{"not_picked":["White Noise","Hello World"],"picked":"Barrage+1","floor":6},{"not_picked":["Leap","Barrage+1","Conserve Battery"],"picked":"SKIP","floor":8},{"not_picked":["Barrage+1","Redo","Fission"],"picked":"SKIP","floor":12},{"not_picked":["Hologram","Sweeping Beam+1"],"picked":"Turbo","floor":14},{"not_picked":["Rainbow","Amplify"],"picked":"Meteor Strike+1","floor":16},{"not_picked":["Ball Lightning+1","Conserve Battery"],"picked":"Stack","floor":18},{"not_picked":["Doom and Gloom+1","Reinforced Body","Blizzard+1"],"picked":"SKIP","floor":20},{"not_picked":["Rip and Tear+1","Tempest"],"picked":"Coolheaded","floor":22}],"player_experience":499197,"relics_obtained":[{"floor":6,"key":"Molten Egg 2"},{"floor":8,"key":"Darkstone Periapt"},{"floor":9,"key":"Bronze Scales"},{"floor":13,"key":"Strawberry"},{"floor":14,"key":"Bag of Preparation"}],"event_choices":[{"damage_healed":0,"gold_gain":0,"player_choice":"Success","damage_taken":11,"relics_obtained":["Tiny Chest"],"max_hp_gain":0,"max_hp_loss":0,"event_name":"Scrap Ooze","floor":4,"gold_loss":0},{"cards_removed":["Strike_B"],"damage_healed":0,"gold_gain":0,"player_choice":"Card Removal","damage_taken":7,"max_hp_gain":0,"max_hp_loss":0,"event_name":"Golden Wing","floor":5,"gold_loss":0},{"damage_healed":0,"gold_gain":0,"player_choice":"Got Potions","damage_taken":0,"max_hp_gain":0,"max_hp_loss":0,"event_name":"Lab","floor":7,"gold_loss":0},{"damage_healed":0,"gold_gain":50,"player_choice":"Stole From Cult","damage_taken":0,"max_hp_gain":0,"max_hp_loss":0,"event_name":"Nest","floor":19,"gold_loss":0},{"damage_healed":0,"gold_gain":0,"player_choice":"Bought 1 Potion","damage_taken":0,"max_hp_gain":0,"max_hp_loss":0,"event_name":"The Woman in Blue","floor":21,"gold_loss":0}],"is_beta":false,"boss_relics":[{"not_picked":["Black Star","Busted Crown"],"picked":"Fusion Hammer"}],"items_purged_floors":[],"is_endless":false,"potions_floor_spawned":[1,3,14,16,18],"killed_by":"Gremlin Leader","ascension_level":20}}