{"host":"6p0attdrtjqaih7v","time":1608286161,"event":{"mods":["2.2 Compatiblity","AchievementEnabler","Bard","BaseMod","Better Skull","Better Third Choice","Colored Powertips","Hermit","Highlight Path","Jorbs\u0027s Wanderer Trilogy","Key Reminder","Minty Spire (QoL Compilation)","Permanent Neow","Quick Restart","Random Character Button","Relic Stats","Replay The Spire","StSLib","The Construct"],"gold_per_floor":[114,128,128,147,161,186,186,211,211,311,344,344,2,13,13,91,91,102,115,65,65,65,65,85,98,98,98,98,98,123,135,135,212,212,228,253,271,348,20,20,35,67,113,130,162,173,173,185,185,185],"floor_reached":51,"playtime":2609,"items_purged":["bard:Strike","bard:Strike"],"score":1241,"play_id":"0dd2cd41-b71a-41c3-8cc4-2fbfe148f3c0","local_time":"20201218050921","is_ascension_mode":true,"campfire_choices":[{"floor":7,"key":"REST"},{"data":"bard:Doot","floor":12,"key":"SMITH"},{"floor":15,"key":"REST"},{"floor":23,"key":"REST"},{"data":"bard:SplendidForm","floor":27,"key":"SMITH"},{"floor":29,"key":"REST"},{"data":"bard:Haste","floor":32,"key":"SMITH"},{"floor":40,"key":"REST"},{"floor":47,"key":"REST"},{"floor":49,"key":"REST"}],"circlet_count":0,"master_deck":["AscendersBane","bard:Strike","bard:Strike","bard:Defend+1","bard:Defend+1","bard:Defend+1","bard:Defend+1","bard:Riposte","bard:Inspire+1","bard:Thunderwave","bard:GreaterMagicWeapon","bard:LingeringEcho","bard:ViciousMockery","bard:Balestra+1","bard:Doot+1","bard:Shifting+1","bard:SplendidForm+1","bard:Parry+1","bard:ThickOfTheFight+1","bard:Haste+1","bard:Flourish+1","bard:Shifting+1","bard:HideousLaughter+1","Impatience","bard:Flourish+1","Pot Of Greed","Pot Of Greed","Pot Of Greed"],"relics":["bard:PitchPipe","bard:BagPipes","Smiling Mask","Replay:Wax Seal","Molten Egg 2","bard:EchoChamber","OrangePellets","Anchor","construct:WeddingRing","Nilry\u0027s Codex","Bottled Tornado","StrikeDummy","Fusion Hammer","Replay:Towering Pillar of Hats","Omamori","Replay:Bottled Eggs","Grinning Jar","Oddly Smooth Stone","Shovel"],"acts_visited":["Exordium","TheCity","TheBeyond"],"potions_floor_usage":[8,11,11,25,30,50,50],"damage_taken":[{"damage":8,"enemies":"Small Slimes","floor":1,"turns":4},{"damage":10,"enemies":"2 Louse","floor":2,"turns":3},{"damage":2,"enemies":"Cultist","floor":4,"turns":3},{"damage":7,"enemies":"2 Fungi Beasts","floor":5,"turns":4},{"damage":23,"enemies":"Lagavulin","floor":6,"turns":6},{"damage":8,"enemies":"Gremlin Nob","floor":8,"turns":4},{"damage":12,"enemies":"3 Sentries","floor":11,"turns":5},{"damage":0,"enemies":"Looter","floor":14,"turns":3},{"damage":8,"enemies":"Hexaghost","floor":16,"turns":9},{"damage":0,"enemies":"Chosen","floor":18,"turns":3},{"damage":18,"enemies":"2 Thieves","floor":19,"turns":4},{"damage":13,"enemies":"Snecko","floor":24,"turns":6},{"damage":2,"enemies":"3 Cultists","floor":25,"turns":5},{"damage":2,"enemies":"Gremlin Leader","floor":30,"turns":5},{"damage":8,"enemies":"Sentry and Sphere","floor":31,"turns":4},{"damage":4,"enemies":"Champ","floor":33,"turns":9},{"damage":0,"enemies":"3 Shapes","floor":35,"turns":5},{"damage":0,"enemies":"Mind Bloom Boss Battle","floor":36,"turns":3},{"damage":10,"enemies":"3 Darklings","floor":37,"turns":3},{"damage":0,"enemies":"Jaw Worm Horde","floor":41,"turns":3},{"damage":7,"enemies":"Nemesis","floor":42,"turns":5},{"damage":10,"enemies":"Sphere and 2 Shapes","floor":44,"turns":4},{"damage":5,"enemies":"Giant Head","floor":45,"turns":5},{"damage":0,"enemies":"Writhing Mass","floor":46,"turns":5},{"damage":0,"enemies":"Jaw Worm Horde","floor":48,"turns":3},{"damage":12,"enemies":"Donu and Deca","floor":50,"turns":7}],"seed_played":"8499954793511431673","potions_obtained":[{"floor":2,"key":"LifebloodPotion"},{"floor":5,"key":"SkillPotion"},{"floor":8,"key":"Toxic Potion"},{"floor":16,"key":"Adrenaline Potion"},{"floor":24,"key":"LiquidMemories"},{"floor":25,"key":"Swift Potion"},{"floor":31,"key":"Ancient Potion"}],"is_trial":false,"path_per_floor":["M","M","?","M","M","E","R","E","T","?","E","R","$","M","R","B",null,"M","M","$","?","?","R","M","M","T","R","?","R","E","M","R","B",null,"M","?","M","?","$","R","M","E","T","M","E","M","R","M","R","B",null],"character_chosen":"BARD","items_purchased":["OrangePellets","Anchor","Replay:Bottled Eggs","Impatience"],"campfire_rested":7,"item_purchase_floors":[13,13,39,39],"current_hp_per_floor":[55,45,45,43,36,13,34,26,26,26,14,14,14,14,35,27,59,59,41,41,25,12,34,21,19,19,19,19,41,39,31,31,27,63,63,63,53,35,35,57,57,50,50,40,35,35,57,57,75,63],"gold":185,"neow_bonus":"UPGRADE_CARD","is_daily":false,"chose_seed":false,"campfire_upgraded":3,"win_rate":0.0,"timestamp":1608286161,"path_taken":["M","M","?","M","M","E","R","E","T","?","E","R","$","?","R","BOSS","M","M","$","?","?","R","M","M","T","R","?","R","E","?","R","BOSS","M","?","M","?","$","R","?","E","T","M","E","M","R","M","R","BOSS"],"items_purchased_type":["Relic","Relic","Relic","Card"],"build_version":"2020-12-13","purchased_purges":2,"victory":true,"max_hp_per_floor":[70,70,70,70,70,70,70,70,70,70,70,70,70,70,70,70,70,70,70,70,70,75,75,75,75,75,75,75,75,75,75,75,75,75,75,75,75,75,75,75,75,75,75,75,75,75,75,75,75,75],"relic_stats":{"OrangePellets":[3],"Shovel":0,"counters":[26,119],"Smiling Mask":75,"obtain_stats":[{"bard:BagPipes":0,"construct:WeddingRing":17,"bard:PitchPipe":0,"Replay:Towering Pillar of Hats":36,"Nilry\u0027s Codex":21,"Oddly Smooth Stone":43,"Omamori":38,"Bottled Tornado":26,"Smiling Mask":6,"OrangePellets":13,"Anchor":13,"Shovel":45,"Molten Egg 2":9,"bard:EchoChamber":11,"Fusion Hammer":34,"Replay:Wax Seal":8,"Replay:Bottled Eggs":39,"Grinning Jar":42,"StrikeDummy":30},{"bard:BagPipes":0,"construct:WeddingRing":9,"bard:PitchPipe":0,"Replay:Towering Pillar of Hats":18,"Nilry\u0027s Codex":11,"Oddly Smooth Stone":21,"Omamori":19,"Bottled Tornado":13,"Smiling Mask":5,"OrangePellets":7,"Anchor":7,"Shovel":23,"Molten Egg 2":6,"bard:EchoChamber":7,"Fusion Hammer":16,"Replay:Wax Seal":6,"Replay:Bottled Eggs":19,"Grinning Jar":21,"StrikeDummy":14},{"bard:BagPipes":0,"construct:WeddingRing":41,"bard:PitchPipe":0,"Replay:Towering Pillar of Hats":84,"Nilry\u0027s Codex":48,"Oddly Smooth Stone":95,"Omamori":87,"Bottled Tornado":58,"Smiling Mask":20,"OrangePellets":29,"Anchor":29,"Shovel":104,"Molten Egg 2":24,"bard:EchoChamber":29,"Fusion Hammer":76,"Replay:Wax Seal":24,"Replay:Bottled Eggs":87,"Grinning Jar":95,"StrikeDummy":63}]},"card_choices":[{"not_picked":["bard:StudiedStrike","bard:SongBolt"],"picked":"bard:Thunderwave","floor":1},{"not_picked":["bard:FirstStrike","bard:SongBolt"],"picked":"bard:GreaterMagicWeapon","floor":2},{"not_picked":["bard:PrismaticSpray","bard:Thunderwave"],"picked":"bard:LingeringEcho","floor":4},{"not_picked":["bard:QuickSong","bard:Thunderwave"],"picked":"bard:ViciousMockery","floor":5},{"not_picked":["bard:DiscordantVoice","bard:Aphasia","bard:BucklerBash"],"picked":"SKIP","floor":6},{"not_picked":["bard:EchoEcho","bard:SixFourTime"],"picked":"bard:Balestra","floor":8},{"not_picked":["bard:OffKey+1","bard:CuttingWords"],"picked":"bard:Doot","floor":11},{"not_picked":["bard:PrismaticSpray","bard:ViciousMockery+1"],"picked":"bard:Shifting+1","floor":14},{"not_picked":["bard:CovetousAura","bard:PowerWordStun"],"picked":"bard:SplendidForm","floor":16},{"not_picked":["bard:ViciousMockery+1","bard:InspiringSong"],"picked":"bard:Parry+1","floor":18},{"not_picked":["bard:FeastOnFear","bard:Encore"],"picked":"bard:ThickOfTheFight+1","floor":19},{"not_picked":["bard:MantleOfInspiration","bard:Accelerando","bard:EchoEcho+1"],"picked":"SKIP","floor":24},{"not_picked":["bard:Fermata","bard:Rest","bard:LingeringEcho+1"],"picked":"SKIP","floor":25},{"not_picked":["bard:PhantasmalForce+1","bard:DervishDance+1"],"picked":"bard:Haste","floor":30},{"not_picked":["bard:QuickSong","bard:CuttingWords"],"picked":"bard:Flourish+1","floor":31},{"not_picked":["bard:DeathMetal","bard:Improv"],"picked":"bard:Shifting+1","floor":33},{"not_picked":["bard:Fermata+1","bard:DervishDance+1","bard:Gamble"],"picked":"SKIP","floor":35},{"not_picked":["bard:BucklerBash+1","bard:Thunderwave+1","bard:SongBolt+1"],"picked":"SKIP","floor":37},{"not_picked":["bard:FeastOnFear+1","bard:Sift"],"picked":"bard:HideousLaughter+1","floor":38},{"not_picked":["bard:Thunderwave+1","bard:Balestra+1","bard:QuickSong"],"picked":"SKIP","floor":41},{"not_picked":["bard:GlyphOfWarding","bard:Thunderwave+1"],"picked":"bard:Flourish+1","floor":42},{"not_picked":["bard:Sift","bard:FalseLife","bard:LingeringEcho+1"],"picked":"SKIP","floor":44},{"not_picked":["bard:SongBolt+1","bard:FalseLife","bard:Doot"],"picked":"SKIP","floor":45},{"not_picked":["bard:ThickOfTheFight+1","bard:CuttingWords","bard:FeastOnFear"],"picked":"SKIP","floor":46},{"not_picked":["bard:StudiedStrike+1","bard:QuickSong","bard:FeastOnFear"],"picked":"SKIP","floor":48}],"player_experience":873727,"relics_obtained":[{"floor":6,"key":"Smiling Mask"},{"floor":8,"key":"Replay:Wax Seal"},{"floor":9,"key":"Molten Egg 2"},{"floor":11,"key":"bard:EchoChamber"},{"floor":21,"key":"Nilry\u0027s Codex"},{"floor":26,"key":"Bottled Tornado"},{"floor":30,"key":"StrikeDummy"},{"floor":36,"key":"Replay:Towering Pillar of Hats"},{"floor":38,"key":"Omamori"},{"floor":42,"key":"Grinning Jar"},{"floor":43,"key":"Oddly Smooth Stone"},{"floor":45,"key":"Shovel"}],"event_choices":[{"damage_healed":0,"gold_gain":100,"player_choice":"Pray","damage_taken":0,"max_hp_gain":0,"max_hp_loss":0,"event_name":"Golden Shrine","floor":10,"gold_loss":0},{"damage_healed":0,"gold_gain":0,"player_choice":"Obtained Book","damage_taken":16,"max_hp_gain":0,"max_hp_loss":0,"event_name":"Cursed Tome","floor":21,"gold_loss":0},{"damage_healed":0,"gold_gain":0,"player_choice":"Shed Blood","damage_taken":18,"max_hp_gain":5,"max_hp_loss":0,"event_name":"Forgotten Altar","floor":22,"gold_loss":0},{"damage_healed":0,"gold_gain":0,"player_choice":"Forge","damage_taken":0,"max_hp_gain":0,"max_hp_loss":0,"event_name":"Accursed Blacksmith","floor":28,"gold_loss":0,"cards_upgraded":["bard:Balestra"]},{"damage_healed":0,"gold_gain":0,"player_choice":"Fight","damage_taken":0,"max_hp_gain":0,"max_hp_loss":0,"event_name":"MindBloom","floor":36,"gold_loss":0}],"is_beta":false,"boss_relics":[{"not_picked":["Replay:Ancient Bell","SacredBark"],"picked":"construct:WeddingRing"},{"not_picked":["construct:ClawGrip","SlaversCollar"],"picked":"Fusion Hammer"}],"items_purged_floors":[13,20],"is_endless":false,"potions_floor_spawned":[2,5,8,16,24,25,31,33,37,41,42],"ascension_level":13}}