{"host":"0xoib765171ofkym","time":1608288113,"event":{"mods":["AchievementEnabler","BaseMod","Colored Map","Minty Spire (QoL Compilation)","StSLib"],"gold_per_floor":[111,111,131,147,159,159,179,30,30,30,30,42,42,75,75,172,172,190,202,39,58,78,78,106,118,118,138,138,138,153,53,53,148,148,163,181,195,639,639,639,639,671,697,697,697,697,697,714,714,714,714],"floor_reached":50,"playtime":2316,"items_purged":["Strike_R","Strike_R","Strike_R"],"score":741,"play_id":"79650c2c-a24a-44a0-80b2-f257cd56e6c9","local_time":"20201218194153","is_ascension_mode":true,"campfire_choices":[{"data":"Armaments","floor":6.0,"key":"SMITH"},{"data":"Offering","floor":11.0,"key":"SMITH"},{"floor":15.0,"key":"REST"},{"floor":23.0,"key":"REST"},{"floor":32.0,"key":"REST"},{"data":"Enlightenment","floor":40.0,"key":"SMITH"},{"data":"Whirlwind","floor":45,"key":"SMITH"},{"data":"Exhume","floor":47,"key":"SMITH"},{"data":"Battle Trance","floor":49,"key":"SMITH"}],"circlet_count":0,"master_deck":["Strike_R","Defend_R","Defend_R","Defend_R","Defend_R","Bash","Armaments+1","Whirlwind+1","Headbutt","Iron Wave","Offering+1","Headbutt","Exhume+1","Battle Trance+1","Rage+1","Enlightenment+1","Spot Weakness","Shockwave+1","Demon Form","Warcry+1","Evolve"],"relics":["Burning Blood","Shuriken","Chemical X","InkBottle","Omamori","Mummified Hand","Calling Bell","StoneCalendar","Paper Frog","Red Skull","Ancient Tea Set","Mercury Hourglass","Mark of Pain","Vajra","Orichalcum","CeramicFish","Akabeko","Blue Candle"],"acts_visited":["Exordium","TheCity","TheBeyond"],"potions_floor_usage":[42,42,50],"damage_taken":[{"damage":1.0,"enemies":"Cultist","floor":1.0,"turns":3.0},{"damage":9.0,"enemies":"Jaw Worm","floor":3.0,"turns":5.0},{"damage":0.0,"enemies":"Small Slimes","floor":4.0,"turns":3.0},{"damage":27.0,"enemies":"Gremlin Gang","floor":5.0,"turns":4.0},{"damage":0.0,"enemies":"3 Louse","floor":7.0,"turns":2.0},{"damage":6.0,"enemies":"Large Slime","floor":12.0,"turns":3.0},{"damage":13.0,"enemies":"Lagavulin","floor":14.0,"turns":3.0},{"damage":36.0,"enemies":"Slime Boss","floor":16.0,"turns":7.0},{"damage":31.0,"enemies":"2 Thieves","floor":18.0,"turns":4.0},{"damage":12.0,"enemies":"Spheric Guardian","floor":19.0,"turns":2.0},{"damage":6.0,"enemies":"3 Cultists","floor":21.0,"turns":2.0},{"damage":13.0,"enemies":"Cultist and Chosen","floor":22.0,"turns":3.0},{"damage":10.0,"enemies":"Slavers","floor":24.0,"turns":2.0},{"damage":18.0,"enemies":"Snecko","floor":25.0,"turns":6.0},{"damage":18.0,"enemies":"Centurion and Healer","floor":27.0,"turns":3.0},{"damage":21.0,"enemies":"Shelled Parasite and Fungi","floor":30.0,"turns":5.0},{"damage":25.0,"enemies":"Collector","floor":33.0,"turns":5.0},{"damage":28.0,"enemies":"3 Darklings","floor":35.0,"turns":3.0},{"damage":6.0,"enemies":"3 Shapes","floor":36.0,"turns":1.0},{"damage":35.0,"enemies":"Jaw Worm Horde","floor":37.0,"turns":3.0},{"damage":17,"enemies":"Nemesis","floor":42,"turns":3},{"damage":6,"enemies":"Spire Growth","floor":48,"turns":2},{"damage":71,"enemies":"Time Eater","floor":50,"turns":7}],"seed_played":"-8626932422079530823","potions_obtained":[{"floor":4.0,"key":"Strength Potion"},{"floor":5.0,"key":"SkillPotion"},{"floor":14.0,"key":"Strength Potion"},{"floor":19.0,"key":"SteroidPotion"},{"floor":22.0,"key":"SpeedPotion"},{"floor":25.0,"key":"LiquidMemories"},{"floor":27.0,"key":"SkillPotion"},{"floor":30.0,"key":"BlessingOfTheForge"},{"floor":35.0,"key":"PowerPotion"},{"floor":42,"key":"Explosive Potion"},{"floor":48,"key":"SmokeBomb"}],"is_trial":false,"path_per_floor":["M","?","M","M","M","R","M","$","T","?","R","M","?","E","R","B",null,"M","M","$","M","M","R","E","M","T","M","?","?","M","$","R","B",null,"M","M","M","$","?","R","?","E","T","?","R","T","R","M","R","B"],"character_chosen":"IRONCLAD","items_purchased":["Chemical X","Enlightenment","Evolve","Vajra","Orichalcum","Dexterity Potion"],"campfire_rested":3,"item_purchase_floors":[8,20,38,38,38,38],"current_hp_per_floor":[77,70,67,73,52,52,58,58,58,51,51,51,51,44,68,38,70,45,39,39,39,32,56,52,40,40,28,28,28,13,13,37,18,65,43,43,14,14,14,16,82,71,71,71,71,71,71,71,71,0,0],"gold":714,"neow_bonus":"THREE_CARDS","is_daily":false,"chose_seed":false,"campfire_upgraded":6,"win_rate":0.0,"timestamp":1608288113,"path_taken":["M","?","M","M","M","R","M","$","T","?","R","M","?","E","R","BOSS","M","M","$","?","M","R","E","M","T","M","?","?","M","$","R","BOSS","M","M","M","$","?","R","?","E","T","?","R","?","R","M","R","BOSS"],"items_purchased_type":["Relic","Card","Card","Relic","Relic","Potion"],"build_version":"2020-12-13","purchased_purges":3,"victory":false,"max_hp_per_floor":[80,80,80,80,80,80,80,80,80,80,80,80,80,80,80,80,80,80,80,80,80,80,80,80,80,80,80,80,80,80,80,80,80,80,80,80,80,80,80,82,82,82,82,82,82,82,82,82,82,82,82],"card_choices":[{"not_picked":["True Grit","Shrug It Off"],"picked":"Armaments","floor":0.0},{"not_picked":["Anger","Metallicize","Clothesline"],"picked":"SKIP","floor":1.0},{"not_picked":["Iron Wave","Ghostly Armor"],"picked":"Whirlwind","floor":3.0},{"not_picked":["Heavy Blade","Clothesline"],"picked":"Headbutt","floor":4.0},{"not_picked":["Combust","Twin Strike"],"picked":"Iron Wave","floor":5.0},{"not_picked":["Body Slam","Armaments"],"picked":"Offering","floor":7.0},{"not_picked":["Sentinel","Headbutt","Metallicize"],"picked":"SKIP","floor":12.0},{"not_picked":["Flame Barrier","Body Slam"],"picked":"Headbutt","floor":14.0},{"not_picked":["Juggernaut","Barricade"],"picked":"Exhume","floor":16.0},{"not_picked":["Shrug It Off","Blood for Blood"],"picked":"Battle Trance","floor":18.0},{"not_picked":["True Grit","Combust+1"],"picked":"Rage+1","floor":19.0},{"not_picked":["Battle Trance","Twin Strike","Cleave"],"picked":"SKIP","floor":21.0},{"not_picked":["Sentinel","Thunderclap"],"picked":"Clothesline","floor":22.0},{"not_picked":["Body Slam+1","Immolate","Armaments"],"picked":"SKIP","floor":24.0},{"not_picked":["Rage","Headbutt"],"picked":"Spot Weakness","floor":25.0},{"not_picked":["Armaments","Anger+1","Wild Strike"],"picked":"SKIP","floor":27.0},{"not_picked":["Rage","True Grit+1"],"picked":"Shockwave+1","floor":30.0},{"not_picked":["Corruption","Immolate"],"picked":"Demon Form","floor":33.0},{"not_picked":["Uppercut","Wild Strike"],"picked":"Warcry+1","floor":35.0},{"not_picked":["Metallicize","Wild Strike+1","Flex+1"],"picked":"SKIP","floor":36.0},{"not_picked":["Anger","Body Slam+1","Pommel Strike+1"],"picked":"SKIP","floor":37.0},{"not_picked":["Burning Pact+1","Infernal Blade+1","Havoc+1"],"picked":"SKIP","floor":42},{"not_picked":["Pommel Strike+1","Uppercut+1","True Grit"],"picked":"SKIP","floor":48}],"player_experience":270611,"relics_obtained":[{"floor":9.0,"key":"InkBottle"},{"floor":14.0,"key":"Mummified Hand"},{"floor":17.0,"key":"StoneCalendar"},{"floor":17.0,"key":"Paper Frog"},{"floor":17.0,"key":"Red Skull"},{"floor":24.0,"key":"Ancient Tea Set"},{"floor":26.0,"key":"Mercury Hourglass"},{"floor":42,"key":"CeramicFish"},{"floor":43,"key":"Akabeko"},{"floor":46,"key":"Blue Candle"}],"event_choices":[{"damage_healed":0.0,"max_hp_gain":0.0,"max_hp_loss":0.0,"gold_gain":0.0,"event_name":"Scrap Ooze","player_choice":"Success","floor":2.0,"gold_loss":0.0,"damage_taken":7.0,"relics_obtained":["Shuriken"]},{"cards_removed":["Strike_R"],"damage_healed":0.0,"max_hp_gain":0.0,"max_hp_loss":0.0,"gold_gain":0.0,"event_name":"Golden Wing","player_choice":"Card Removal","floor":10.0,"gold_loss":0.0,"damage_taken":7.0},{"damage_healed":0.0,"max_hp_gain":0.0,"max_hp_loss":0.0,"gold_gain":0.0,"event_name":"WeMeetAgain","player_choice":"Gave Potion","floor":13.0,"gold_loss":0.0,"damage_taken":0.0,"relics_obtained":["Omamori"]},{"damage_healed":0.0,"max_hp_gain":0.0,"max_hp_loss":0.0,"gold_gain":0.0,"event_name":"Ghosts","player_choice":"Ignored","floor":28.0,"gold_loss":0.0,"damage_taken":0.0},{"damage_healed":0.0,"max_hp_gain":0.0,"max_hp_loss":0.0,"gold_gain":0.0,"event_name":"Vampires","player_choice":"Ignored","floor":29.0,"gold_loss":0.0,"damage_taken":0.0},{"damage_healed":0.0,"max_hp_gain":0.0,"max_hp_loss":0.0,"gold_gain":0.0,"event_name":"SensoryStone","player_choice":"Memory 1","floor":39.0,"gold_loss":0.0,"damage_taken":0.0},{"damage_healed":66.0,"max_hp_gain":0.0,"max_hp_loss":0.0,"gold_gain":0.0,"event_name":"MindBloom","player_choice":"Heal","floor":41.0,"gold_loss":0.0,"damage_taken":0.0,"cards_obtained":["Doubt"]},{"cards_removed":["Clothesline"],"damage_healed":0,"gold_gain":0,"player_choice":"Removed Attack","damage_taken":0,"max_hp_gain":0,"max_hp_loss":0,"event_name":"Falling","floor":44,"gold_loss":0}],"is_beta":false,"boss_relics":[{"not_picked":["Snecko Eye","Sozu"],"picked":"Calling Bell"},{"not_picked":["Runic Pyramid","Black Star"],"picked":"Mark of Pain"}],"items_purged_floors":[20,31,38],"is_endless":false,"potions_floor_spawned":[4,5,14,19,22,25,27,30,35,42,48],"killed_by":"Time Eater","ascension_level":9}}