{"host":"y9jgkjnf95sujozk","time":1608304931,"event":{"mods":["2.2 Compatiblity","AchievementEnabler","BaseMod","Block Reminder","Colored Map","Colored Powertips","Downfall","Friendly Minions","GifTheSpireLib","Hermit","Highlight Path","MarisaÅiñ∂âJÅ@ñÇóùçπÅj","Minty Spire (QoL Compilation)","Random Character Button","Rare Cards Sparkle","Replay The Spire","StSLib","SuperFastMode","The Animator","The Bug Knight","The Cursed","The Servant 0.9.4"],"gold_per_floor":[109,121,133,39,39,86,118,218,218,218,249,249,297,79,79,222,222,249,249,249,265,300,300,354,354,354,404,404,404,415,41,41,173,173,213,247,247,261,261,261,36,61,84,84,84],"floor_reached":44,"playtime":1220,"items_purged":[],"score":695,"play_id":"8c3528d5-cf3f-4b71-ae50-a682f2d0c4cb","local_time":"20201218162211","is_ascension_mode":false,"campfire_choices":[{"floor":10.0,"key":"REST"},{"floor":12.0,"key":"REST"},{"floor":15.0,"key":"REST"},{"floor":23.0,"key":"REST"},{"floor":25.0,"key":"REST"},{"floor":32,"key":"REST"},{"floor":40,"key":"REST"}],"circlet_count":0,"master_deck":["Strike_MRS","Strike_MRS","Strike_MRS","Strike_MRS","Defend_MRS","Defend_MRS","Defend_MRS","Defend_MRS","MasterSpark","OneTimeOff","SporeBomb","SuperPerseids","Acceleration","WitchOfGreed","Replay:Light Bash","Acceleration","RefractionSpark","GrandCross","PowerUp","GrandCross","WitchOfGreed","SatelliteIllusion","MagicAbsorber","LuminesStrike","Acceleration","AsteroidBelt+1","IllusionStar","Slimebound:CheckThePlaybook","Ghostly","Ghostly","Ghostly","Ghostly","Ghostly","GrandCross","Crow Ritual","expansioncontent:Sear","CollectingQuirk","RefractionSpark","ShootingEcho","GalacticHalo","expansioncontent:SlimeTackle","GravityBeat","LuminesStrike","WitchOfGreed","ReplayTheSpireMod:IOU","expansioncontent:DefensiveMode","ReplayTheSpireMod:IOU","ReplayTheSpireMod:IOU","Sadistic Nature","Robbery"],"relics":["MiniHakkero","NeowsBlessing","WingedGreaves","Replay:Multitool","Gambling Chip","Cauldron","SlaversCollar","MutagenicStrength","Mirror","BargainBundle","Replay:Wax Seal","Fusion Hammer","Lee\u0027s Waffle","Replay:Rubber Ducky"],"acts_visited":["Exordium","TheCity","TheBeyond"],"potions_floor_usage":[33,33,33,44,44,44],"damage_taken":[{"damage":0.0,"enemies":"Jaw Worm","floor":1.0,"turns":1.0},{"damage":0.0,"enemies":"2 Louse","floor":2.0,"turns":1.0},{"damage":0.0,"enemies":"Cultist","floor":3.0,"turns":1.0},{"damage":33.0,"enemies":"Lagavulin","floor":6.0,"turns":4.0},{"damage":26.0,"enemies":"Lots of Slimes","floor":7.0,"turns":6.0},{"damage":13.0,"enemies":"Exordium Wildlife","floor":11.0,"turns":5.0},{"damage":21.0,"enemies":"HollowMod:MossKnight","floor":13.0,"turns":6.0},{"damage":31.0,"enemies":"Hexaghost","floor":16.0,"turns":6.0},{"damage":21.0,"enemies":"Shell Parasite","floor":18.0,"turns":6.0},{"damage":20.0,"enemies":"Spheric Guardian","floor":21.0,"turns":4.0},{"damage":36.0,"enemies":"Snake Plant","floor":22.0,"turns":4.0},{"damage":13.0,"enemies":"Centurion and Healer","floor":24.0,"turns":5.0},{"damage":17.0,"enemies":"Snecko","floor":27.0,"turns":5.0},{"damage":1.0,"enemies":"Sentry and Sphere","floor":30.0,"turns":5.0},{"damage":10,"enemies":"Pondfish","floor":33,"turns":9},{"damage":21,"enemies":"3 Darklings","floor":35,"turns":6},{"damage":4,"enemies":"3 Shapes","floor":36,"turns":5},{"damage":1,"enemies":"Transient","floor":38,"turns":5},{"damage":18,"enemies":"3 Darklings","floor":42,"turns":9},{"damage":29,"enemies":"Jaw Worm Horde","floor":44,"turns":4}],"seed_played":"-770108158979401037","potions_obtained":[{"floor":1.0,"key":"AttackPotion"},{"floor":3.0,"key":"Death Potion"},{"floor":7.0,"key":"Regen Potion"},{"floor":7.0,"key":"Reflective Coating"},{"floor":11.0,"key":"Swift Potion"},{"floor":13.0,"key":"SneckoOil"},{"floor":14.0,"key":"Fruit Juice"},{"floor":14.0,"key":"Energy Potion"},{"floor":14.0,"key":"DuplicationPotion"},{"floor":16.0,"key":"Dexterity Potion"},{"floor":16.0,"key":"EntropicBrew"},{"floor":16.0,"key":"BlessingOfTheForge"},{"floor":24.0,"key":"Swift Potion"},{"floor":24.0,"key":"PowerPotion"},{"floor":27.0,"key":"CultistPotion"},{"floor":33,"key":"Swift Potion"},{"floor":33,"key":"LiquidBronze"},{"floor":35,"key":"StarNLove"}],"is_trial":false,"path_per_floor":["M","M","M","$","?","E","M","?","T","R","M","R","E","$","R","B",null,"M","?","?","M","M","R","M","R","T","M","?","?","M","$","R","B",null,"M","M","?","M","?","R","$","M","T","M"],"character_chosen":"MARISA","items_purchased":["Acceleration","WitchOfGreed","GrandCross","WitchOfGreed","Cauldron","BargainBundle","Crow Ritual","expansioncontent:Sear","Replay:Wax Seal","LuminesStrike","WitchOfGreed","Lee\u0027s Waffle","expansioncontent:DefensiveMode","Sadistic Nature"],"campfire_rested":7,"item_purchase_floors":[4,4,14,14,14,31,31,31,31,41,41,41,41,41],"current_hp_per_floor":[75,75,75,75,75,42,16,16,16,38,25,47,41,46,70,39,80,59,59,59,39,3,27,14,38,38,21,21,21,20,20,30,20,36,15,11,11,10,10,20,43,25,25,0,0],"gold":84,"neow_bonus":"THREE_ENEMY_KILL","is_daily":false,"chose_seed":false,"campfire_upgraded":0,"win_rate":0.0,"timestamp":1608304931,"path_taken":["M","M","M","$","?","E","M","?","T","R","?","R","E","?","R","BOSS","M","?","?","M","M","R","M","R","T","M","?","?","?","$","R","BOSS","M","M","?","?","?","R","$","?","T","M"],"items_purchased_type":["Card","Card","Card","Card","Relic","Relic","Card","Card","Relic","Card","Card","Relic","Card","Card"],"build_version":"2020-12-13","purchased_purges":0,"victory":false,"max_hp_per_floor":[75,75,75,75,75,75,75,75,75,75,75,75,75,80,80,80,80,80,80,80,80,80,80,80,80,80,80,72,36,36,36,36,36,36,36,36,36,36,36,36,43,43,43,43,43],"card_choices":[{"not_picked":["OrrerysSun","MagicChant"],"picked":"OneTimeOff","floor":1.0},{"not_picked":["DoubleSpark","LuminesStrike"],"picked":"SporeBomb","floor":2.0},{"not_picked":["Orbital","BlazeAway"],"picked":"SuperPerseids","floor":3.0},{"not_picked":["OpenUniverse","StarBarrage"],"picked":"Acceleration","floor":6.0},{"not_picked":["GrandCross","MillisecondPulsars"],"picked":"RefractionSpark","floor":7.0},{"not_picked":["ChargeUpSpray","MilkyWay"],"picked":"GrandCross","floor":11.0},{"not_picked":["ChargeUpSpray","EnergyRecoil"],"picked":"PowerUp","floor":13.0},{"not_picked":["UltimateShortwave","StarDustReverie"],"picked":"SatelliteIllusion","floor":16.0},{"not_picked":["IllusionStar","AsteroidBelt"],"picked":"MagicAbsorber","floor":18.0},{"not_picked":["ShootingEcho","DC"],"picked":"LuminesStrike","floor":21.0},{"not_picked":["DoubleSpark","FinalSpark"],"picked":"Acceleration","floor":22.0},{"not_picked":["6A","ChargingUp"],"picked":"AsteroidBelt+1","floor":24.0},{"not_picked":["MagicChant","ManaConvection+1"],"picked":"IllusionStar","floor":27.0},{"not_picked":["NonDirectionalLaser+1","OneTimeOff"],"picked":"GrandCross","floor":30.0},{"not_picked":["EscapeVelocity","TreasureHunter"],"picked":"CollectingQuirk","floor":33},{"not_picked":["DC+1","MagicAbsorber"],"picked":"RefractionSpark","floor":35},{"not_picked":["GravityBeat+1","DoubleSpark+1"],"picked":"ShootingEcho","floor":36},{"not_picked":["UnstableBomb+1","Singularity"],"picked":"GalacticHalo","floor":38},{"not_picked":["WitchLeyline+1","DragonMeteor+1"],"picked":"Robbery","floor":42}],"player_experience":106782,"relics_obtained":[{"floor":6.0,"key":"WingedGreaves"},{"floor":9.0,"key":"Replay:Multitool"},{"floor":13.0,"key":"Gambling Chip"},{"floor":26.0,"key":"Mirror"},{"floor":43,"key":"Replay:Rubber Ducky"}],"event_choices":[{"damage_healed":0.0,"max_hp_gain":0.0,"max_hp_loss":0.0,"gold_gain":100.0,"event_name":"Golden Shrine","player_choice":"Pray","floor":8.0,"gold_loss":0.0,"damage_taken":0.0},{"damage_healed":0.0,"max_hp_gain":0.0,"max_hp_loss":0.0,"gold_gain":0.0,"event_name":"Drug Dealer","player_choice":"Inject Mutagens","floor":19.0,"gold_loss":0.0,"damage_taken":0.0,"relics_obtained":["MutagenicStrength"]},{"damage_healed":0.0,"max_hp_gain":0.0,"max_hp_loss":36.0,"gold_gain":0.0,"event_name":"Ghosts","player_choice":"Became a Ghost","floor":29.0,"gold_loss":0.0,"damage_taken":0.0,"cards_obtained":["Ghostly","Ghostly","Ghostly","Ghostly","Ghostly"]},{"damage_healed":0,"gold_gain":0,"player_choice":"Bought 0 Potions","damage_taken":0,"max_hp_gain":0,"max_hp_loss":0,"event_name":"The Woman in Blue","floor":37,"gold_loss":0},{"damage_healed":0,"gold_gain":0,"player_choice":"2 cards matched","damage_taken":0,"max_hp_gain":0,"max_hp_loss":0,"event_name":"Match and Keep!","floor":39,"gold_loss":0,"cards_obtained":["expansioncontent:SlimeTackle","GravityBeat"]}],"is_beta":false,"boss_relics":[{"not_picked":["Tiny House","Pandora\u0027s Box"],"picked":"SlaversCollar"},{"not_picked":["ReplayTheSpireMod:DimensionalGlitch","Replay:Ancient Bell"],"picked":"Fusion Hammer"}],"items_purged_floors":[],"is_endless":false,"potions_floor_spawned":[1,3,7,18,21,30,38,42],"killed_by":"Jaw Worm Horde","ascension_level":0}}