{"host":"Terry","time":1608320257,"event":{"mods":["BaseMod","Downfall","Hubris","Minty Spire (QoL Compilation)","Replay The Spire","StSLib"],"gold_per_floor":[399,428,428,438,438,538,538,558,119,150,150,61,61,46,61,165,165,90,115,315,315,328,342,342,342,353,387,404,420,430,430,445,547,547,547,179,197,224,235,235,286,286,315,315,128,128,128,128,138,138],"floor_reached":51,"playtime":3616,"items_purged":["Guardian:Strike_Guardian","Guardian:Strike_Guardian","Guardian:Defend_Guardian"],"score":1051,"play_id":"7a549ee0-d794-4763-bd87-0e9ef1c2eed5","local_time":"20201218143737","is_ascension_mode":true,"campfire_choices":[{"data":"Guardian:CurlUp","floor":1,"key":"SMITH"},{"floor":5,"key":"REST"},{"data":"Guardian:CompilePackage","floor":18,"key":"SMITH"},{"data":"Replay:SS_forest_2","floor":21,"key":"SMITH"},{"data":"Guardian:DecasProtection","floor":25,"key":"SMITH"},{"data":"Guardian:RefractedBeam","floor":35,"key":"SMITH"},{"data":"Guardian:RefractedBeam+1","floor":42,"key":"SMITH"},{"data":"Guardian:RefractedBeam+2","floor":44,"key":"SMITH"}],"circlet_count":0,"master_deck":["Guardian:Defend_Guardian","Guardian:Defend_Guardian","Guardian:CurlUp+1","Guardian:TwinSlam","Guardian:Repulse","Guardian:RefractedBeam+3","Guardian:CompilePackage+1","Guardian:CrystalBeam","Replay:SS_forest_2+1","Guardian:DecasProtection+1","Guardian:StasisField","Guardian:PrismaticBarrier","Guardian:EvasiveProtocol","Guardian:ExploitGems","Guardian:DecasProtection","Guardian:TemporalStrike+1","Guardian:ShieldCharger","Guardian:PiercingHide+1","Guardian:ChargeCore+1","Guardian:Reroute","Guardian:TemporalShield+1","Guardian:SpikerProtocol","Guardian:RefractedBeam+1","Guardian:Gem_Cyan","Replay:SS_fish_3","hubris:EnhanceAbility+1","Guardian:AncientConstruct","Guardian:ChargeCore"],"relics":["Guardian:ModeShifterPlus","Old Coin","Guardian:PocketSentry","Potion Belt","Gremlin Horn","Lee\u0027s Waffle","Happy Flower","downfall:HeartBlessingGreen","hubris:GlazedTorus","Thread and Needle","Ancient Tea Set","hubris:TerracottaHorce","Replay:Wax Seal","Juzu Bracelet","TungstenRod","hubris:Icosahedron","Pen Nib","Oddly Smooth Stone","Guardian:StasisUpgradeRelic","hubris:PeanutButter"],"acts_visited":["Exordium","TheCity","TheBeyond"],"potions_floor_usage":[6,10,50],"damage_taken":[{"damage":34,"enemies":"3 Sentries","floor":2,"turns":12},{"damage":0,"enemies":"2 Louse","floor":4,"turns":2},{"damage":55,"enemies":"downfall:LadyInBlue","floor":6,"turns":15},{"damage":0,"enemies":"Cultist","floor":8,"turns":2},{"damage":0,"enemies":"downfall:FleeingMerchant","floor":9,"turns":4},{"damage":13,"enemies":"Gremlin Nob","floor":10,"turns":4},{"damage":1,"enemies":"downfall:FleeingMerchant","floor":12,"turns":4},{"damage":10,"enemies":"downfall:FleeingMerchant","floor":14,"turns":4},{"damage":0,"enemies":"Small Slimes","floor":15,"turns":1},{"damage":18,"enemies":"downfall:Defect","floor":16,"turns":9},{"damage":0,"enemies":"Book of Stabbing","floor":19,"turns":5},{"damage":0,"enemies":"Spheric Guardian","floor":22,"turns":3},{"damage":0,"enemies":"Chosen","floor":23,"turns":4},{"damage":0,"enemies":"Centurion and Healer","floor":26,"turns":4},{"damage":12,"enemies":"Slavers","floor":27,"turns":6},{"damage":0,"enemies":"Snake Plant","floor":28,"turns":4},{"damage":0,"enemies":"3 Cultists","floor":29,"turns":5},{"damage":0,"enemies":"Sentry and Sphere","floor":30,"turns":5},{"damage":2,"enemies":"Centurion and Healer","floor":32,"turns":6},{"damage":3,"enemies":"downfall:Silent","floor":33,"turns":8},{"damage":0,"enemies":"downfall:FleeingMerchant","floor":36,"turns":4},{"damage":0,"enemies":"3 Shapes","floor":37,"turns":5},{"damage":0,"enemies":"Giant Head","floor":38,"turns":7},{"damage":2,"enemies":"3 Darklings","floor":39,"turns":3},{"damage":0,"enemies":"Nemesis","floor":43,"turns":5},{"damage":0,"enemies":"downfall:FleeingMerchant","floor":45,"turns":2},{"damage":0,"enemies":"Jaw Worm Horde","floor":49,"turns":4},{"damage":12,"enemies":"downfall:Ironclad","floor":50,"turns":10}],"seed_played":"-1949453780441427152","potions_obtained":[{"floor":2,"key":"LiquidMemories"},{"floor":4,"key":"Regen Potion"},{"floor":6,"key":"Doom Potion"},{"floor":6,"key":"CultistPotion"},{"floor":6,"key":"SteroidPotion"},{"floor":15,"key":"ColorlessPotion"},{"floor":16,"key":"Guardian:StasisDiscoveryPotion"}],"is_trial":false,"path_per_floor":["R","E","?","M","R","?","T","M","$","E","?","$","?","$","M","B",null,"R","E","?","R","M","M","T","R","M","E","M","M","M","?","M","B",null,"R","$","M","E","M","?","T","R","E","R","$","?","?","?","M","B",null],"character_chosen":"GUARDIAN","items_purchased":["Lee\u0027s Waffle","Replay:SS_forest_2","Guardian:Gem_Purple","Guardian:Gem_Cyan","Guardian:PrismaticBarrier","Replay:Wax Seal","Juzu Bracelet","Guardian:Reroute","Guardian:StasisUpgradeRelic","Replay:SS_fish_3","hubris:EnhanceAbility"],"campfire_rested":1,"item_purchase_floors":[9,9,9,9,12,36,36,36,45,45,45],"current_hp_per_floor":[56,22,22,22,46,6,6,6,87,74,74,73,73,63,63,45,77,77,77,77,77,77,77,77,77,77,65,65,65,65,65,63,60,80,80,80,80,80,78,78,78,78,78,78,78,78,78,78,78,66],"gold":138,"neow_bonus":"ONE_RARE_RELIC","is_daily":false,"chose_seed":false,"campfire_upgraded":7,"win_rate":0.0,"timestamp":1608320257,"path_taken":["R","E","?","?","R","?","T","?","$","E","?","$","?","?","M","BOSS","R","E","?","R","M","M","T","R","?","E","?","M","?","?","M","BOSS","R","$","M","E","M","?","T","R","E","R","$","?","?","?","M","BOSS"],"items_purchased_type":["Relic","Card","Card","Card","Card","Relic","Relic","Card","Relic","Card","Card"],"build_version":"2020-12-17","purchased_purges":3,"victory":true,"max_hp_per_floor":[80,80,80,80,80,80,80,80,87,87,87,87,87,87,87,87,87,87,87,87,87,87,87,87,87,87,87,87,87,87,87,87,87,87,87,87,87,87,87,87,87,87,87,87,87,87,87,87,87,87],"card_choices":[{"not_picked":["Guardian:Reroute","Guardian:MultiBeam"],"picked":"Guardian:Gem_White","floor":2},{"not_picked":["Guardian:Gem_Fragmented","Guardian:Gem_Green"],"picked":"Guardian:Repulse","floor":4},{"not_picked":["Guardian:Suspension","Guardian:PiercingHide"],"picked":"Guardian:RefractedBeam","floor":6},{"not_picked":["Guardian:Incinerate","Guardian:Harden"],"picked":"Guardian:CompilePackage","floor":8},{"not_picked":["Guardian:Gem_White","Guardian:ShieldCharger"],"picked":"Guardian:CrystalBeam","floor":9},{"not_picked":["Guardian:GuardianWhirl","Guardian:Gem_Cyan"],"picked":"Guardian:DecasProtection","floor":10},{"not_picked":["Guardian:RollAttack","Guardian:TimeBomb"],"picked":"Guardian:StasisField","floor":12},{"not_picked":["Guardian:PrimingBeam","Guardian:PiercingHide"],"picked":"Guardian:EvasiveProtocol","floor":14},{"not_picked":["Guardian:Gem_Cyan","Guardian:RollAttack","Guardian:Gem_Lightblue"],"picked":"SKIP","floor":15},{"not_picked":["Guardian:FierceBash","Guardian:HyperBeam_Guardian"],"picked":"Guardian:ExploitGems","floor":16},{"not_picked":["Guardian:RefractedBeam","Guardian:PiercingHide+1"],"picked":"Guardian:DecasProtection","floor":19},{"not_picked":["Guardian:Recover","Guardian:PolyBeam"],"picked":"Guardian:Gem_Lightblue","floor":22},{"not_picked":["Guardian:Recover","Guardian:SentryBeam","Guardian:FuturePlans"],"picked":"SKIP","floor":23},{"not_picked":["Guardian:RollAttack","Guardian:Incinerate"],"picked":"Guardian:TemporalStrike+1","floor":26},{"not_picked":["Guardian:TemporalStrike+1","Guardian:WalkerClaw"],"picked":"Guardian:Gem_Yellow","floor":27},{"not_picked":["Guardian:PrismaticBeam","Guardian:PrimingBeam","Guardian:FuturePlans"],"picked":"SKIP","floor":28},{"not_picked":["Guardian:TemporalShield","Guardian:MultiBeam"],"picked":"Guardian:Gem_Fragmented","floor":29},{"not_picked":["Guardian:SpikerProtocol","Guardian:Suspension"],"picked":"Guardian:ShieldCharger","floor":30},{"not_picked":["Guardian:GuardianWhirl","Guardian:PrimingBeam+1"],"picked":"Guardian:PiercingHide+1","floor":32},{"not_picked":["Guardian:AncientConstruct","Guardian:CompilePackage"],"picked":"Guardian:Gem_Synthetic","floor":33},{"not_picked":["Guardian:TemporalShield","Guardian:Planning+1"],"picked":"Guardian:ChargeCore+1","floor":36},{"not_picked":["Guardian:ShieldSpikes+1","Guardian:Clone"],"picked":"Guardian:TemporalShield+1","floor":37},{"not_picked":["Guardian:VentSteam","Guardian:ShieldSpikes+1"],"picked":"Guardian:SpikerProtocol","floor":38},{"not_picked":["Guardian:CrystalBeam","Guardian:TemporalStrike+1"],"picked":"Guardian:RefractedBeam+1","floor":39},{"not_picked":["Guardian:PolyBeam+1","Guardian:BronzeOrb"],"picked":"Guardian:Gem_Orange","floor":43},{"not_picked":["Guardian:RollAttack+1","Guardian:DecasProtection"],"picked":"Guardian:Gem_Cyan","floor":45},{"not_picked":["Guardian:Preprogram","Guardian:Reroute+1"],"picked":"Guardian:ChargeCore","floor":49}],"player_experience":546677,"relics_obtained":[{"floor":2,"key":"Guardian:PocketSentry"},{"floor":6,"key":"Potion Belt"},{"floor":7,"key":"Gremlin Horn"},{"floor":10,"key":"Happy Flower"},{"floor":19,"key":"hubris:GlazedTorus"},{"floor":24,"key":"Thread and Needle"},{"floor":27,"key":"Ancient Tea Set"},{"floor":38,"key":"TungstenRod"},{"floor":41,"key":"Pen Nib"},{"floor":43,"key":"Oddly Smooth Stone"},{"floor":47,"key":"hubris:PeanutButter"}],"event_choices":[{"damage_healed":0,"gold_gain":200,"player_choice":"Gold","damage_taken":0,"max_hp_gain":0,"max_hp_loss":0,"event_name":"Wheel of Change","floor":20,"gold_loss":0},{"damage_healed":0,"gold_gain":0,"cards_transformed":["Guardian:Defend_Guardian"],"player_choice":"Transformed","damage_taken":0,"max_hp_gain":0,"max_hp_loss":0,"event_name":"Transmorgrifier","floor":46,"gold_loss":0,"cards_obtained":["Guardian:AncientConstruct"]}],"is_beta":true,"boss_relics":[{"not_picked":["Replay:Wanted Poster","hubris:BlackHole"],"picked":"Guardian:ModeShifterPlus"},{"not_picked":["hubris:RunicObelisk","Replay:Ancient Bell"],"picked":"hubris:TerracottaHorce"}],"items_purged_floors":[9,36,45],"is_endless":false,"potions_floor_spawned":[2,4,15,16,19,23,29,30,32,33,37,38],"ascension_level":5}}