{"host":"q0qnzbgdx8oqogg9","time":1608286296,"event":{"mods":["BaseMod","Minty Spire (QoL Compilation)","Slay-I","StSLib"],"gold_per_floor":[112,122,132,132,132,132,161,161,161,161,161,161,193,208,208,311,311,323,337,109,24,24,24,51,51,78,116,138,138,138,180,180,285,285,303,46,62,91,100,135,135,163,163,163,163,178,178,213,213,213],"floor_reached":51,"playtime":1935,"items_purged":["Strike_G","Strike_G+1"],"score":1411,"play_id":"6a18c4bc-6f35-4af8-89a9-4444c3833150","local_time":"20201218051136","is_ascension_mode":true,"campfire_choices":[{"data":"Dagger Spray","floor":6.0,"key":"SMITH"},{"data":"Predator","floor":8.0,"key":"SMITH"},{"data":"Footwork","floor":10.0,"key":"SMITH"},{"data":"Die Die Die","floor":12.0,"key":"SMITH"},{"data":"Bouncing Flask","floor":15.0,"key":"SMITH"},{"data":"Corpse Explosion","floor":23.0,"key":"SMITH"},{"data":"Footwork","floor":29.0,"key":"SMITH"},{"data":"Footwork","floor":32.0,"key":"SMITH"},{"data":"Adrenaline","floor":44,"key":"SMITH"},{"data":"Crippling Poison","floor":47,"key":"SMITH"},{"floor":49,"key":"RECALL"}],"circlet_count":0,"master_deck":["Strike_G+1","Strike_G+1","Defend_G+1","Defend_G+1","Defend_G+1","Defend_G+1","Defend_G+1","Survivor","Neutralize","Predator+1","Footwork+1","Dagger Spray+1","Deadly Poison","Die Die Die+1","PiercingWail","Bouncing Flask+1","Corpse Explosion+1","Crippling Poison+1","Footwork+1","Catalyst+1","Well Laid Plans","Footwork+1","Adrenaline+1","Adrenaline+1","Backflip+1","Finesse"],"relics":["Ring of the Snake","Bag of Marbles","HornCleat","Bottled Flame","Oddly Smooth Stone","SlaversCollar","Blood Vial","Pocketwatch","Pear","PreservedInsect","CeramicFish","Question Card","Black Star","Lantern","Incense Burner","Regal Pillow","Toy Ornithopter","Pen Nib","War Paint","Kunai","Vajra"],"acts_visited":["Exordium","TheCity","TheBeyond"],"potions_floor_usage":[50,50],"damage_taken":[{"damage":0.0,"enemies":"2 Louse","floor":1.0,"turns":4.0},{"damage":7.0,"enemies":"Jaw Worm","floor":2.0,"turns":3.0},{"damage":0.0,"enemies":"Small Slimes","floor":3.0,"turns":5.0},{"damage":12.0,"enemies":"Gremlin Nob","floor":7.0,"turns":3.0},{"damage":2.0,"enemies":"3 Sentries","floor":13.0,"turns":2.0},{"damage":7.0,"enemies":"Exordium Wildlife","floor":14.0,"turns":2.0},{"damage":13.0,"enemies":"Slime Boss","floor":16.0,"turns":12.0},{"damage":7.0,"enemies":"Spheric Guardian","floor":18.0,"turns":7.0},{"damage":0.0,"enemies":"Chosen","floor":19.0,"turns":4.0},{"damage":0.0,"enemies":"Gremlin Leader","floor":24.0,"turns":4.0},{"damage":0.0,"enemies":"Slavers","floor":27.0,"turns":1.0},{"damage":14.0,"enemies":"Centurion and Healer","floor":28.0,"turns":5.0},{"damage":0.0,"enemies":"Gremlin Leader","floor":31.0,"turns":5.0},{"damage":3.0,"enemies":"Collector","floor":33.0,"turns":8.0},{"damage":10.0,"enemies":"3 Darklings","floor":35.0,"turns":4.0},{"damage":6.0,"enemies":"Orb Walker","floor":37.0,"turns":3.0},{"damage":0,"enemies":"Maw","floor":38,"turns":7},{"damage":0,"enemies":"Reptomancer","floor":40,"turns":5},{"damage":0,"enemies":"Nemesis","floor":42,"turns":7},{"damage":0,"enemies":"Transient","floor":46,"turns":5},{"damage":0,"enemies":"Reptomancer","floor":48,"turns":3},{"damage":0,"enemies":"Donu and Deca","floor":50,"turns":6}],"seed_played":"1060012070552840981","potions_obtained":[{"floor":3.0,"key":"BlessingOfTheForge"},{"floor":7.0,"key":"Explosive Potion"},{"floor":14.0,"key":"EntropicBrew"},{"floor":18.0,"key":"GhostInAJar"},{"floor":27.0,"key":"PowerPotion"},{"floor":38,"key":"AttackPotion"},{"floor":40,"key":"Swift Potion"}],"is_trial":false,"path_per_floor":["M","M","M","?","$","R","E","R","T","R","?","R","E","M","R","B",null,"M","M","$","?","T","R","E","?","T","E","M","R","?","E","R","B",null,"M","$","M","M","?","E","?","E","T","R","?","M","R","E","R","B",null],"character_chosen":"THE_SILENT","items_purchased":["Footwork","Catalyst","Lantern"],"campfire_rested":0,"item_purchase_floors":[20,20,36],"current_hp_per_floor":[63,56,56,56,56,56,44,44,44,44,44,44,42,35,35,22,58,51,51,51,51,51,51,63,63,63,65,53,53,53,55,55,54,74,66,66,62,64,64,66,66,68,68,68,68,70,70,72,72,76],"gold":213,"neow_bonus":"RANDOM_COMMON_RELIC","is_daily":false,"chose_seed":false,"campfire_upgraded":10,"win_rate":0.0,"timestamp":1608286296,"path_taken":["M","M","M","?","$","R","E","R","T","R","?","R","E","M","R","BOSS","M","M","$","?","?","R","E","?","T","E","M","R","?","E","R","BOSS","M","$","M","M","?","E","?","E","T","R","?","M","R","E","R","BOSS"],"items_purchased_type":["Card","Card","Relic"],"build_version":"2020-12-13","purchased_purges":2,"victory":true,"max_hp_per_floor":[70,70,70,70,70,70,70,70,70,70,70,70,70,70,70,70,70,70,70,70,70,70,70,80,80,80,80,80,80,80,80,80,80,80,80,80,80,80,80,80,80,80,80,80,76,76,76,76,76,76],"card_choices":[{"not_picked":["Deflect","Acrobatics"],"picked":"Predator","floor":1.0},{"not_picked":["Bane","Dodge and Roll"],"picked":"Footwork","floor":2.0},{"not_picked":["Predator","Tactician"],"picked":"Dagger Spray","floor":3.0},{"not_picked":["Blade Dance","Bane"],"picked":"Deadly Poison","floor":7.0},{"not_picked":["Blur","Deflect"],"picked":"PiercingWail","floor":13.0},{"not_picked":["Escape Plan","Slice"],"picked":"Bouncing Flask","floor":14.0},{"not_picked":["Bullet Time","Unload"],"picked":"Corpse Explosion","floor":16.0},{"not_picked":["Acrobatics+1","Concentrate"],"picked":"Crippling Poison","floor":18.0},{"not_picked":["Dash","Cloak And Dagger","Choke"],"picked":"SKIP","floor":19.0},{"not_picked":["Bullet Time","Dodge and Roll"],"picked":"Well Laid Plans","floor":24.0},{"not_picked":["Quick Slash","Dagger Throw"],"picked":"Footwork","floor":27.0},{"not_picked":["Well Laid Plans+1","Riddle With Holes"],"picked":"Backstab","floor":28.0},{"not_picked":["Acrobatics","Underhanded Strike"],"picked":"Adrenaline","floor":31.0},{"not_picked":["After Image","Glass Knife","Envenom"],"picked":"Adrenaline","floor":33.0},{"not_picked":["Acrobatics","Underhanded Strike+1","Deadly Poison","Burst"],"picked":"SKIP","floor":35.0},{"not_picked":["Noxious Fumes","Catalyst","Slice+1","Cloak And Dagger"],"picked":"SKIP","floor":37.0},{"not_picked":["Slice","All Out Attack","Flechettes+1"],"picked":"Backflip+1","floor":38},{"not_picked":["Trip","Mayhem","Swift Strike"],"picked":"Finesse","floor":39},{"not_picked":["Masterful Stab","Expertise+1","Prepared","Deadly Poison"],"picked":"SKIP","floor":40},{"not_picked":["Backstab+1","Flying Knee+1","Bouncing Flask","Outmaneuver"],"picked":"SKIP","floor":42},{"not_picked":["Quick Slash+1","Heel Hook","Bane","Expertise"],"picked":"SKIP","floor":46},{"not_picked":["Poisoned Stab","Grand Finale","Dagger Throw+1","Accuracy"],"picked":"SKIP","floor":48}],"player_experience":186201,"relics_obtained":[{"floor":7.0,"key":"HornCleat"},{"floor":9.0,"key":"Bottled Flame"},{"floor":13.0,"key":"Oddly Smooth Stone"},{"floor":22.0,"key":"Pocketwatch"},{"floor":24.0,"key":"Pear"},{"floor":26.0,"key":"PreservedInsect"},{"floor":27.0,"key":"CeramicFish"},{"floor":31.0,"key":"Question Card"},{"floor":40,"key":"Incense Burner"},{"floor":40,"key":"Regal Pillow"},{"floor":42,"key":"Toy Ornithopter"},{"floor":42,"key":"Pen Nib"},{"floor":43,"key":"War Paint"},{"floor":48,"key":"Kunai"},{"floor":48,"key":"Vajra"}],"event_choices":[{"damage_healed":0.0,"max_hp_gain":0.0,"max_hp_loss":0.0,"gold_gain":0.0,"event_name":"The Cleric","player_choice":"Leave","floor":4.0,"gold_loss":0.0,"damage_taken":0.0},{"damage_healed":0.0,"max_hp_gain":0.0,"max_hp_loss":0.0,"gold_gain":0.0,"cards_transformed":["Strike_G"],"event_name":"Living Wall","player_choice":"Change","floor":11.0,"gold_loss":0.0,"damage_taken":0.0,"cards_obtained":["Die Die Die"]},{"damage_healed":0.0,"max_hp_gain":0.0,"max_hp_loss":0.0,"gold_gain":0.0,"event_name":"Addict","player_choice":"Obtained Relic","floor":21.0,"gold_loss":85.0,"damage_taken":0.0,"relics_obtained":["Blood Vial"]},{"damage_healed":0.0,"max_hp_gain":0.0,"max_hp_loss":0.0,"gold_gain":0.0,"event_name":"Back to Basics","player_choice":"Simplicity","floor":25.0,"gold_loss":0.0,"damage_taken":0.0,"cards_upgraded":["Strike_G","Strike_G","Strike_G","Defend_G","Defend_G","Defend_G","Defend_G","Defend_G"]},{"damage_healed":0.0,"max_hp_gain":0.0,"max_hp_loss":0.0,"gold_gain":0.0,"event_name":"Ghosts","player_choice":"Ignored","floor":30.0,"gold_loss":0.0,"damage_taken":0.0},{"damage_healed":0,"gold_gain":0,"player_choice":"Memory 1","damage_taken":0,"max_hp_gain":0,"max_hp_loss":0,"event_name":"SensoryStone","floor":39,"gold_loss":0},{"cards_removed":["Backstab"],"damage_healed":0,"gold_gain":0,"player_choice":"Removed Attack","damage_taken":0,"max_hp_gain":0,"max_hp_loss":0,"event_name":"Falling","floor":41,"gold_loss":0},{"damage_healed":0,"gold_gain":0,"player_choice":"Max HP","damage_taken":0,"max_hp_gain":0,"max_hp_loss":4,"event_name":"Winding Halls","floor":45,"gold_loss":0}],"is_beta":false,"boss_relics":[{"not_picked":["SacredBark","HoveringKite"],"picked":"SlaversCollar"},{"not_picked":["Cursed Key","Runic Dome"],"picked":"Black Star"}],"items_purged_floors":[20,36],"is_endless":false,"potions_floor_spawned":[3,7,14,18,27,28,38,40,42,46],"ascension_level":8}}