{"host":"xkmvu47k9fdstweo","time":1608259432,"event":{"mods":["BaseMod","Colored Map","Conspire","Hubris","Minty Spire (QoL Compilation)","Quick Restart","Railgun Mod","Shop Mod","StSLib","The Alterego","The Servant 0.9.4","The Wild Card","TheBandit","WarShipGirlsR/??è≠èóR mod","vexMod"],"gold_per_floor":[110,110,110,110,122,148,148,159,235,270,270,288,313,326,326,422,422,435,108,120,120,29,62,52,52,52,84,99,112,129,146,146,245,245,255,6,25,25,25,59,59,59],"floor_reached":41,"playtime":1332,"items_purged":[],"score":582,"play_id":"bb459ab1-887a-4227-bf99-f220ba1f6401","local_time":"20201217214352","is_ascension_mode":true,"campfire_choices":[{"data":"MurderousAura","floor":7,"key":"SMITH"},{"data":"Solidify","floor":15,"key":"SMITH"},{"data":"Sunlight","floor":25,"key":"SMITH"},{"data":"SoulSculpture","floor":32,"key":"SMITH"}],"circlet_count":0,"master_deck":["Strike_S+1","Strike_S+1","Defend_S+1","Defend_S+1","Defend_S+1","Defend_S+1","KidneyShot","Exchange","Starlight","ShatteredReality","MurderousAura+1","TimeWarp","TimeWarp","Barrier+1","Solidify+1","FlawlessForm","Luminosity","Sadistic Nature","ReturningBlade","Sunlight+1","hubris:DuctTapeCard","DualDimension","DoubleEdge","Gouge","SoulSculpture+1","TheWorld","BottledTime","SilverBlades+1","Bandage Up","FanOfKnives+1"],"relics":["Uniform","NeowsBlessing","Happy Flower","Pear","conspire:TopHat","Blood Vial","hubris:TerracottaHorce","War Paint","hubris:DeckOfHolding","vexMod:Dragonfruit","hubris:DuctTape","MysterySword","conspire:Dentures","vexMod:BarristanHead"],"acts_visited":["Exordium","TheCity","TheBeyond"],"potions_floor_usage":[13,16,23,30,33,33,37],"damage_taken":[{"damage":0,"enemies":"2 Louse","floor":1,"turns":1},{"damage":0,"enemies":"Small Slimes","floor":5,"turns":1},{"damage":0,"enemies":"Gremlin Nob","floor":6,"turns":1},{"damage":0,"enemies":"Cultist","floor":8,"turns":3},{"damage":6,"enemies":"Lagavulin","floor":10,"turns":7},{"damage":3,"enemies":"Exordium Wildlife","floor":12,"turns":3},{"damage":14,"enemies":"Gremlin Nob","floor":13,"turns":3},{"damage":5,"enemies":"Looter","floor":14,"turns":4},{"damage":1,"enemies":"Hexaghost","floor":16,"turns":8},{"damage":17,"enemies":"2 Thieves","floor":18,"turns":3},{"damage":12,"enemies":"3 Byrds","floor":20,"turns":4},{"damage":6,"enemies":"Slavers","floor":23,"turns":5},{"damage":1,"enemies":"conspire:SneckoGhost","floor":27,"turns":5},{"damage":28,"enemies":"Snake Plant","floor":28,"turns":4},{"damage":0,"enemies":"conspire:HollyBat","floor":29,"turns":5},{"damage":0,"enemies":"Centurion and Healer","floor":30,"turns":3},{"damage":9,"enemies":"Sentry and Sphere","floor":31,"turns":5},{"damage":16,"enemies":"Automaton","floor":33,"turns":9},{"damage":17,"enemies":"Orb Walker","floor":35,"turns":3},{"damage":8,"enemies":"3 Darklings","floor":37,"turns":4},{"damage":45,"enemies":"Giant Head","floor":40,"turns":9},{"damage":30,"enemies":"Spire Growth","floor":41,"turns":3}],"seed_played":"-8565485725450585387","potions_obtained":[{"floor":6,"key":"Fire Potion"},{"floor":8,"key":"ColorlessPotion"},{"floor":13,"key":"Strength Potion"},{"floor":16,"key":"Dexterity Potion"},{"floor":20,"key":"Block Potion"},{"floor":23,"key":"Block Potion"},{"floor":35,"key":"Block Potion"},{"floor":39,"key":"conspire:TimeTravelPotion"},{"floor":39,"key":"SpeedPotion"},{"floor":39,"key":"PowerPotion"}],"is_trial":false,"path_per_floor":["M","?","?","?","M","E","R","M","T","E","?","M","E","M","R","B",null,"M","$","M","?","$","E","?","R","T","E","M","M","M","M","R","B",null,"M","$","M","?","?","E","M"],"character_chosen":"THE_SERVANT","items_purchased":["Sadistic Nature","War Paint","Bandage Up","conspire:Dentures"],"campfire_rested":0,"item_purchase_floors":[19,19,22,36],"current_hp_per_floor":[65,58,63,63,63,63,63,63,73,67,67,64,50,47,47,48,72,57,57,47,47,47,47,47,47,52,57,35,41,47,44,44,34,72,61,61,55,55,55,20,0,0],"gold":59,"neow_bonus":"THREE_ENEMY_KILL","is_daily":false,"chose_seed":false,"campfire_upgraded":4,"win_rate":0.0,"timestamp":1608259432,"path_taken":["M","?","?","?","M","E","R","M","T","E","?","M","E","?","R","BOSS","M","$","M","?","$","E","?","R","T","E","M","?","M","M","R","BOSS","M","$","M","?","?","E","?"],"items_purchased_type":["Card","Relic","Card","Relic"],"build_version":"2020-12-13","purchased_purges":0,"victory":false,"max_hp_per_floor":[65,65,70,70,70,70,70,70,80,80,80,80,80,80,80,80,80,80,80,80,80,80,80,80,80,85,85,85,85,85,85,85,85,85,85,85,85,85,85,85,85,85],"card_choices":[{"not_picked":["DualDimension","Revamp"],"picked":"Starlight","floor":1},{"not_picked":["Replace","WasteNot"],"picked":"ShatteredReality","floor":5},{"not_picked":["Moonlight","Rewind"],"picked":"MurderousAura","floor":6},{"not_picked":["Ricochet","Revamp"],"picked":"TimeWarp","floor":8},{"not_picked":["Starlight","Revamp"],"picked":"TimeWarp","floor":10},{"not_picked":["ReturningBlade","Revamp"],"picked":"Barrier","floor":12},{"not_picked":["Rearm","Gouge"],"picked":"Solidify","floor":13},{"not_picked":["TimeWarp","Unruled"],"picked":"BottledTime","floor":14},{"not_picked":["Solidify","Sunlight"],"picked":"FlawlessForm","floor":16},{"not_picked":["ShatteredReality+1","Starlight"],"picked":"Luminosity","floor":18},{"not_picked":["InstantArmor+1","BottledTime+1"],"picked":"ReturningBlade","floor":20},{"not_picked":["Ricochet","WasteNot","Unruled+1"],"picked":"SKIP","floor":23},{"not_picked":[],"picked":"Sunlight","floor":24},{"not_picked":["TimeWarp","Unruled"],"picked":"DualDimension","floor":27},{"not_picked":["Ricochet","Revamp"],"picked":"DoubleEdge","floor":28},{"not_picked":["Rewind","Starlight+1","DoubleEdge"],"picked":"SKIP","floor":29},{"not_picked":["DoubleEdge","Ricochet"],"picked":"Gouge","floor":30},{"not_picked":["Starlight+1","Spin"],"picked":"SoulSculpture","floor":31},{"not_picked":["FloweringNight","Solidify"],"picked":"TheWorld","floor":33},{"not_picked":["ShatteredReality","ReturningBlade"],"picked":"BottledTime","floor":35},{"not_picked":["Moonlight","SurpressingFire+1"],"picked":"SilverBlades+1","floor":37},{"not_picked":["The Bomb","Deep Breath"],"picked":"Bandage Up","floor":38},{"not_picked":["Shuttle","ReturningBlade+1"],"picked":"FanOfKnives+1","floor":40}],"player_experience":324826,"relics_obtained":[{"floor":6,"key":"Happy Flower"},{"floor":9,"key":"Pear"},{"floor":10,"key":"conspire:TopHat"},{"floor":13,"key":"Blood Vial"},{"floor":23,"key":"hubris:DeckOfHolding"},{"floor":26,"key":"vexMod:Dragonfruit"},{"floor":27,"key":"hubris:DuctTape"},{"floor":40,"key":"vexMod:BarristanHead"}],"event_choices":[{"cards_removed":["Strike_S"],"damage_healed":0,"gold_gain":0,"player_choice":"Card Removal","damage_taken":7,"max_hp_gain":0,"max_hp_loss":0,"event_name":"Golden Wing","floor":2,"gold_loss":0},{"damage_healed":0,"gold_gain":0,"player_choice":"Donut","damage_taken":0,"max_hp_gain":5,"max_hp_loss":0,"event_name":"Big Fish","floor":3,"gold_loss":0},{"damage_healed":0,"gold_gain":0,"player_choice":"Ignored","damage_taken":0,"max_hp_gain":0,"max_hp_loss":0,"event_name":"Liars Game","floor":4,"gold_loss":0},{"cards_removed":["Strike_S"],"damage_healed":0,"gold_gain":0,"player_choice":"Offered Basic","damage_taken":0,"max_hp_gain":0,"max_hp_loss":0,"event_name":"Bonfire Elementals","floor":11,"gold_loss":0},{"damage_healed":0,"gold_gain":0,"player_choice":"Simplicity","damage_taken":0,"max_hp_gain":0,"max_hp_loss":0,"event_name":"Back to Basics","floor":21,"gold_loss":0,"cards_upgraded":["Strike_S","Strike_S","Defend_S","Defend_S","Defend_S"]},{"damage_healed":0,"gold_gain":0,"player_choice":"Memory 1","damage_taken":0,"max_hp_gain":0,"max_hp_loss":0,"event_name":"SensoryStone","floor":38,"gold_loss":0},{"damage_healed":0,"gold_gain":0,"player_choice":"Got Potions","damage_taken":0,"max_hp_gain":0,"max_hp_loss":0,"event_name":"Lab","floor":39,"gold_loss":0}],"is_beta":false,"boss_relics":[{"not_picked":["Fusion Hammer","Busted Crown"],"picked":"hubris:TerracottaHorce"},{"not_picked":["Black Star","SacredBark"],"picked":"MysterySword"}],"items_purged_floors":[],"is_endless":false,"potions_floor_spawned":[6,8,13,16,20,23,35],"killed_by":"Spire Growth","ascension_level":2}}