{"host":"951sez6ulsv0fw1i","time":1608307475,"event":{"mods":["2.2 Compatiblity","Aspiration","BaseMod","Better Third Choice","BetterRewards","CCEM","CapriCore","Conspire","Downfall","Googly Eyes","Hermit","Infinite Spire","JesterMod","Luminous","Mari Mod (Legacy)","Mari\u0027s V1 Patch","Marisa????????","Minty Spire (QoL Compilation)","Potionbrewer","Reimu??????","Shade Mod","StSLib","The Cursed","The Immortal","The Runesmith","The Servant 0.9.4","TheBandit","TheSwordswoman"],"gold_per_floor":[114,38,50,15,15,43,59,88,164,176,193,221,30,42,42,141,141,156,116,116,116,136,136,146,146,146],"floor_reached":25,"playtime":1202,"items_purged":[],"score":273,"play_id":"24ddb6d7-143d-4e5b-9e12-0a8038ae0eb9","local_time":"20201218170435","is_ascension_mode":false,"campfire_choices":[{"data":"Runesmith:GrandSlam","floor":15,"key":"SMITH"},{"data":"Runesmith:Superposition","floor":23,"key":"SMITH"}],"circlet_count":0,"master_deck":["Runesmith:Strike_RS","Runesmith:Strike_RS","Runesmith:Strike_RS","Runesmith:Strike_RS","Runesmith:Defend_RS","Runesmith:Defend_RS","Runesmith:Defend_RS","Runesmith:Defend_RS","Runesmith:CraftFirestone","Runesmith:Fortify","Runesmith:HammerAndChisel","Runesmith:ElementalConversion","Runesmith:UnstableHammer","Runesmith:Repurpose","Runesmith:FissionHammer","Runesmith:Superposition","Runesmith:GrandSlam+1","Runesmith:DuctTape","Runesmith:Overpower","Runesmith:RuneHurl","Runesmith:GoWithTheFlow","Runesmith:Superposition+1","Runesmith:Attraction","Runesmith:MetallurgicalResearch","Runesmith:RuneHurl+1","ZunPunch:ReiMu","Runesmith:ReplicatingBarrier","Runesmith:CraftMagma+1"],"relics":["Runesmith:BrokenRuby","Oddly Smooth Stone","conspire:DecoderRing","Bottled Flame","infinitespire:FocusingShard","Toy Ornithopter","aspiration:IroncladSkillbook"],"acts_visited":["Exordium","TheCity"],"potions_floor_usage":[8,14,16,16,22,24,25],"damage_taken":[{"damage":0,"enemies":"2 Louse","floor":1,"turns":4},{"damage":16,"enemies":"Jaw Worm","floor":3,"turns":4},{"damage":16,"enemies":"Lagavulin","floor":6,"turns":7},{"damage":0,"enemies":"Cultist","floor":7,"turns":3},{"damage":14,"enemies":"Gremlin Nob","floor":8,"turns":5},{"damage":9,"enemies":"Blue Slaver","floor":10,"turns":4},{"damage":0,"enemies":"Looter","floor":11,"turns":2},{"damage":28,"enemies":"3 Sentries","floor":12,"turns":7},{"damage":5,"enemies":"3 Louse","floor":14,"turns":3},{"damage":0,"enemies":"Hexaghost","floor":16,"turns":9},{"damage":19,"enemies":"conspire:FuzzyDice","floor":18,"turns":5},{"damage":4,"enemies":"Shell Parasite","floor":22,"turns":2},{"damage":30,"enemies":"Snake Plant","floor":24,"turns":4},{"damage":45,"enemies":"Book of Stabbing","floor":25,"turns":4}],"seed_played":"-1269097554963910650","potions_obtained":[{"floor":3,"key":"ZuzhouPotion:ReiMu"},{"floor":6,"key":"PowerPotion"},{"floor":7,"key":"EssenceOfSteel"},{"floor":10,"key":"Weak Potion"},{"floor":12,"key":"sneckomod:MuddlingPotion"},{"floor":16,"key":"Guardian:BlockOnCardUsePotion"},{"floor":21,"key":"Dexterity Potion"},{"floor":21,"key":"GrandPatriotsElixir:ReiMu"},{"floor":21,"key":"MagicPotion:ReiMu"},{"floor":22,"key":"AttackPotion"}],"is_trial":false,"path_per_floor":["M","$","M","?","?","E","M","E","T","M","M","E","$","M","R","B",null,"M","?","?","?","M","R","M","E"],"character_chosen":"RUNESMITH_CLASS","items_purchased":["Runesmith:ElementalConversion","Toy Ornithopter","Runesmith:Superposition"],"campfire_rested":0,"item_purchase_floors":[2,13,13],"current_hp_per_floor":[70,70,54,70,70,54,54,40,40,31,31,3,3,3,3,13,70,55,55,55,55,60,60,39,0,0],"gold":146,"neow_bonus":"RANDOM_COMMON_RELIC","is_daily":false,"chose_seed":false,"campfire_upgraded":2,"win_rate":0.0,"timestamp":1608307475,"path_taken":["M","$","M","?","?","E","M","E","T","M","?","E","$","M","R","BOSS","M","?","?","?","M","R","M","E"],"items_purchased_type":["Card","Relic","Card"],"build_version":"2020-12-13","purchased_purges":0,"victory":false,"max_hp_per_floor":[70,70,70,70,70,70,70,70,70,70,70,70,70,70,70,70,70,70,70,70,70,70,70,70,70,70],"card_choices":[{"not_picked":["Runesmith:HeatExchange","Runesmith:HeatedChisel"],"picked":"Runesmith:HammerAndChisel","floor":1},{"not_picked":["Runesmith:HeatExchange","Runesmith:Overpower"],"picked":"Runesmith:UnstableHammer","floor":3},{"not_picked":["Runesmith:EarthShield","Runesmith:GoWithTheFlow"],"picked":"Runesmith:Superposition","floor":6},{"not_picked":["Runesmith:EnergizedChisel","Runesmith:UnstableHammer"],"picked":"Runesmith:GrandSlam","floor":7},{"not_picked":["Runesmith:Permafrost","Runesmith:HeatExchange"],"picked":"Runesmith:DuctTape","floor":8},{"not_picked":["Runesmith:CraftMagma","Runesmith:DoubleUp"],"picked":"Runesmith:Overpower","floor":10},{"not_picked":["Runesmith:NanitesCloud","Runesmith:ShiftingStrike"],"picked":"Runesmith:RuneHurl","floor":11},{"not_picked":["Runesmith:HammerThrow","Runesmith:CraftIndustria"],"picked":"Runesmith:GoWithTheFlow","floor":12},{"not_picked":["Runesmith:ShiftingStrike","Runesmith:Repurpose"],"picked":"Runesmith:Attraction","floor":14},{"not_picked":["Runesmith:Duplicate","Runesmith:GenerateForcefield"],"picked":"Runesmith:MetallurgicalResearch","floor":16},{"not_picked":["Runesmith:Overpower","Iron Wave","Runesmith:CraftProtectio"],"picked":"Runesmith:RuneHurl+1","floor":18},{"not_picked":["Dark Embrace","Cleave","Flex"],"picked":"Runesmith:ReplicatingBarrier","floor":22},{"not_picked":["Runesmith:HeatedChisel","Runesmith:StaticCage","Thunderclap"],"picked":"Runesmith:CraftMagma+1","floor":24}],"player_experience":508616,"relics_obtained":[{"floor":6,"key":"conspire:DecoderRing"},{"floor":8,"key":"Bottled Flame"},{"floor":12,"key":"infinitespire:FocusingShard"}],"event_choices":[{"damage_healed":17,"gold_gain":0,"player_choice":"Healed","damage_taken":0,"max_hp_gain":0,"max_hp_loss":0,"event_name":"The Cleric","floor":4,"gold_loss":35},{"damage_healed":0,"gold_gain":0,"player_choice":"2 cards matched","damage_taken":0,"max_hp_gain":0,"max_hp_loss":0,"event_name":"Match and Keep!","floor":5,"gold_loss":0,"cards_obtained":["Runesmith:Repurpose","Runesmith:FissionHammer"]},{"damage_healed":0,"gold_gain":0,"player_choice":"Hand rover O-miki","damage_taken":0,"max_hp_gain":0,"max_hp_loss":0,"event_name":"ZunEvent","floor":19,"relics_lost":["ZunR:ReiMu"],"gold_loss":0,"cards_obtained":["ZunPunch:ReiMu"]},{"damage_healed":0,"gold_gain":0,"player_choice":"Ignored","damage_taken":0,"max_hp_gain":0,"max_hp_loss":0,"event_name":"Ghosts","floor":20,"gold_loss":0},{"damage_healed":0,"gold_gain":0,"player_choice":"Got Potions","damage_taken":0,"max_hp_gain":0,"max_hp_loss":0,"event_name":"Lab","floor":21,"gold_loss":0}],"is_beta":false,"boss_relics":[{"not_picked":["Pandora\u0027s Box","Busted Crown"],"picked":"aspiration:IroncladSkillbook"}],"items_purged_floors":[],"is_endless":false,"potions_floor_spawned":[3,6,7,10,12,16,22],"killed_by":"Book of Stabbing","ascension_level":0}}