{"host":"87fdiiwflhrwsj8a","time":1608312506,"event":{"mods":["Aspiration","BaseMod","Better Match","Better Third Choice","BetterRewards","Colored Map","Downfall","GifTheSpireLib","Infinite Spire","Minty Spire (QoL Compilation)","Relic Sorter","Replay The Spire","Robot Space Explorer","StSLib","Stuff the Spire","The Cursed"],"gold_per_floor":[113,166,241,241,257,283,283,310,310,343,356,356,368,388,388,490,490,509,509,474,548,353,379,397,422,475,750,750,750,750,765,863,964,1064,1074,1074,1086,1086,1086,1086,963,997,997,1016,1039,1039,1067,779,779,806,806,808,808,808,421,453,495],"floor_reached":58,"playtime":2496,"items_purged":[],"score":2274,"play_id":"b7c6cd58-3975-4c56-902f-d9f8be0d1498","local_time":"20201218122826","is_ascension_mode":true,"campfire_choices":[{"data":"TheCursedMod:ParallelWorld","floor":7.0,"key":"SMITH"},{"data":"TheCursedMod:CleanUpWorkshop","floor":7.0,"key":"SMITH"},{"data":"TheCursedMod:SurpriseAttack","floor":12.0,"key":"SMITH"},{"data":"TheCursedMod:SurpriseAttack","floor":12.0,"key":"SMITH"},{"data":"TheCursedMod:VoidForm","floor":15.0,"key":"SMITH"},{"data":"TheCursedMod:LuckyCharm","floor":15.0,"key":"SMITH"},{"data":"TheCursedMod:CursedRelics","floor":28.0,"key":"SMITH"},{"data":"TheCursedMod:SpitefulPray","floor":28.0,"key":"SMITH"},{"data":"TheCursedMod:CursedBlade","floor":30,"key":"SMITH"},{"data":"TheCursedMod:CursedWand","floor":30,"key":"SMITH"},{"data":"TheCursedMod:VoidForm","floor":43,"key":"SMITH"},{"data":"TheCursedMod:SpitefulPlan","floor":43,"key":"SMITH"},{"data":"TheCursedMod:TacticalStrike","floor":49,"key":"SMITH"},{"data":"TheCursedMod:DemonSword","floor":49,"key":"SMITH"},{"floor":51,"key":"RECALL"},{"data":"TheCursedMod:VoidForm","floor":54,"key":"SMITH"},{"data":"TheCursedMod:Stigma","floor":54,"key":"SMITH"}],"circlet_count":0,"master_deck":["TheCursedMod:Strike_TheCursed","TheCursedMod:Strike_TheCursed+1","TheCursedMod:Strike_TheCursed","TheCursedMod:Defend_TheCursed","TheCursedMod:Defend_TheCursed","TheCursedMod:Defend_TheCursed","TheCursedMod:CursedWand+1","TheCursedMod:CleanUpWorkshop+1","TheCursedMod:Dregs","TheCursedMod:LuckyCharm+1","TheCursedMod:SurpriseAttack+1","TheCursedMod:ParallelWorld+1","TheCursedMod:Stigma","ReplayTheSpireMod:Faulty Equipment","TheCursedMod:CursedBlade+1","TheCursedMod:CursedBlade+1","TheCursedMod:LuckyCharm+1","TheCursedMod:SurpriseAttack+1","TheCursedMod:CursedShiv","TheCursedMod:VoidForm+1","TheCursedMod:CursedRelics+1","CurseOfTheBell","TheCursedMod:DoubleShield+1","TheCursedMod:SpitefulPray+1","TheCursedMod:SurpriseAttack+1","TheCursedMod:SoulCrush+1","Regret","TheCursedMod:Stigma+1","TheCursedMod:VoidForm+1","TheCursedMod:CursedSpellbook+1","TheCursedMod:SpitefulPlan+1","TheCursedMod:CursedAmulet+1","TheCursedMod:TacticalStrike+1","TheCursedMod:DemonSword+1","TheCursedMod:VoidForm+1","TheCursedMod:VoidForm+1","TheCursedMod:DoubleShield"],"relics":["TheCursedMod:BlackMagic101","StuffTheSpire:Nightcore","Vajra","Replay:Arrowhead","Membership Card","StuffTheSpire:Expresso","Pantograph","StuffTheSpire:MayFlowers","StuffTheSpire:DarkSteelAnvil","Lee\u0027s Waffle","StuffTheSpire:NeowsTribute","Happy Flower","Tiny Chest","aspiration:AnachronicSnailShell","ReplayTheSpireMod:CursedCoin","Whetstone","Bronze Scales","ReplayFunnel","Matryoshka","Regal Pillow","Calling Bell","Iron Hammer","Replay:Rubber Ducky","Calipers","infinitespire:Lucky Rock","ClockworkSouvenir","Replay:Bottled Snecko","infinitespire:Beetle Shell","StuffTheSpire:GrapeVine","Ancient Tea Set","aspiration:HiddenCompartment","Guide Book","Replay:Wanted Poster","infinitespire:Midas Blood","Garlic","Replay:Mystery Machine","Oddly Smooth Stone","Anchor","TheCursedMod:SoulVessel","BranchBurnRelic","ReplayTheSpireMod:Lightbulb","Lantern","Guide Book","Replay:Accelerometer","InkBottle"],"acts_visited":["Exordium","TheCity","TheBeyond","TheEnding"],"potions_floor_usage":[33,42,57,57,57],"damage_taken":[{"damage":0.0,"enemies":"Cultist","floor":1.0,"turns":4.0},{"damage":0.0,"enemies":"2 Louse","floor":5.0,"turns":1.0},{"damage":0.0,"enemies":"3 Sentries","floor":6.0,"turns":2.0},{"damage":6.0,"enemies":"Replay:BlueRogue","floor":8.0,"turns":2.0},{"damage":3.0,"enemies":"3 Sentries","floor":10.0,"turns":2.0},{"damage":1.0,"enemies":"Jaw Worm","floor":11.0,"turns":2.0},{"damage":0.0,"enemies":"Exordium Wildlife","floor":13.0,"turns":2.0},{"damage":0.0,"enemies":"Large Slime","floor":14.0,"turns":2.0},{"damage":3.0,"enemies":"Fading Forest","floor":16.0,"turns":10.0},{"damage":0.0,"enemies":"3 Byrds","floor":18.0,"turns":2.0},{"damage":7.0,"enemies":"Book of Stabbing","floor":23.0,"turns":3.0},{"damage":0.0,"enemies":"Chosen","floor":24.0,"turns":3.0},{"damage":0.0,"enemies":"Slavers","floor":25.0,"turns":2.0},{"damage":0,"enemies":"3 Cultists","floor":31,"turns":2},{"damage":19,"enemies":"Automaton","floor":33,"turns":3},{"damage":1,"enemies":"Orb Walker","floor":35,"turns":2},{"damage":2,"enemies":"3 Darklings","floor":37,"turns":3},{"damage":0,"enemies":"R_Hoarder","floor":42,"turns":5},{"damage":0,"enemies":"Writhing Mass","floor":44,"turns":1},{"damage":2,"enemies":"Giant Head","floor":47,"turns":2},{"damage":0,"enemies":"R_Hoarder","floor":50,"turns":2},{"damage":10,"enemies":"Awakened One","floor":52,"turns":4},{"damage":0,"enemies":"Shield and Spear","floor":56,"turns":4},{"damage":26,"enemies":"The Heart","floor":57,"turns":5}],"seed_played":"-3340683065317278838","potions_obtained":[{"floor":6.0,"key":"Toxic Potion"},{"floor":10.0,"key":"Swift Potion"},{"floor":11.0,"key":"Weak Potion"},{"floor":16.0,"key":"Death Potion"},{"floor":33,"key":"LifebloodPotion"},{"floor":42,"key":"AttackPotion"}],"is_trial":false,"path_per_floor":["M","$","?","?","M","E","R","E","T","E","M","R","M","M","R","B",null,"M","?","$","T","$","E","M","E","T","?","R","AVR","R","M","R_BF","B",null,"M","T","M","?","PTL","PTL","$","E","R","M","T","?","E","$","R","E","R","B",null,"R","$","E","B",null],"character_chosen":"THE_CURSED","items_purchased":["Vajra","Membership Card","StuffTheSpire:Expresso","Pantograph","StuffTheSpire:DarkSteelAnvil","Lee\u0027s Waffle","TheCursedMod:LuckyCharm","Happy Flower","Tiny Chest","TheCursedMod:SurpriseAttack","ReplayTheSpireMod:CursedCoin","TheCursedMod:CursedBlade","Whetstone","TheCursedMod:SpitefulPray","ClockworkSouvenir","Replay:Bottled Snecko","Garlic","Anchor","TheCursedMod:SoulVessel","TheCursedMod:DemonSword","Lantern","TheCursedMod:VoidForm","Guide Book","Replay:Accelerometer","LifebloodPotion"],"campfire_rested":0,"item_purchase_floors":[0,0,0,0,0,0,0,0,0,0,2,2,2,20,22,22,41,48,48,48,55,55,55,55,55],"current_hp_per_floor":[74,74,63,63,63,63,63,57,57,54,53,53,53,53,53,82,82,82,66,66,66,66,59,59,59,59,59,59,59,59,59,59,65,82,81,81,79,79,79,79,79,85,85,85,85,85,83,83,83,87,87,87,87,87,87,87,68],"gold":495,"neow_bonus":"","is_daily":false,"chose_seed":false,"campfire_upgraded":16,"win_rate":0.0,"timestamp":1608312506,"path_taken":["M","$","?","?","M","E","R","E","T","E","M","R","M","M","R","BOSS","M","?","$","?","?","E","?","E","T","?","R","AVR","R","M","R_BF","BOSS","M","?","M","?","PTL","PTL","$","E","R","M","T","?","E","$","R","E","R","BOSS","R","$","E","BOSS"],"items_purchased_type":["Relic","Relic","Relic","Relic","Relic","Relic","Card","Relic","Relic","Card","Relic","Card","Relic","Card","Relic","Relic","Relic","Relic","Relic","Card","Relic","Card","Relic","Relic","Potion"],"build_version":"2020-12-13","purchased_purges":0,"victory":true,"max_hp_per_floor":[82,82,82,82,82,82,82,82,82,82,82,82,82,82,82,82,82,82,87,87,87,87,87,87,87,87,87,87,87,87,87,87,87,87,87,87,87,87,87,87,87,87,87,87,87,87,87,87,87,87,87,87,87,87,87,87,87],"card_choices":[{"not_picked":["TheCursedMod:FleshFromBone","TheCursedMod:SpitefulStrike"],"picked":"TheCursedMod:Stigma","floor":1.0},{"not_picked":["TheCursedMod:CircleOfFlame","TheCursedMod:ReleasedKnowledge"],"picked":"TheCursedMod:LuckyCharm","floor":5.0},{"not_picked":["TheCursedMod:WearCloak","TheCursedMod:CursedStaff","TheCursedMod:TroublousMinions"],"picked":"SKIP","floor":6.0},{"not_picked":["TheCursedMod:CursedMace","TheCursedMod:CursedShiv"],"picked":"TheCursedMod:SurpriseAttack","floor":8.0},{"not_picked":["TheCursedMod:SaltUponWound","TheCursedMod:CursedMace","TheCursedMod:SoulReap"],"picked":"SKIP","floor":10.0},{"not_picked":["TheCursedMod:Grudge","TheCursedMod:Torture"],"picked":"TheCursedMod:CursedShiv","floor":11.0},{"not_picked":["TheCursedMod:SpreadPlague","TheCursedMod:CursedAmulet","TheCursedMod:BloodBarrier"],"picked":"SKIP","floor":13.0},{"not_picked":["TheCursedMod:SmokeScreen","TheCursedMod:RapidMovement"],"picked":"TheCursedMod:VoidForm","floor":14.0},{"not_picked":["TheCursedMod:DarkBarrier","TheCursedMod:AntiAging"],"picked":"TheCursedMod:CursedRelics","floor":16.0},{"not_picked":["TheCursedMod:CircleOfCorruption","TheCursedMod:Wield"],"picked":"TheCursedMod:DoubleShield","floor":18.0},{"not_picked":["TheCursedMod:CircleOfFlame","TheCursedMod:FleshFromBone","TheCursedMod:Torture"],"picked":"SKIP","floor":23.0},{"not_picked":["TheCursedMod:SpitefulPlan","TheCursedMod:Torture"],"picked":"TheCursedMod:SurpriseAttack+1","floor":24.0},{"not_picked":["TheCursedMod:LuckyCharm+1","TheCursedMod:Obscuration"],"picked":"TheCursedMod:SoulCrush","floor":25.0},{"not_picked":["TheCursedMod:Hemoplague","TheCursedMod:SaltUponWound"],"picked":"TheCursedMod:Stigma","floor":31},{"not_picked":["TheCursedMod:DarkBarrier","TheCursedMod:ManaCirculation"],"picked":"TheCursedMod:VoidForm","floor":33},{"not_picked":["TheCursedMod:SpitefulStrike+1","TheCursedMod:ReleasedStrength+1"],"picked":"TheCursedMod:CursedSpellbook+1","floor":35},{"not_picked":["TheCursedMod:ManaBullet","TheCursedMod:Wield+1","TheCursedMod:Stretching"],"picked":"SKIP","floor":37},{"not_picked":["TheCursedMod:ReleasedStrength","TheCursedMod:CursedStaff"],"picked":"TheCursedMod:SpitefulPlan","floor":42},{"not_picked":["TheCursedMod:AbyssShockwave+1","TheCursedMod:CursedArmor+1"],"picked":"TheCursedMod:CursedAmulet+1","floor":44},{"not_picked":["TheCursedMod:HellsGateOpen","TheCursedMod:Stigma+1"],"picked":"TheCursedMod:TacticalStrike","floor":47},{"not_picked":["TheCursedMod:ManaBullet+1","TheCursedMod:CursedSpellbook"],"picked":"TheCursedMod:VoidForm","floor":50},{"not_picked":["TheCursedMod:SmokeScreen","TheCursedMod:VitalStrike"],"picked":"TheCursedMod:DoubleShield","floor":56}],"player_experience":2569772,"relics_obtained":[{"floor":6.0,"key":"Bronze Scales"},{"floor":8.0,"key":"ReplayFunnel"},{"floor":9.0,"key":"Matryoshka"},{"floor":10.0,"key":"Regal Pillow"},{"floor":17.0,"key":"Iron Hammer"},{"floor":17.0,"key":"Replay:Rubber Ducky"},{"floor":17.0,"key":"Calipers"},{"floor":21.0,"key":"infinitespire:Lucky Rock"},{"floor":23.0,"key":"infinitespire:Beetle Shell"},{"floor":25.0,"key":"StuffTheSpire:GrapeVine"},{"floor":26.0,"key":"Ancient Tea Set"},{"floor":26.0,"key":"aspiration:HiddenCompartment"},{"floor":36,"key":"infinitespire:Midas Blood"},{"floor":42,"key":"Replay:Mystery Machine"},{"floor":45,"key":"Oddly Smooth Stone"},{"floor":47,"key":"Dead Branch"},{"floor":50,"key":"ReplayTheSpireMod:Lightbulb"},{"floor":56,"key":"InkBottle"}],"event_choices":[{"damage_healed":0.0,"max_hp_gain":0.0,"max_hp_loss":0.0,"gold_gain":75.0,"event_name":"betterThird:BetterGoop","player_choice":"Gold","floor":3.0,"gold_loss":0.0,"damage_taken":11.0},{"damage_healed":0.0,"max_hp_gain":0.0,"max_hp_loss":0.0,"gold_gain":0.0,"event_name":"The Cleric","player_choice":"Leave","floor":4.0,"gold_loss":0.0,"damage_taken":0.0},{"damage_healed":0.0,"max_hp_gain":5.0,"max_hp_loss":0.0,"gold_gain":0.0,"event_name":"Forgotten Altar","player_choice":"Shed Blood","floor":19.0,"gold_loss":0.0,"damage_taken":21.0},{"damage_healed":0.0,"max_hp_gain":0.0,"max_hp_loss":0.0,"gold_gain":275.0,"event_name":"Golden Shrine","player_choice":"Desecrate","floor":27.0,"gold_loss":0.0,"damage_taken":0.0,"cards_obtained":["Regret"]},{"cards_removed":["TheCursedMod:Defend_TheCursed"],"damage_healed":0,"gold_gain":0,"player_choice":"Removed Skill","damage_taken":0,"max_hp_gain":0,"max_hp_loss":0,"event_name":"Falling","floor":38,"gold_loss":0},{"damage_healed":0,"gold_gain":0,"player_choice":"Ignored","damage_taken":0,"max_hp_gain":0,"max_hp_loss":0,"event_name":"Tomb of Lord Red Mask","floor":46,"gold_loss":0}],"is_beta":false,"boss_relics":[{"not_picked":["Replay:Drink Me","aspiration:SilentSkillbook"],"picked":"Calling Bell"},{"not_picked":["Honey Jar","Velvet Choker"],"picked":"Replay:Wanted Poster"}],"items_purged_floors":[],"is_endless":false,"potions_floor_spawned":[6,10,11,13,16,24,33,42,47],"ascension_level":6}}