{"host":"jak4ncvfzor9mys0","time":1608315607,"event":{"mods":["2.2 Compatiblity","AchievementEnabler","BaseMod","Better Altar","Better Match","Better Note","Better Sensory Stone","Better Skull","Better Third Choice","BetterRewards","Block Reminder","Colored Map","Colored Powertips","Energized Spire","Gold Saver","Hubris","Infinite Spire","Key Reminder","Minty Spire (QoL Compilation)","Rare Cards Sparkle","Red Circlet Mod","Relic Sorter","Relic Stats","Replay The Spire","Retaliation","StSLib","SuperFastMode","The Blue Laboratory"],"gold_per_floor":[339,351,224,224,224,224,257,257,334,334,347,347,361,381,381,483,533,552,552,330,342,342,342,370,370,397,427,441,441,460,475,475,577,577,577,577],"floor_reached":35,"playtime":1174,"items_purged":["Strike_B","Strike_B"],"score":420,"play_id":"1a928390-1a9c-4d42-a572-99a765ef7462","local_time":"20201218102007","is_ascension_mode":false,"campfire_choices":[{"data":"Zap","floor":6,"key":"SMITH"},{"data":"Dualcast","floor":8,"key":"SMITH"},{"data":"Glacier","floor":10,"key":"SMITH"},{"data":"Cold Snap","floor":12,"key":"SMITH"},{"data":"Redo","floor":15,"key":"SMITH"},{"data":"Defragment","floor":23,"key":"SMITH"},{"data":"Cold Snap","floor":25,"key":"SMITH"},{"floor":32,"key":"REST"}],"circlet_count":0,"master_deck":["Strike_B","Defend_B","Defend_B","Defend_B","Defend_B","Zap+1","Dualcast+1","hubris:Ukulele","Cold Snap+1","Glacier+1","Defragment+1","Cold Snap","Redo+1","Ball Lightning","Cold Snap+1","Defragment+1","Ball Lightning+1","Stack","Necronomicurse","Sunder+1"],"relics":["Cracked Core","Replay:Antivirus Software","hubris:Towel","Bottled Lightning","Tiny House","Question Card","Blue Doll","Mirror","Necronomicon","energizedSpire:UnstableMolecules"],"acts_visited":["Exordium","TheCity","TheBeyond"],"potions_floor_usage":[7,24,27,27,33],"damage_taken":[{"damage":1,"enemies":"Cultist","floor":1,"turns":3},{"damage":1,"enemies":"Jaw Worm","floor":2,"turns":4},{"damage":20,"enemies":"Gremlin Nob","floor":7,"turns":4},{"damage":0,"enemies":"2 Louse","floor":11,"turns":2},{"damage":2,"enemies":"Blue Slaver","floor":13,"turns":3},{"damage":3,"enemies":"Lots of Slimes","floor":14,"turns":3},{"damage":19,"enemies":"Hexaghost","floor":16,"turns":10},{"damage":2,"enemies":"3 Byrds","floor":18,"turns":6},{"damage":7,"enemies":"Shell Parasite","floor":21,"turns":4},{"damage":0,"enemies":"Nightmare","floor":24,"turns":6},{"damage":25,"enemies":"Slavers","floor":27,"turns":5},{"damage":9,"enemies":"Shelled Parasite and Fungi","floor":28,"turns":6},{"damage":0,"enemies":"Centurion and Healer","floor":30,"turns":6},{"damage":0,"enemies":"Chosen and Byrds","floor":31,"turns":4},{"damage":30,"enemies":"Automaton","floor":33,"turns":12},{"damage":5,"enemies":"Orb Walker","floor":35,"turns":2}],"seed_played":"-893164750519377513","potions_obtained":[{"floor":2,"key":"Languid Potion"},{"floor":14,"key":"Toxic Potion"},{"floor":16,"key":"Explosive Potion"},{"floor":17,"key":"Adrenaline Potion"},{"floor":19,"key":"CultistPotion"},{"floor":27,"key":"blueLaboratory:BottleOfVodka"},{"floor":31,"key":"Elixir"},{"floor":33,"key":"blueLaboratory:TrueEctoplasm"}],"is_trial":false,"path_per_floor":["M","M","$","?","$","R","E","R","T","R","M","R","M","M","R","B",null,"M","?","$","M","?","R","NM","R","T","E","M","?","M","M","R","B",null,"M"],"character_chosen":"DEFECT","items_purchased":["Cold Snap","Cold Snap","Defragment"],"campfire_rested":1,"item_purchase_floors":[3,20,20],"current_hp_per_floor":[74,73,73,73,73,73,53,53,53,53,53,53,51,48,48,29,80,78,78,78,71,71,71,71,71,71,46,37,21,21,21,45,15,80,75,75],"gold":577,"neow_bonus":"REMOVE_CARD","is_daily":false,"chose_seed":false,"campfire_upgraded":7,"win_rate":0.0,"timestamp":1608315607,"path_taken":["M","M","$","?","$","R","E","R","T","R","M","R","M","M","R","BOSS","M","?","$","M","?","R","NM","R","T","E","M","?","M","?","R","BOSS","M"],"items_purchased_type":["Card","Card","Card"],"build_version":"2020-12-13","purchased_purges":2,"victory":false,"max_hp_per_floor":[75,75,75,75,75,75,75,75,75,75,75,75,75,75,75,75,80,80,80,80,80,80,80,80,80,80,80,80,80,80,80,80,80,80,80,80],"relic_stats":{"counters":[16,80],"Necronomicon":[2],"Question Card":16,"obtain_stats":[{"Tiny House":17,"energizedSpire:UnstableMolecules":34,"Blue Doll":26,"Necronomicon":29,"Bottled Lightning":9,"hubris:Towel":4,"Replay:Antivirus Software":7,"Cracked Core":0,"Question Card":24,"Mirror":27},{"Tiny House":7,"energizedSpire:UnstableMolecules":15,"Blue Doll":10,"Necronomicon":12,"Bottled Lightning":3,"hubris:Towel":2,"Replay:Antivirus Software":3,"Cracked Core":0,"Question Card":10,"Mirror":11},{"Tiny House":29,"energizedSpire:UnstableMolecules":78,"Blue Doll":45,"Necronomicon":56,"Bottled Lightning":11,"hubris:Towel":7,"Replay:Antivirus Software":11,"Cracked Core":0,"Question Card":45,"Mirror":50}]},"card_choices":[{"not_picked":["Barrage","Static Discharge","Panic Button"],"picked":"SKIP","floor":1},{"not_picked":["Fusion","Ball Lightning"],"picked":"hubris:Ukulele","floor":2},{"not_picked":["Go for the Eyes","Fission"],"picked":"Glacier","floor":7},{"not_picked":["Gash","Echo Form"],"picked":"Defragment","floor":11},{"not_picked":["Hologram","Darkness"],"picked":"Cold Snap","floor":13},{"not_picked":["Barrage","Reprogram"],"picked":"Redo","floor":14},{"not_picked":["Barrage","Loop"],"picked":"Ball Lightning","floor":17},{"not_picked":["Rebound","Multi-Cast","ReplayTheSpireMod:Reroute Power"],"picked":"SKIP","floor":18},{"not_picked":["ReplayTheSpireMod:Repulse","hubris:PowerSurge+1"],"picked":"Ball Lightning+1","floor":21},{"not_picked":["Redo","Sweeping Beam","Coolheaded"],"picked":"SKIP","floor":24},{"not_picked":["Buffer","Redo","Rebound","Doom and Gloom"],"picked":"SKIP","floor":27},{"not_picked":["Redo","ReplaySolidLightProjector","Coolheaded+1"],"picked":"Stack","floor":28},{"not_picked":["Compile Driver","Panic Button+1","Gash"],"picked":"Sunder+1","floor":30},{"not_picked":["Gash+1","Redo","Melter","Skim+1"],"picked":"SKIP","floor":31}],"player_experience":2638122,"relics_obtained":[{"floor":7,"key":"Replay:Antivirus Software"},{"floor":9,"key":"Bottled Lightning"},{"floor":24,"key":"Question Card"},{"floor":26,"key":"Blue Doll"},{"floor":27,"key":"Mirror"},{"floor":29,"key":"Necronomicon"}],"event_choices":[{"damage_healed":0,"gold_gain":0,"player_choice":"Got Potions","damage_taken":0,"max_hp_gain":0,"max_hp_loss":0,"event_name":"Lab","floor":19,"gold_loss":0},{"cards_removed":["Strike_B"],"damage_healed":0,"gold_gain":0,"player_choice":"Give","damage_taken":0,"max_hp_gain":0,"max_hp_loss":0,"event_name":"betterNote:BetterNote","floor":22,"gold_loss":0,"cards_obtained":["Strike_R"]},{"damage_healed":0,"gold_gain":0,"player_choice":"Obtained Book","damage_taken":16,"max_hp_gain":0,"max_hp_loss":0,"event_name":"Cursed Tome","floor":29,"gold_loss":0}],"is_beta":false,"boss_relics":[{"not_picked":["energizedSpire:OgreHead","hubris:TerracottaHorce"],"picked":"Tiny House"},{"not_picked":["energizedSpire:MagnifyingGlass","Snecko Heart"],"picked":"energizedSpire:UnstableMolecules"}],"items_purged_floors":[3,20],"is_endless":true,"potions_floor_spawned":[2,14,16,18,27,31,33],"killed_by":"Orb Walker","ascension_level":0}}