{"host":"op4w78njqr7gt84b","time":1608317235,"event":{"mods":["2.2 Compatiblity","BaseMod","BetterRewards","Colored Map","Downfall","Emptier Cage","Friendly Minions","GifTheSpireLib","Mad Scientist","Minty Spire (QoL Compilation)","Permanent Neow","Rare Cards Sparkle","Shop Mod","StSLib","The Construct","The Cursed","The Disciple","The Hayseed","The IronCluck","The Poker Player","The Runesmith","Trackpad","themimic"],"gold_per_floor":[18,18,34,53,127,127,152,152,176,176,32,132,142,142,142,246,246,262,262,282,299,319,319,331,331,358,358,375,390,390,46,46,46,46,46],"floor_reached":33,"playtime":1168,"items_purged":["PokerPlayerMod:Diamond1"],"score":286,"play_id":"f1fd108a-eac2-4e10-85e2-b7d015672f41","local_time":"20201218134715","is_ascension_mode":true,"metric_token":1490,"campfire_choices":[{"data":"PokerPlayerMod:Promotion","floor":6,"key":"SMITH"},{"data":"PokerPlayerMod:Mulligan","floor":8,"key":"SMITH"},{"data":"PokerPlayerMod:BadJoker","floor":10,"key":"SMITH"},{"data":"PokerPlayerMod:TrumpStrike","floor":15,"key":"SMITH"},{"data":"PokerPlayerMod:Promotion","floor":23,"key":"SMITH"},{"data":"PokerPlayerMod:ClubShade","floor":25,"key":"SMITH"},{"data":"PokerPlayerMod:Club4","floor":27,"key":"SMITH"},{"data":"PokerPlayerMod:ThinkingTime","floor":32,"key":"SMITH"}],"circlet_count":0,"master_deck":["PokerPlayerMod:Diamond2","PokerPlayerMod:Diamond3","PokerPlayerMod:Diamond4","PokerPlayerMod:Diamond5","PokerPlayerMod:Spade1","PokerPlayerMod:Spade2","PokerPlayerMod:Spade3","PokerPlayerMod:Spade4","PokerPlayerMod:Club1","PokerPlayerMod:Club2","PokerPlayerMod:Heart2","PokerPlayerMod:TrumpStrike+1","PokerPlayerMod:BadJoker+1","PokerPlayerMod:Mulligan+1","PokerPlayerMod:Promotion+1","PokerPlayerMod:Club3","PokerPlayerMod:Diamond6","PokerPlayerMod:Promotion+1","PokerPlayerMod:Club6","PokerPlayerMod:Promotion+1","PokerPlayerMod:Club5","PokerPlayerMod:Spade7","PokerPlayerMod:ClubShade+1","PokerPlayerMod:Heart1","PokerPlayerMod:ThinkingTime+1","PokerPlayerMod:Club9","PokerPlayerMod:Club7"],"relics":["PokerPlayerMod:DeckCase","Runesmith:AutoHammer","trackpad:PetRock","Coffee Dripper","Anchor","Boot"],"acts_visited":["Exordium","TheCity"],"potions_floor_usage":[],"damage_taken":[{"damage":0,"enemies":"2 Louse","floor":1,"turns":2},{"damage":0,"enemies":"Cultist","floor":3,"turns":3},{"damage":8,"enemies":"Jaw Worm","floor":4,"turns":2},{"damage":0,"enemies":"Gremlin Nob","floor":7,"turns":3},{"damage":10,"enemies":"Lots of Slimes","floor":13,"turns":2},{"damage":12,"enemies":"Hexaghost","floor":16,"turns":6},{"damage":0,"enemies":"Shell Parasite","floor":18,"turns":3},{"damage":0,"enemies":"3 Byrds","floor":20,"turns":2},{"damage":20,"enemies":"Snake Plant","floor":21,"turns":3},{"damage":0,"enemies":"Sentry and Sphere","floor":22,"turns":3},{"damage":27,"enemies":"Snecko","floor":24,"turns":5},{"damage":9,"enemies":"Centurion and Healer","floor":28,"turns":5},{"damage":11,"enemies":"Snake Plant","floor":29,"turns":3},{"damage":48,"enemies":"Automaton","floor":33,"turns":6}],"seed_played":"3119014839851776062","potions_obtained":[{"floor":2,"key":"LiquidBronze"},{"floor":2,"key":"DuplicationPotion"},{"floor":2,"key":"Block Potion"}],"is_trial":false,"path_per_floor":["M","?","M","M","?","R","E","R","T","R","$","?","M","?","R","B",null,"M","?","M","M","M","R","M","R","T","R","M","M","?","$","R","B"],"character_chosen":"THE_POKER_PLAYER","items_purchased":["PokerPlayerMod:Diamond6","PokerPlayerMod:Club9","Boot","PokerPlayerMod:Club7"],"campfire_rested":0,"item_purchase_floors":[11,31,31,31],"current_hp_per_floor":[52,52,52,44,44,44,52,52,52,52,52,52,42,47,47,38,57,57,57,57,51,51,51,34,34,34,34,32,31,31,31,31,0,0,0],"gold":46,"neow_bonus":"THREE_RARE_CARDS","is_daily":false,"chose_seed":false,"campfire_upgraded":8,"win_rate":0.0,"timestamp":1608317235,"path_taken":["M","?","?","M","?","R","E","R","T","R","$","?","?","?","R","BOSS","M","?","M","M","M","R","M","R","T","R","M","?","?","?","R","BOSS"],"items_purchased_type":["Card","Card","Relic","Card"],"build_version":"2020-12-13","purchased_purges":1,"victory":false,"max_hp_per_floor":[52,52,52,52,52,52,52,52,52,52,52,52,52,57,57,57,57,57,57,57,57,57,57,57,57,57,57,57,57,57,57,57,57,57,57],"card_choices":[{"not_picked":["PokerPlayerMod:FakeSymbols","PokerPlayerMod:TheDieIsCast"],"picked":"PokerPlayerMod:Promotion","floor":0},{"not_picked":["PokerPlayerMod:Trickery","PokerPlayerMod:Spade4"],"picked":"PokerPlayerMod:Club3","floor":1},{"not_picked":["PokerPlayerMod:Extraction","PokerPlayerMod:Diamond4","PokerPlayerMod:Spade3"],"picked":"SKIP","floor":3},{"not_picked":["PokerPlayerMod:Diamond4","PokerPlayerMod:Diamond1","PokerPlayerMod:HotShotCut"],"picked":"SKIP","floor":4},{"not_picked":["PokerPlayerMod:Spade3","PokerPlayerMod:ClubsClub","PokerPlayerMod:Spade8"],"picked":"SKIP","floor":7},{"not_picked":["PokerPlayerMod:Diamond2","PokerPlayerMod:Spade3","PokerPlayerMod:DartThrow"],"picked":"SKIP","floor":13},{"not_picked":["PokerPlayerMod:VarietyAttack","PokerPlayerMod:Club7"],"picked":"PokerPlayerMod:Promotion","floor":16},{"not_picked":["PokerPlayerMod:Spade1","PokerPlayerMod:Trickery+1"],"picked":"PokerPlayerMod:Club6","floor":18},{"not_picked":["PokerPlayerMod:Heart3","PokerPlayerMod:Club3","PokerPlayerMod:CloakAndDiamond"],"picked":"SKIP","floor":20},{"not_picked":["PokerPlayerMod:Diamond2","PokerPlayerMod:Diamond9"],"picked":"PokerPlayerMod:Club4","floor":21},{"not_picked":["PokerPlayerMod:DartThrow","PokerPlayerMod:HeartStrike+1"],"picked":"PokerPlayerMod:Spade7","floor":22},{"not_picked":["PokerPlayerMod:Club3","PokerPlayerMod:Diamond3"],"picked":"PokerPlayerMod:ClubShade","floor":24},{"not_picked":["PokerPlayerMod:Manipulation","PokerPlayerMod:Diamond2","PokerPlayerMod:ClubsClub+1"],"picked":"SKIP","floor":28},{"not_picked":["PokerPlayerMod:Diamond1","PokerPlayerMod:Club5"],"picked":"PokerPlayerMod:Heart1","floor":29}],"player_experience":188505,"relics_obtained":[{"floor":7,"key":"Runesmith:AutoHammer"},{"floor":9,"key":"trackpad:PetRock"},{"floor":26,"key":"Anchor"}],"event_choices":[{"damage_healed":0,"gold_gain":0,"player_choice":"Got Potions","damage_taken":0,"max_hp_gain":0,"max_hp_loss":0,"event_name":"Lab","floor":2,"gold_loss":0},{"damage_healed":0,"gold_gain":74,"player_choice":"Gained Gold","damage_taken":0,"max_hp_gain":0,"max_hp_loss":0,"event_name":"Golden Wing","floor":5,"gold_loss":0},{"damage_healed":0,"gold_gain":100,"player_choice":"Pray","damage_taken":0,"max_hp_gain":0,"max_hp_loss":0,"event_name":"Golden Shrine","floor":12,"gold_loss":0},{"damage_healed":0,"gold_gain":0,"player_choice":"Donut","damage_taken":0,"max_hp_gain":5,"max_hp_loss":0,"event_name":"Big Fish","floor":14,"gold_loss":0},{"damage_healed":0,"gold_gain":0,"player_choice":"Copied","damage_taken":0,"max_hp_gain":0,"max_hp_loss":0,"event_name":"Duplicator","floor":19,"gold_loss":0,"cards_obtained":["PokerPlayerMod:Promotion"]},{"damage_healed":0,"gold_gain":0,"player_choice":"Think Hard","damage_taken":0,"max_hp_gain":0,"max_hp_loss":0,"event_name":"PokerPlayerMod:Vampires","floor":30,"gold_loss":0,"cards_obtained":["PokerPlayerMod:ThinkingTime"]}],"is_beta":false,"boss_relics":[{"not_picked":["Runesmith:UraniumAnvil","SacredBark"],"picked":"Coffee Dripper"}],"items_purged_floors":[11],"is_endless":false,"potions_floor_spawned":[3,7,13,20,28],"killed_by":"Automaton","ascension_level":1}}