{"host":"deadgod","time":1608257927,"event":{"mods":["2.2 Compatiblity","BaseMod","Bestiary","Colored Map","GungeonMod","HololiveMod","Minty Spire (QoL Compilation)","Permanent Neow","Relic Filter","Relic Sorter","StSLib","The Alterego","The Dragon Tamer","UnlockEverythingMod","Waifu the Spire","【?物卡牌】REMEMod"],"gold_per_floor":[116,126,126,126,11,11,24,24,68,103,120,70,70,90,90,191,191,208,39,39,39,39,39,56,109,109,109,135,156,180,193,254,254,254,359,359,425,425,543,543,78,78,109,109,109,152,171,207,219,250,250,255,255,255,7,34,39],"floor_reached":58,"playtime":8674,"items_purged":["DemoMod:Polaris+1","DemoMod:TripleGun+1"],"score":1208,"play_id":"770e7794-853b-43d9-acd8-793c9147709d","local_time":"20201218101847","is_ascension_mode":true,"campfire_choices":[{"data":"DemoMod:Rummage","floor":6.0,"key":"SMITH"},{"data":"DemoMod:TableSutra","floor":8.0,"key":"SMITH"},{"data":"DemoMod:TripleGun","floor":13.0,"key":"SMITH"},{"data":"DemoMod:SAA","floor":15.0,"key":"SMITH"},{"data":"DemoMod:FinishedGun","floor":23.0,"key":"SMITH"},{"data":"DTMod:HeadStart","floor":27.0,"key":"SMITH"},{"data":"DemoMod:DarkMarker","floor":33.0,"key":"SMITH"},{"data":"DemoMod:Elimentaler","floor":42,"key":"SMITH"},{"floor":51,"key":"RECALL"},{"data":"DemoMod:HungryBullets","floor":54,"key":"SMITH"}],"circlet_count":0,"master_deck":["DemoMod:Defend_Huntress","DemoMod:Defend_Huntress","DemoMod:Defend_Huntress+1","DemoMod:Roll","DemoMod:ManualReload+1","DTMod:HeadStart+1","DemoMod:Rummage+1","DemoMod:TableSutra+1","DemoMod:FastSwitch","DemoMod:Eureka+1","DemoMod:SAA+1","DemoMod:DoubleSwitch","DemoMod:DarkMarker+1","DemoMod:FinishedGun+1","DemoMod:DirectionalPad","DemoMod:DirectionalPad","DemoMod:BalloonGun","DemoMod:EasyReloadBullets+1","DemoMod:HardPowerCard+1","DemoMod:Elimentaler+1","DemoMod:BulletBore","DemoMod:ProbeStrike+1","DemoMod:HungryBullets+1","DemoMod:PotionOfGunFriendShip","DemoMod:FeignSurrender+1","DemoMod:HardPowerCard+1","DemoMod:HungryBullets","DemoMod:GunShield+1"],"relics":["DemoMod:Dog","REME_ComplimentaryCards","DemoMod:BigBoy","DemoMod:RedGuonStone","DemoMod:Relodestone","DemoMod:RiddleOfLead","alterego_mod:SomeoneToFightFor","DemoMod:Ammonomicon","Ancient Tea Set","DemoMod:RatBoots","DemoMod:ResourcefulSack","DemoMod:PartiallyEatenCheese","Coffee Dripper","Velvet Choker","REME_CardOfGreed","DemoMod:ChaffGrenade","War Paint","DemoMod:Plus1Bullets","ClockworkSouvenir","Strawberry","DemoMod:GlassGuonStoneRelic","Anchor"],"acts_visited":["Exordium","TheCity","TheCity","TheBeyond","TheEnding"],"potions_floor_usage":[],"damage_taken":[{"damage":0.0,"enemies":"2 Louse","floor":1.0,"turns":4.0},{"damage":0.0,"enemies":"Jaw Worm","floor":2.0,"turns":5.0},{"damage":0.0,"enemies":"Cultist","floor":7.0,"turns":3.0},{"damage":0.0,"enemies":"Large Slime","floor":9.0,"turns":7.0},{"damage":1.0,"enemies":"Lagavulin","floor":10.0,"turns":4.0},{"damage":0.0,"enemies":"Large Slime","floor":11.0,"turns":7.0},{"damage":0.0,"enemies":"2 Fungi Beasts","floor":14.0,"turns":2.0},{"damage":0.0,"enemies":"Slime Boss","floor":16.0,"turns":5.0},{"damage":0.0,"enemies":"Spheric Guardian","floor":18.0,"turns":3.0},{"damage":0.0,"enemies":"2 Thieves","floor":24.0,"turns":1.0},{"damage":0.0,"enemies":"Gremlin Leader","floor":25.0,"turns":5.0},{"damage":6.0,"enemies":"DemoMod:Red_and_blue_shotgun_kin","floor":28.0,"turns":1.0},{"damage":0.0,"enemies":"DemoMod:4_Bullet_Kins_with_one_veteran","floor":29.0,"turns":1.0},{"damage":2.0,"enemies":"DemoMod:Veteran_shot_gun_kin_and_blue_shotgun_kin_with_gunsinger","floor":30.0,"turns":4.0},{"damage":0.0,"enemies":"DemoMod:Veteran_shot_gun_kin_and_blue_shotgun_kin","floor":31.0,"turns":2.0},{"damage":0.0,"enemies":"DemoMod:2_Mousers","floor":32.0,"turns":3.0},{"damage":15.0,"enemies":"DemoMod:ResourcefulRat","floor":35.0,"turns":8.0},{"damage":0,"enemies":"3 Darklings","floor":37,"turns":6},{"damage":0,"enemies":"Orb Walker","floor":43,"turns":2},{"damage":0,"enemies":"Nemesis","floor":46,"turns":6},{"damage":0,"enemies":"Spire Growth","floor":47,"turns":3},{"damage":1,"enemies":"Reptomancer","floor":48,"turns":7},{"damage":0,"enemies":"Writhing Mass","floor":49,"turns":5},{"damage":0,"enemies":"3 Darklings","floor":50,"turns":6},{"damage":0,"enemies":"Awakened One","floor":52,"turns":8},{"damage":19,"enemies":"Shield and Spear","floor":56,"turns":4},{"damage":1,"enemies":"The Heart","floor":57,"turns":7}],"seed_played":"4703418715114837947","potions_obtained":[{"floor":2.0,"key":"Energy Potion"},{"floor":7.0,"key":"SteroidPotion"},{"floor":11.0,"key":"PowerPotion"},{"floor":16.0,"key":"GamblersBrew"},{"floor":18.0,"key":"FairyPotion"},{"floor":35.0,"key":"FearPotion"},{"floor":46,"key":"ColorlessPotion"},{"floor":47,"key":"Weak Potion"}],"is_trial":false,"path_per_floor":["M","M","?","?","$","R","M","R","T","E","M","?","R","M","R","B",null,"M","$","?","?","?","R","M","E","T","R","M","M","M","M","M","R","B","B",null,"M","?","?","?","$","R","M","?","T","E","M","E","M","M","R","B",null,"R","$","E","B",null],"character_chosen":"HUNTRESS","items_purchased":["DemoMod:GnawedKey","DemoMod:FinishedGun","DemoMod:DirectionalPad","REME_CardOfGreed","DemoMod:ChaffGrenade","ClockworkSouvenir","Strawberry"],"campfire_rested":0,"item_purchase_floors":[5,19,19,41,41,55,55],"current_hp_per_floor":[49,49,37,37,37,37,37,37,37,36,36,36,36,36,36,36,80,80,80,80,80,65,65,65,65,85,85,85,85,85,85,85,85,12,25,85,85,85,85,85,85,85,85,85,85,85,85,84,85,85,85,85,85,85,92,92,91],"gold":39,"neow_bonus":"REMOVE_TWO","is_daily":false,"chose_seed":false,"campfire_upgraded":9,"win_rate":0.0,"timestamp":1608257927,"path_taken":["M","M","?","?","$","R","?","R","T","E","M","?","R","M","R","BOSS","M","$","?","?","?","R","M","E","T","R","M","M","M","M","M","R","BOSS","BOSS","M","?","?","?","$","R","?","?","T","E","M","E","?","M","R","BOSS","R","$","E","BOSS"],"items_purchased_type":["Relic","Card","Card","Relic","Relic","Relic","Relic"],"build_version":"2020-11-17","purchased_purges":2,"victory":true,"max_hp_per_floor":[70,70,70,70,70,70,70,70,70,70,70,70,70,70,70,70,80,80,80,80,80,85,85,85,85,85,85,85,85,85,85,85,85,85,85,85,85,85,85,85,85,85,85,85,85,85,85,85,85,85,85,85,85,85,92,92,92],"card_choices":[{"not_picked":["DemoMod:SAA","DemoMod:Camera"],"picked":"DemoMod:Rummage","floor":1.0},{"not_picked":["DemoMod:MachoBrace","DemoMod:GunstockTap"],"picked":"DemoMod:TableSutra","floor":2.0},{"not_picked":["DemoMod:MegaHand","DemoMod:BattleInHaste"],"picked":"DemoMod:DirectionalPad","floor":7.0},{"not_picked":["DemoMod:Unity","DemoMod:BoxingGlove"],"picked":"DemoMod:FastSwitch","floor":9.0},{"not_picked":["DemoMod:HardPowerCard","DemoMod:ChanceBullets"],"picked":"DemoMod:Eureka","floor":10.0},{"not_picked":["DemoMod:Desperate","DemoMod:StickyCrossBow","DemoMod:TeaPot"],"picked":"SKIP","floor":10.0},{"not_picked":["DemoMod:StickyCrossBow","DemoMod:GunstockTap"],"picked":"DemoMod:TripleGun","floor":11.0},{"not_picked":["DemoMod:Ejector","DemoMod:AC15"],"picked":"DemoMod:SAA","floor":14.0},{"not_picked":["DemoMod:MegaHand","DemoMod:Ejector"],"picked":"DemoMod:DoubleSwitch","floor":14.0},{"not_picked":["DemoMod:BulletBore","DemoMod:FullFirepower"],"picked":"DemoMod:DarkMarker","floor":16.0},{"not_picked":["DemoMod:HighKaliber","DemoMod:FastSwitch+1"],"picked":"DemoMod:Polaris+1","floor":18.0},{"not_picked":["DemoMod:TripleGun","DemoMod:HuntsMan+1"],"picked":"DemoMod:DirectionalPad","floor":24.0},{"not_picked":["DemoMod:JK47","DemoMod:HardPowerCard"],"picked":"DemoMod:BalloonGun","floor":25.0},{"not_picked":["DemoMod:FastSwitch","DemoMod:AWP"],"picked":"DemoMod:Purify","floor":28.0},{"not_picked":["DemoMod:SAA","DemoMod:Ejector"],"picked":"DemoMod:EasyReloadBullets+1","floor":29.0},{"not_picked":["DemoMod:AC15","DemoMod:BattleInHaste+1"],"picked":"DemoMod:HardPowerCard+1","floor":30.0},{"not_picked":["DemoMod:JK47+1","DemoMod:BattleInHaste+1","DemoMod:TeaPot+1"],"picked":"SKIP","floor":31.0},{"not_picked":["DemoMod:DoubleSwitch","DemoMod:BoxingGlove","DemoMod:ConditionalReflex"],"picked":"SKIP","floor":32.0},{"not_picked":[],"picked":"DemoMod:Elimentaler","floor":35.0},{"not_picked":["DemoMod:BSG","DemoMod:FightSabre"],"picked":"DemoMod:BulletBore","floor":35.0},{"not_picked":["DemoMod:HuntsMan+1","DemoMod:JK47"],"picked":"DemoMod:ProbeStrike+1","floor":36.0},{"not_picked":["DemoMod:AWP+1","DemoMod:GunstockTap+1","DemoMod:SAA+1"],"picked":"SKIP","floor":37},{"not_picked":["DemoMod:SuppressiveFire","DemoMod:ConditionalReflex"],"picked":"DemoMod:HungryBullets","floor":43},{"not_picked":["DemoMod:HighKaliber","DemoMod:StickyCrossBow"],"picked":"DemoMod:FeignSurrender+1","floor":46},{"not_picked":["DemoMod:TeaPot+1","DemoMod:BattleInHaste+1"],"picked":"DemoMod:HardPowerCard+1","floor":47},{"not_picked":["DemoMod:Unmoved","DemoMod:BoxingGlove+1"],"picked":"DemoMod:HungryBullets","floor":48},{"not_picked":["DemoMod:Unmoved+1","DemoMod:BattleInHaste","DemoMod:BoxingGlove+1"],"picked":"SKIP","floor":49},{"not_picked":["DemoMod:Polaris+1","DemoMod:SAA+1"],"picked":"DemoMod:GunShield+1","floor":50},{"not_picked":["DemoMod:RadGun","DemoMod:BoxingGlove+1","DemoMod:Ejector"],"picked":"SKIP","floor":56}],"player_experience":25823,"relics_obtained":[{"floor":9.0,"key":"DemoMod:RedGuonStone"},{"floor":10.0,"key":"DemoMod:Relodestone"},{"floor":25.0,"key":"Ancient Tea Set"},{"floor":36.0,"key":"DemoMod:RatBoots"},{"floor":36.0,"key":"DemoMod:ResourcefulSack"},{"floor":36.0,"key":"DemoMod:PartiallyEatenCheese"},{"floor":36.0,"key":"Coffee Dripper"},{"floor":36.0,"key":"Velvet Choker"},{"floor":46,"key":"War Paint"},{"floor":48,"key":"DemoMod:Plus1Bullets"},{"floor":56,"key":"Anchor"}],"event_choices":[{"damage_healed":0.0,"max_hp_gain":0.0,"max_hp_loss":0.0,"gold_gain":0.0,"event_name":"Scrap Ooze","player_choice":"Success","floor":3.0,"gold_loss":0.0,"damage_taken":12.0,"relics_obtained":["DemoMod:BigBoy"]},{"damage_healed":0.0,"max_hp_gain":0.0,"max_hp_loss":0.0,"gold_gain":0.0,"event_name":"Accursed Blacksmith","player_choice":"Forge","floor":4.0,"gold_loss":0.0,"damage_taken":0.0,"cards_upgraded":["DemoMod:ManualReload"]},{"cards_removed":["DemoMod:Strike_Huntress"],"damage_healed":0.0,"max_hp_gain":0.0,"max_hp_loss":0.0,"gold_gain":0.0,"event_name":"The Cleric","player_choice":"Card Removal","floor":12.0,"gold_loss":50.0,"damage_taken":0.0},{"damage_healed":0.0,"max_hp_gain":0.0,"max_hp_loss":0.0,"gold_gain":0.0,"event_name":"?的神圣花?","player_choice":"Choice 2","floor":20.0,"gold_loss":0.0,"damage_taken":0.0,"relics_obtained":["alterego_mod:SomeoneToFightFor"]},{"damage_healed":0.0,"max_hp_gain":5.0,"max_hp_loss":0.0,"gold_gain":0.0,"event_name":"Forgotten Altar","player_choice":"Shed Blood","floor":22.0,"gold_loss":0.0,"damage_taken":20.0},{"damage_healed":0,"gold_gain":0,"player_choice":"Ignored","damage_taken":0,"max_hp_gain":0,"max_hp_loss":0,"event_name":"Falling","floor":38,"gold_loss":0},{"cards_removed":["DemoMod:RustySidearm"],"damage_healed":0,"gold_gain":0,"player_choice":"Purged","damage_taken":0,"max_hp_gain":0,"max_hp_loss":0,"event_name":"Purifier","floor":40,"gold_loss":0},{"damage_healed":0,"gold_gain":0,"cards_transformed":["DemoMod:CrossBow"],"player_choice":"Transformed","damage_taken":0,"max_hp_gain":0,"max_hp_loss":0,"event_name":"Transmorgrifier","floor":44,"gold_loss":0,"cards_obtained":["DemoMod:PotionOfGunFriendShip"]}],"is_beta":true,"boss_relics":[{"not_picked":["Fusion Hammer","DemoMod:Wolf"],"picked":"DemoMod:RiddleOfLead"},{"not_picked":[]}],"items_purged_floors":[41,55],"is_endless":false,"potions_floor_spawned":[2,7,11,16,18,28,32,35,46,47],"ascension_level":1}}