{"host":"agbyy69nq62afhwx","time":1608320775,"event":{"mods":["BaseMod","Colored Map","Highlight Path","Keyboard Shortcuts","Minty Spire (QoL Compilation)","Quick Restart","StSLib","SuperFastMode","everything is the same but u backflip on backflip"],"gold_per_floor":[117,117,136,61,71,96,96,112,112,112,12,22,38,58,58,155,155,170,170,170],"floor_reached":19,"playtime":1052,"items_purged":["Strike_G","Strike_G"],"score":188,"play_id":"4e494316-4aa5-4294-8d33-4a061a277408","local_time":"20201219044615","is_ascension_mode":true,"campfire_choices":[{"data":"Calculated Gamble","floor":7,"key":"SMITH"},{"data":"Dagger Throw","floor":10,"key":"SMITH"},{"data":"Acrobatics","floor":15,"key":"SMITH"}],"circlet_count":0,"master_deck":["Strike_G","Strike_G","Strike_G","Defend_G","Defend_G","Defend_G","Defend_G","Defend_G","Survivor","Neutralize","Dagger Throw+1","Escape Plan","Calculated Gamble+1","Backflip","Backflip","Acrobatics+1","Acrobatics","A Thousand Cuts"],"relics":["Ring of the Snake","Bag of Preparation","Eternal Feather","Runic Pyramid"],"acts_visited":["Exordium","TheCity"],"potions_floor_usage":[16,19],"damage_taken":[{"damage":0.0,"enemies":"2 Louse","floor":1.0,"turns":4.0},{"damage":0,"enemies":"Cultist","floor":3,"turns":3},{"damage":2,"enemies":"Small Slimes","floor":5,"turns":4},{"damage":34,"enemies":"3 Sentries","floor":6,"turns":13},{"damage":3,"enemies":"Looter","floor":8,"turns":3},{"damage":11,"enemies":"Large Slime","floor":12,"turns":6},{"damage":2,"enemies":"Red Slaver","floor":13,"turns":4},{"damage":1,"enemies":"Blue Slaver","floor":14,"turns":3},{"damage":43,"enemies":"The Guardian","floor":16,"turns":19},{"damage":16,"enemies":"Spheric Guardian","floor":18,"turns":6},{"damage":66,"enemies":"3 Byrds","floor":19,"turns":5}],"seed_played":"-5968631665242751858","potions_obtained":[{"floor":1,"key":"GamblersBrew"},{"floor":3,"key":"Regen Potion"},{"floor":5,"key":"Fire Potion"}],"is_trial":false,"path_per_floor":["M","?","M","$","M","E","R","M","T","R","$","M","M","M","R","B",null,"M","M"],"character_chosen":"THE_SILENT","items_purchased":[],"campfire_rested":0,"item_purchase_floors":[],"current_hp_per_floor":[77,82,82,82,80,46,46,43,43,52,52,41,39,38,47,4,82,66,0,0],"gold":170,"neow_bonus":"TEN_PERCENT_HP_BONUS","is_daily":false,"chose_seed":false,"campfire_upgraded":3,"win_rate":0.0,"timestamp":1608320775,"path_taken":["M","?","M","$","M","E","R","M","T","R","$","M","M","M","R","BOSS","M","M"],"items_purchased_type":[],"build_version":"2020-12-13","purchased_purges":2,"victory":false,"max_hp_per_floor":[77,82,82,82,82,82,82,82,82,82,82,82,82,82,82,82,82,82,82,82],"card_choices":[{"not_picked":["Endless Agony","Flying Knee"],"picked":"Dagger Throw","floor":1},{"not_picked":["Backflip","Sucker Punch"],"picked":"Escape Plan","floor":3},{"not_picked":["Outmaneuver","Blade Dance"],"picked":"Calculated Gamble","floor":5},{"not_picked":["Noxious Fumes","Cloak And Dagger"],"picked":"Backflip","floor":6},{"not_picked":["Unload","Outmaneuver"],"picked":"Backflip","floor":8},{"not_picked":["Deadly Poison","Outmaneuver"],"picked":"Acrobatics","floor":12},{"not_picked":["Skewer","Heel Hook","Predator"],"picked":"SKIP","floor":13},{"not_picked":["Sucker Punch","Blade Dance"],"picked":"Acrobatics","floor":14},{"not_picked":["Night Terror","Doppelganger"],"picked":"A Thousand Cuts","floor":16},{"not_picked":["Caltrops+1","Acrobatics","Flying Knee"],"picked":"SKIP","floor":18}],"player_experience":314788,"relics_obtained":[{"floor":6,"key":"Bag of Preparation"},{"floor":9,"key":"Eternal Feather"}],"event_choices":[{"damage_healed":0,"gold_gain":0,"player_choice":"Donut","damage_taken":0,"max_hp_gain":5,"max_hp_loss":0,"event_name":"Big Fish","floor":2,"gold_loss":0}],"is_beta":false,"boss_relics":[{"not_picked":["Philosopher\u0027s Stone","Ectoplasm"],"picked":"Runic Pyramid"}],"items_purged_floors":[4,11],"is_endless":false,"potions_floor_spawned":[1,3,5,12],"killed_by":"3 Byrds","ascension_level":2}}