{"host":"3c27c697js19kaoo","time":1608274331,"event":{"mods":["BaseMod","Dota2Spire","Hermit","Minty Spire (QoL Compilation)","Quick Restart","Remilia（蕾米莉亚）","Replay The Spire","Robot Space Explorer","Spicy Shops","StSLib","The Alterego","The Cursed","The Servant 0.9.4","vexMod","【遗物卡牌】REMEMod"],"gold_per_floor":[119,132,207,224,224,257,257,288,341,375,375,390,159,171,171,274,274,289,50,81,81,81,81,81,81,104,121,145,175,195,207,207,309,309,319,294,516,112,132,166,166,166],"floor_reached":41,"playtime":1882,"items_purged":["Wrath_TH"],"score":480,"play_id":"727c2d05-fd72-45b4-ae89-f0ab134b12a2","local_time":"20201218145211","is_ascension_mode":true,"campfire_choices":[{"floor":7,"key":"REST"},{"data":"Redo","floor":11,"key":"SMITH"},{"data":"Static Discharge","floor":15,"key":"SMITH"},{"data":"Creative AI","floor":23,"key":"SMITH"},{"data":"EndlessPower","floor":32,"key":"SMITH"}],"circlet_count":0,"master_deck":["Strike_B+1","Strike_B+1","Strike_B+1","Strike_B+1","Defend_B+1","Defend_B+1","Defend_B+1","Defend_B+1","Zap","Dualcast","alterego_mod:TrickOrTreatment+1","Capacitor","Ball Lightning","Beam Cell","Redo+1","Sweeping Beam","Static Discharge+1","Creative AI+1","Sunder+1","FTL+1","EndlessPower+1","Pot Of Greed","Pot Of Greed","BasicCrystalCard","Time Bomb+1","Pot Of Greed","Gash+1","REME_Flogging","Go for the Eyes"],"relics":["REME_ComplimentaryCards","Dota2Spire:Bloodstone","Dota2Spire:MonkeyKingBar","Dream Catcher","Dota2Spire:MagicBottle","Boot","Dota2Spire:MaskOfMadness","Strange Spoon","SlaversCollar","Gremlin Horn","Red Mask","alterego_mod:SomeoneToFightFor","Grinning Jar","Anchor","Nunchaku","vexMod:TanglingVine","ReplayTheSpireMod:TigerMarble","AntiCross"],"acts_visited":["Exordium","TheCity","TheBeyond"],"potions_floor_usage":[8,14,14,16,20,31,40],"damage_taken":[{"damage":0,"enemies":"Cultist","floor":1,"turns":4},{"damage":1,"enemies":"Jaw Worm","floor":2,"turns":5},{"damage":1,"enemies":"2 Louse","floor":4,"turns":3},{"damage":42,"enemies":"3 Sentries","floor":6,"turns":8},{"damage":11,"enemies":"Gremlin Nob","floor":8,"turns":3},{"damage":9,"enemies":"Replay:BlueRogue","floor":10,"turns":3},{"damage":0,"enemies":"Looter","floor":12,"turns":3},{"damage":0,"enemies":"Blue Slaver","floor":14,"turns":3},{"damage":29,"enemies":"The Guardian","floor":16,"turns":7},{"damage":35,"enemies":"Shell Parasite","floor":18,"turns":5},{"damage":6,"enemies":"Masked Bandits","floor":20,"turns":3},{"damage":15,"enemies":"Spheric Guardian","floor":27,"turns":3},{"damage":20,"enemies":"Replay:Snechameleon","floor":29,"turns":5},{"damage":12,"enemies":"Snake Plant","floor":30,"turns":3},{"damage":27,"enemies":"Centurion and Healer","floor":31,"turns":5},{"damage":83,"enemies":"Collector","floor":33,"turns":7},{"damage":44,"enemies":"3 Shapes","floor":35,"turns":4},{"damage":18,"enemies":"3 Darklings","floor":39,"turns":3},{"damage":28,"enemies":"R_Hoarder","floor":40,"turns":5},{"damage":20,"enemies":"Writhing Mass","floor":41,"turns":1}],"seed_played":"-2109996735569913763","potions_obtained":[{"floor":2,"key":"Venom Potion"},{"floor":6,"key":"Swift Potion"},{"floor":8,"key":"Weak Potion"},{"floor":10,"key":"LiquidMemories"},{"floor":18,"key":"Energy Potion"},{"floor":30,"key":"Dota2Spire:HealingSalve"},{"floor":35,"key":"SkillPotion"},{"floor":40,"key":"GamblersBrew"}],"is_trial":false,"path_per_floor":["M","M","?","M","?","E","R","E","T","E","R","M","$","M","R","B",null,"M","$","?","?","?","R","$","?","T","M","T","E","M","M","R","B",null,"M","?","?","$","M","E","M"],"character_chosen":"DEFECT","items_purchased":["Dota2Spire:MaskOfMadness","Strange Spoon","Gremlin Horn","REME_Flogging","ReplayTheSpireMod:TigerMarble"],"campfire_rested":1,"item_purchase_floors":[13,13,19,38,38],"current_hp_per_floor":[75,74,63,66,66,44,66,55,55,52,52,58,58,58,58,29,75,54,54,71,71,71,71,71,71,71,56,56,42,52,49,49,44,75,45,45,45,45,27,17,0,0],"gold":166,"neow_bonus":"BOSS_RELIC","is_daily":false,"chose_seed":false,"campfire_upgraded":4,"win_rate":0.0,"timestamp":1608274331,"path_taken":["M","?","?","M","?","E","R","E","T","E","R","M","$","M","R","BOSS","M","$","?","?","?","R","?","?","T","M","?","E","M","M","R","BOSS","M","?","?","$","M","E","M"],"items_purchased_type":["Relic","Relic","Relic","Card","Relic"],"build_version":"2020-12-13","purchased_purges":1,"victory":false,"max_hp_per_floor":[75,75,75,75,75,75,75,75,75,75,75,75,75,75,75,75,75,75,75,75,75,75,75,75,75,75,75,75,75,75,75,75,75,75,75,75,75,75,75,75,75,75],"card_choices":[{"not_picked":["Steam","Double Energy"],"picked":"Capacitor","floor":1},{"not_picked":["Rebound","Steam Power"],"picked":"Ball Lightning","floor":2},{"not_picked":["Turbo","Streamline"],"picked":"Beam Cell","floor":4},{"not_picked":["Reprogram","Thunder Strike"],"picked":"Redo","floor":6},{"not_picked":["Darkness","Melter","ReplayGash"],"picked":"SKIP","floor":8},{"not_picked":["Cold Snap","REME_Compress","Compile Driver"],"picked":"SKIP","floor":10},{"not_picked":["Heatsinks","Cold Snap"],"picked":"Sweeping Beam","floor":12},{"not_picked":["Cold Snap","Glacier"],"picked":"Static Discharge","floor":14},{"not_picked":["Echo Form","ReplayTheSpireMod:Fabricate Wheel"],"picked":"Creative AI","floor":16},{"not_picked":["ReplayTheSpireMod:System Scan","Conserve Battery"],"picked":"Sunder+1","floor":18},{"not_picked":["Leap+1","Glacier"],"picked":"FTL+1","floor":20},{"not_picked":["Conserve Battery","Glacier"],"picked":"BasicCrystalCard","floor":27},{"not_picked":["Barrage","Hello World"],"picked":"Time Bomb+1","floor":29},{"not_picked":["Leap","Panic Button+1","Barrage+1"],"picked":"SKIP","floor":30},{"not_picked":["Redo+1","Sweeping Beam","BasicCrystalCard"],"picked":"Gash+1","floor":31},{"not_picked":["Hello World","Tempest+1","Leap"],"picked":"SKIP","floor":35},{"not_picked":["Compile Driver","Sunder","Panic Button+1"],"picked":"SKIP","floor":39},{"not_picked":["Coolheaded","Darkness+1"],"picked":"Go for the Eyes","floor":40}],"player_experience":130118,"relics_obtained":[{"floor":6,"key":"Dota2Spire:MonkeyKingBar"},{"floor":8,"key":"Dream Catcher"},{"floor":9,"key":"Dota2Spire:MagicBottle"},{"floor":10,"key":"Boot"},{"floor":20,"key":"Red Mask"},{"floor":26,"key":"Grinning Jar"},{"floor":28,"key":"Anchor"},{"floor":29,"key":"Nunchaku"},{"floor":40,"key":"AntiCross"}],"event_choices":[{"damage_healed":0,"gold_gain":75,"player_choice":"Gather Gold","damage_taken":11,"max_hp_gain":0,"max_hp_loss":0,"event_name":"World of Goop","floor":3,"gold_loss":0},{"damage_healed":0,"gold_gain":0,"player_choice":"Grow","damage_taken":0,"max_hp_gain":0,"max_hp_loss":0,"event_name":"Living Wall","floor":5,"gold_loss":0,"cards_upgraded":["alterego_mod:TrickOrTreatment"]},{"damage_healed":0,"gold_gain":0,"player_choice":"Fought Bandits","damage_taken":0,"max_hp_gain":0,"max_hp_loss":0,"event_name":"Masked Bandits","floor":20,"gold_loss":0},{"damage_healed":0,"gold_gain":0,"player_choice":"Simplicity","damage_taken":0,"max_hp_gain":0,"max_hp_loss":0,"event_name":"Back to Basics","floor":21,"gold_loss":0,"cards_upgraded":["Strike_B","Strike_B","Strike_B","Strike_B","Defend_B","Defend_B","Defend_B","Defend_B"]},{"damage_healed":0,"gold_gain":0,"player_choice":"Choice 2","damage_taken":0,"relics_obtained":["alterego_mod:SomeoneToFightFor"],"max_hp_gain":0,"max_hp_loss":0,"event_name":"爱的神圣花园","floor":22,"gold_loss":0},{"damage_healed":0,"gold_gain":222,"player_choice":"Wore Mask","damage_taken":0,"max_hp_gain":0,"max_hp_loss":0,"event_name":"Tomb of Lord Red Mask","floor":37,"gold_loss":0}],"is_beta":false,"boss_relics":[{"not_picked":["Coffee Dripper","Cursed Key"],"picked":"SlaversCollar"},{"not_picked":["Replay:Wanted Poster","vexMod:MysteryBossChallenge"],"picked":"vexMod:TanglingVine"}],"items_purged_floors":[38],"is_endless":false,"potions_floor_spawned":[2,6,8,10,12,18,30,35,40],"killed_by":"Writhing Mass","ascension_level":1}}