{"host":"flx6yngeuogemep4","time":1608302254,"event":{"mods":["BaseMod","BetterRewards","Colored Powertips","Minty Spire (QoL Compilation)"],"gold_per_floor":[113,388,403,423,123,150,150,150,150,150,166,192,207,172,172,271,321,304,318,408,3,14,46,46,58,82,82,82],"floor_reached":27,"playtime":939,"items_purged":[],"score":243,"play_id":"619353cf-5f12-4f7e-9b56-d03028bb136f","local_time":"20201218093734","is_ascension_mode":false,"campfire_choices":[{"floor":8,"key":"REST"},{"floor":10,"key":"REST"},{"data":"Noxious Fumes","floor":15,"key":"SMITH"},{"floor":24,"key":"REST"}],"circlet_count":0,"master_deck":["Strike_G","Strike_G","Strike_G","Strike_G","Strike_G","Defend_G","Defend_G","Defend_G+1","Defend_G","Defend_G","Survivor","Neutralize+1","Dagger Throw","Regret","Flying Knee","After Image","Dash","Noxious Fumes+1","Die Die Die","PiercingWail","Corpse Explosion","Poisoned Stab","Concentrate+1","Noxious Fumes+1","Caltrops","Crippling Poison+1","Leg Sweep","Dagger Spray+1"],"relics":["Ring of the Snake","NeowsBlessing","Anchor","Chemical X","The Specimen","Centennial Puzzle","Unceasing Top","Snake Skull","Tiny House","Bird Faced Urn","War Paint","Bag of Preparation"],"acts_visited":["Exordium","TheCity"],"potions_floor_usage":[16,16,19,25,27],"damage_taken":[{"damage":0,"enemies":"Jaw Worm","floor":1,"turns":1},{"damage":0,"enemies":"Cultist","floor":3,"turns":1},{"damage":0,"enemies":"Small Slimes","floor":4,"turns":1},{"damage":31,"enemies":"3 Sentries","floor":6,"turns":12},{"damage":7,"enemies":"Looter","floor":11,"turns":3},{"damage":13,"enemies":"Gremlin Nob","floor":12,"turns":5},{"damage":0,"enemies":"Lots of Slimes","floor":13,"turns":2},{"damage":31,"enemies":"The Guardian","floor":16,"turns":10},{"damage":19,"enemies":"2 Thieves","floor":18,"turns":4},{"damage":19,"enemies":"Spheric Guardian","floor":19,"turns":5},{"damage":4,"enemies":"3 Cultists","floor":22,"turns":3},{"damage":29,"enemies":"Gremlin Leader","floor":23,"turns":5},{"damage":10,"enemies":"Shelled Parasite and Fungi","floor":25,"turns":7},{"damage":26,"enemies":"Book of Stabbing","floor":27,"turns":5}],"seed_played":"9058831038825795513","potions_obtained":[{"floor":3,"key":"Swift Potion"},{"floor":13,"key":"Poison Potion"},{"floor":17,"key":"Poison Potion"},{"floor":23,"key":"Dexterity Potion"},{"floor":25,"key":"ColorlessPotion"}],"is_trial":false,"path_per_floor":["M","?","M","M","$","E","?","R","T","R","M","E","M","?","R","B",null,"M","M","?","$","M","E","R","M","T","E"],"character_chosen":"THE_SILENT","items_purchased":["Anchor","Chemical X","Bird Faced Urn","Caltrops","Crippling Poison"],"campfire_rested":3,"item_purchase_floors":[5,5,21,21,21],"current_hp_per_floor":[70,70,70,70,70,39,14,35,35,56,49,36,36,53,53,22,75,56,37,25,25,27,4,26,24,24,0,0],"gold":82,"neow_bonus":"THREE_ENEMY_KILL","is_daily":false,"chose_seed":false,"campfire_upgraded":1,"win_rate":0.0,"timestamp":1608302254,"path_taken":["M","?","?","M","$","E","?","R","T","R","M","E","M","?","R","BOSS","M","M","?","$","?","E","R","?","T","E"],"items_purchased_type":["Relic","Relic","Relic","Card","Card"],"build_version":"2020-12-13","purchased_purges":0,"victory":false,"max_hp_per_floor":[70,70,70,70,70,70,70,70,70,70,70,70,70,70,70,70,75,75,75,75,75,75,75,75,75,75,75,75],"card_choices":[{"not_picked":["Catalyst","Dodge and Roll"],"picked":"Dagger Throw","floor":1},{"not_picked":["Dagger Spray","Slice"],"picked":"Flying Knee","floor":3},{"not_picked":["Dodge and Roll","Skewer"],"picked":"After Image","floor":4},{"not_picked":["Dagger Throw","Deflect"],"picked":"Dash","floor":6},{"not_picked":["Underhanded Strike","Acrobatics"],"picked":"Noxious Fumes","floor":11},{"not_picked":["Prepared","Acrobatics"],"picked":"Die Die Die","floor":12},{"not_picked":["Deflect","Prepared"],"picked":"PiercingWail","floor":13},{"not_picked":["Envenom","Phantasmal Killer"],"picked":"Corpse Explosion","floor":16},{"not_picked":["Dodge and Roll","Well Laid Plans"],"picked":"Poisoned Stab","floor":17},{"not_picked":["Dagger Spray","Flying Knee"],"picked":"Concentrate+1","floor":18},{"not_picked":["Slice","Quick Slash"],"picked":"Noxious Fumes+1","floor":19},{"not_picked":["Sucker Punch","Deflect"],"picked":"Leg Sweep","floor":22},{"not_picked":["Distraction","Doppelganger"],"picked":"Dagger Spray+1","floor":23},{"not_picked":["Quick Slash","Underhanded Strike","Prepared+1"],"picked":"SKIP","floor":25}],"player_experience":42934,"relics_obtained":[{"floor":6,"key":"The Specimen"},{"floor":9,"key":"Unceasing Top"},{"floor":12,"key":"Snake Skull"},{"floor":23,"key":"War Paint"},{"floor":26,"key":"Bag of Preparation"}],"event_choices":[{"damage_healed":0,"gold_gain":275,"player_choice":"Desecrate","damage_taken":0,"max_hp_gain":0,"max_hp_loss":0,"event_name":"Golden Shrine","floor":2,"gold_loss":0,"cards_obtained":["Regret"]},{"damage_healed":0,"gold_gain":0,"player_choice":"Success","damage_taken":25,"relics_obtained":["Centennial Puzzle"],"max_hp_gain":0,"max_hp_loss":0,"event_name":"Scrap Ooze","floor":7,"gold_loss":0},{"damage_healed":17,"gold_gain":0,"player_choice":"Healed","damage_taken":0,"max_hp_gain":0,"max_hp_loss":0,"event_name":"The Cleric","floor":14,"gold_loss":35},{"damage_healed":0,"gold_gain":90,"player_choice":"GOLD ","damage_taken":12,"max_hp_gain":0,"max_hp_loss":0,"event_name":"Knowing Skull","floor":20,"potions_obtained":[],"gold_loss":0,"cards_obtained":[]}],"is_beta":false,"boss_relics":[{"not_picked":["Ectoplasm","Runic Dome"],"picked":"Tiny House"}],"items_purged_floors":[],"is_endless":false,"potions_floor_spawned":[3,13,23,25],"killed_by":"Book of Stabbing","ascension_level":0}}