{"host":"2psfthmeyefnuu1p","time":1608296898,"event":{"mods":["Aspiration","BaseMod","Challenge The Spire","Conspire","Downfall","Faster Ascension Climbing","GungeonMod","Hermit","Minty Spire (QoL Compilation)","Quick Restart","Replay The Spire","RumiaBox-露米娅的神秘盒子","Spicy Shops","StSLib","The Bladedancer","The Bug Knight","The Cursed","The Gatherer","The Hayseed","The Jungle","The Runesmith","The Servant 0.9.4","TheWitcher","Uncapped","WarShipGirlsR/战舰少女R mod","[IsaacMod]以撒尖塔","vexMod","【功能Mod】混沌之环修复补丁","篝火指南"],"gold_per_floor":[1,1,1,32,49,499,499,58,58,93,93,106,106,136,191,236,236],"floor_reached":16,"playtime":1146,"items_purged":[],"score":131,"play_id":"5bc6feab-8e71-4d58-827b-7250cd695223","local_time":"20201218210818","is_ascension_mode":false,"campfire_choices":[{"floor":9,"key":"RECALL"}],"circlet_count":0,"master_deck":["Strike_S","Strike_S","Strike_S","Strike_S","Defend_S","Defend_S","Defend_S","Defend_S","KidneyShot","Exchange","SuicideKing","Luminosity","Reset","SilverBlades","ForgedInTime","Starlight","Slimebound:Icky","Slimebound:Icky","Slimebound:Icky","Defy","FlawlessForm","SilverBlades","Hightail","Doubt","ShiftingGears"],"relics":["Uniform","HushsDoor","SteamSale","downfall:HeartsMalice","aspiration:StickyExplosives","Nunchaku","aspiration:TrustyKnives","aspiration:ChemicalBlood","Ring of Peace","ReplayTheSpireMod:Ring of Challenge"],"acts_visited":["Exordium"],"potions_floor_usage":[16,16,16],"damage_taken":[{"damage":0,"enemies":"2 Louse","floor":2,"turns":1},{"damage":0,"enemies":"Small Slimes","floor":3,"turns":1},{"damage":0,"enemies":"3 Sentries","floor":4,"turns":1},{"damage":16,"enemies":"Jaw Worm","floor":5,"turns":4},{"damage":0,"enemies":"downfall:FleeingMerchant","floor":8,"turns":4},{"damage":15,"enemies":"Gremlin Nob","floor":10,"turns":8},{"damage":12,"enemies":"Blue Slaver","floor":12,"turns":5},{"damage":0,"enemies":"downfall:FleeingMerchant","floor":14,"turns":4},{"damage":1,"enemies":"Large Slime","floor":15,"turns":9},{"damage":29,"enemies":"downfall:Silent","floor":16,"turns":8}],"seed_played":"-8528676803033412880","potions_obtained":[{"floor":5,"key":"SteroidPotion"},{"floor":12,"key":"Adrenaline Potion"},{"floor":15,"key":"Adrenaline Potion"}],"is_trial":false,"path_per_floor":["R","M","M","E","M","?","T","$","R","E","?","M","?","$","M","B"],"character_chosen":"THE_SERVANT","items_purchased":["aspiration:StickyExplosives","Luminosity","FlawlessForm","aspiration:TrustyKnives"],"campfire_rested":0,"item_purchase_floors":[1,1,8,8],"current_hp_per_floor":[65,65,65,65,49,49,49,49,49,34,34,22,22,22,21,0,0],"gold":236,"neow_bonus":"THREE_ENEMY_KILL","is_daily":false,"chose_seed":false,"campfire_upgraded":0,"win_rate":0.0,"timestamp":1608296898,"path_taken":["R","M","M","E","M","?","T","$","R","E","?","M","?","$","M","BOSS"],"items_purchased_type":["Relic","Card","Card","Relic"],"build_version":"2020-12-13","purchased_purges":0,"victory":false,"max_hp_per_floor":[65,65,65,65,65,65,65,65,65,65,65,65,65,65,65,65,65],"card_choices":[{"not_picked":[],"picked":"SuicideKing","floor":0},{"not_picked":["DoubleEdge","Collapse"],"picked":"Reset","floor":2},{"not_picked":["ReturningBlade","Read"],"picked":"SilverBlades","floor":3},{"not_picked":["Foresight","Reset"],"picked":"ForgedInTime","floor":4},{"not_picked":["BottledTime","Revamp"],"picked":"Starlight","floor":5},{"not_picked":["BottledTime","Revamp"],"picked":"Defy","floor":8},{"not_picked":["Rearm","Alleviate"],"picked":"SilverBlades","floor":10},{"not_picked":["Bomb","Rearm"],"picked":"Hightail","floor":12},{"not_picked":["TimeWarp","Gouge","BottledTime"],"picked":"SKIP","floor":14},{"not_picked":["FastForward","Defy"],"picked":"ShiftingGears","floor":15}],"player_experience":153078,"relics_obtained":[{"floor":4,"key":"Nunchaku"},{"floor":10,"key":"aspiration:ChemicalBlood"},{"floor":13,"key":"Ring of Peace"},{"floor":13,"key":"ReplayTheSpireMod:Ring of Challenge"}],"event_choices":[{"damage_healed":0,"gold_gain":0,"player_choice":"Leave","damage_taken":0,"max_hp_gain":0,"max_hp_loss":0,"event_name":"conspire:Investor","floor":11,"gold_loss":0}],"is_beta":false,"boss_relics":[],"items_purged_floors":[],"is_endless":false,"potions_floor_spawned":[5,12,15],"killed_by":"downfall:Silent","ascension_level":0}}