{"host":"r2b8ojg4o4pyvjvq","time":1608300212,"event":{"mods":["BaseMod","Colored Map","Downfall","Highlight Path","Hubris","Marisa????????","Minty Spire (QoL Compilation)","Quick Restart","Replay The Spire","StSLib","SuperFastMode"],"gold_per_floor":[119,132,132,2,15,15,48,60,86,86,110,185,208,234,234,234,234],"floor_reached":16,"playtime":701,"items_purged":["Defend_MRS"],"score":151,"play_id":"faa57aee-bd12-4396-a707-8eedc185b562","local_time":"20201218150332","is_ascension_mode":true,"campfire_choices":[{"data":"DeepEcoloBomb","floor":6,"key":"SMITH"},{"floor":10,"key":"REST"},{"floor":15,"key":"REST"}],"circlet_count":0,"master_deck":["Strike_MRS+1","Strike_MRS+1","Strike_MRS+1","Defend_MRS","Defend_MRS","Defend_MRS","MasterSpark","UpSweep","TreasureHunter","ShootingEcho","DC","OrrerysSun+1","DeepEcoloBomb+1","SuperPerseids","MysteriousBeam","MilkyWay","GalacticHalo","ShootTheMoon"],"relics":["MiniHakkero","Replay:Bottled Eggs","CeramicFish"],"acts_visited":["Exordium"],"potions_floor_usage":[13,16,16],"damage_taken":[{"damage":1,"enemies":"Cultist","floor":1,"turns":4},{"damage":7,"enemies":"Jaw Worm","floor":2,"turns":3},{"damage":0,"enemies":"Small Slimes","floor":5,"turns":2},{"damage":36,"enemies":"Lagavulin","floor":7,"turns":6},{"damage":6,"enemies":"Looter","floor":8,"turns":2},{"damage":2,"enemies":"Blue Slaver","floor":11,"turns":2},{"damage":2,"enemies":"Exordium Thugs","floor":13,"turns":3},{"damage":1,"enemies":"Large Slime","floor":14,"turns":4},{"damage":50,"enemies":"Hexaghost","floor":16,"turns":11}],"seed_played":"7601773651507427506","potions_obtained":[{"floor":1,"key":"StarNLove"},{"floor":7,"key":"GamblersBrew"},{"floor":8,"key":"Guardian:BlockOnCardUsePotion"}],"is_trial":false,"path_per_floor":["M","M","?","$","M","R","E","M","T","R","M","?","M","M","R","B"],"character_chosen":"MARISA","items_purchased":["OrrerysSun+1"],"campfire_rested":2,"item_purchase_floors":[4],"current_hp_per_floor":[67,60,60,60,60,60,24,18,18,40,38,27,25,24,46,0,0],"gold":234,"neow_bonus":"ONE_RANDOM_RARE_CARD","is_daily":false,"chose_seed":false,"campfire_upgraded":1,"win_rate":0.0,"timestamp":1608300212,"path_taken":["M","M","?","$","M","R","E","?","T","R","M","?","M","M","R","BOSS"],"items_purchased_type":["Card"],"build_version":"2020-12-13","purchased_purges":1,"victory":false,"max_hp_per_floor":[75,75,75,75,75,75,75,75,75,75,75,75,75,75,75,75,75],"card_choices":[{"not_picked":["Occultation","Acceleration"],"picked":"ShootingEcho","floor":1},{"not_picked":["LuminesStrike","EarthLightRay"],"picked":"DC","floor":2},{"not_picked":["DC","IllusionStar"],"picked":"DeepEcoloBomb","floor":5},{"not_picked":["ChargeUpSpray","GravityBeat","SuperPerseids"],"picked":"SKIP","floor":7},{"not_picked":["ChargeUpSpray","GravityBeat"],"picked":"SuperPerseids","floor":7},{"not_picked":["DC","GasGiant"],"picked":"MysteriousBeam","floor":8},{"not_picked":["FinalSpark","NonDirectionalLaser"],"picked":"MilkyWay","floor":11},{"not_picked":["OrrerysSun","PowerUp"],"picked":"GalacticHalo","floor":13},{"not_picked":["Acceleration","DC"],"picked":"ShootTheMoon","floor":14}],"player_experience":451032,"relics_obtained":[{"floor":7,"key":"Replay:Bottled Eggs"},{"floor":9,"key":"CeramicFish"}],"event_choices":[{"cards_removed":["Strike_MRS"],"damage_healed":0,"gold_gain":0,"player_choice":"Purged","damage_taken":0,"max_hp_gain":0,"max_hp_loss":0,"event_name":"Purifier","floor":3,"gold_loss":0},{"damage_healed":0,"gold_gain":75,"player_choice":"Gather Gold","damage_taken":11,"max_hp_gain":0,"max_hp_loss":0,"event_name":"World of Goop","floor":12,"gold_loss":0}],"is_beta":false,"boss_relics":[],"items_purged_floors":[4],"is_endless":false,"potions_floor_spawned":[1,7,8,11],"killed_by":"Hexaghost","ascension_level":9}}