{"host":"9tzam4717zt8ei1o","time":1608301525,"event":{"mods":["BaseMod","Colored Map","Keyboard Shortcuts","Minty Spire (QoL Compilation)","Quick Restart","StSLib","SuperFastMode"],"gold_per_floor":[116,134,59,59,76,76,103,121,121,46,74,84,84,84],"floor_reached":13,"playtime":226,"items_purged":["Strike_G"],"score":185,"play_id":"7d9db490-029f-4128-919a-04fca84a6565","local_time":"20201218232525","is_ascension_mode":true,"campfire_choices":[{"data":"Envenom","floor":6.0,"key":"SMITH"}],"circlet_count":0,"master_deck":["AscendersBane","Strike_G","Strike_G","Strike_G","Strike_G","Defend_G","Defend_G","Defend_G","Defend_G","Defend_G","Survivor","Neutralize","PiercingWail","Dagger Spray","Masterful Stab+1","Envenom+1","Blur","Bouncing Flask","Blade Dance","Blade Dance"],"relics":["Ring of the Snake","NeowsBlessing","White Beast Statue","Blue Candle","Pantograph"],"acts_visited":["Exordium"],"potions_floor_usage":[12,12],"damage_taken":[{"damage":0.0,"enemies":"2 Louse","floor":1.0,"turns":1.0},{"damage":0.0,"enemies":"Cultist","floor":2.0,"turns":1.0},{"damage":0.0,"enemies":"Small Slimes","floor":5.0,"turns":1.0},{"damage":12.0,"enemies":"Lagavulin","floor":7.0,"turns":7.0},{"damage":3.0,"enemies":"Blue Slaver","floor":8.0,"turns":4.0},{"damage":40.0,"enemies":"3 Sentries","floor":11.0,"turns":9.0},{"damage":3,"enemies":"Large Slime","floor":12,"turns":4},{"damage":1,"enemies":"Lagavulin","floor":13,"turns":4}],"seed_played":"5046776236437863319","potions_obtained":[{"floor":5.0,"key":"Poison Potion"},{"floor":8.0,"key":"Poison Potion"},{"floor":11.0,"key":"SteroidPotion"},{"floor":12,"key":"Fire Potion"}],"is_trial":false,"path_per_floor":["M","M","$","?","M","R","E","M","T","$","E","M","E"],"character_chosen":"THE_SILENT","items_purchased":["Masterful Stab"],"campfire_rested":0,"item_purchase_floors":[3],"current_hp_per_floor":[59,59,59,59,59,59,47,44,44,44,4,1,0,0],"gold":84,"neow_bonus":"THREE_ENEMY_KILL","is_daily":false,"chose_seed":false,"campfire_upgraded":1,"win_rate":0.0,"timestamp":1608301525,"path_taken":["M","M","$","?","?","R","E","?","T","$","E","M","E"],"items_purchased_type":["Card"],"build_version":"2020-12-13","purchased_purges":1,"victory":false,"max_hp_per_floor":[66,66,66,66,66,66,66,66,66,66,66,66,66,66],"card_choices":[{"not_picked":["Bane","Catalyst"],"picked":"PiercingWail","floor":1.0},{"not_picked":["Bane","Slice"],"picked":"Dagger Spray","floor":2.0},{"not_picked":["Terror","Footwork"],"picked":"Envenom","floor":5.0},{"not_picked":["Bullet Time","Concentrate"],"picked":"Blur","floor":7.0},{"not_picked":["Leg Sweep","Outmaneuver"],"picked":"Bouncing Flask","floor":8.0},{"not_picked":["Dagger Throw","Bouncing Flask","Blade Dance"],"picked":"SKIP","floor":11.0},{"not_picked":["Dagger Throw","Bouncing Flask"],"picked":"Blade Dance","floor":11.0},{"not_picked":["Cloak And Dagger","Deadly Poison"],"picked":"Blade Dance","floor":12}],"player_experience":82770,"relics_obtained":[{"floor":7.0,"key":"White Beast Statue"},{"floor":9.0,"key":"Blue Candle"},{"floor":11.0,"key":"Pantograph"}],"event_choices":[{"damage_healed":0.0,"max_hp_gain":0.0,"max_hp_loss":0.0,"gold_gain":0.0,"event_name":"Upgrade Shrine","player_choice":"Upgraded","floor":4.0,"gold_loss":0.0,"damage_taken":0.0,"cards_upgraded":["Masterful Stab"]}],"is_beta":false,"boss_relics":[],"items_purged_floors":[10],"is_endless":false,"potions_floor_spawned":[5,8,11,12],"killed_by":"Lagavulin","ascension_level":19}}