{"host":"5gc11emcm5chfr5t","time":1608251163,"event":{"mods":["2.2 Compatiblity","AchievementEnabler","BaseMod","Bestiary","Better Note","Colored Map","Colored Powertips","Downfall","Googly Eyes","Minty Spire (QoL Compilation)","Rare Cards Sparkle","StSLib"],"gold_per_floor":[0,12,28,28,128,53,102,128,128,53,64,64,74,89,106,106,106],"floor_reached":16,"playtime":448,"items_purged":[],"score":158,"play_id":"fdb07de9-0c55-474f-b4c2-70d096064f07","local_time":"20201217192603","is_ascension_mode":true,"campfire_choices":[{"floor":1,"key":"RECALL"},{"data":"sneckomod:CheapStock","floor":6,"key":"SMITH"},{"floor":10,"key":"REST"}],"circlet_count":0,"master_deck":["AscendersBane","sneckomod:Strike","sneckomod:Strike","sneckomod:Strike","sneckomod:Defend","sneckomod:Defend","sneckomod:Defend","sneckomod:TailWhip","sneckomod:SnekBite","sneckomod:Unknown","sneckomod:Unknown","sneckomod:SoulRoll","sneckomod:CheapStock+1","Regret","sneckomod:UnknownClassRED+1","sneckomod:UnknownStrike+1","sneckomod:IronFang","sneckomod:UnknownStrike+1","sneckomod:UnlimitedRolls"],"relics":["sneckomod:SneckoSoul","sneckomod:UnknownEgg","Sundial","downfall:HeartBlessingRed","Lantern","Mercury Hourglass","Mummified Hand","downfall:HeartBlessingGreen","HornCleat"],"acts_visited":["Exordium"],"potions_floor_usage":[8,16,16],"damage_taken":[{"damage":0,"enemies":"Small Slimes","floor":2,"turns":3},{"damage":11,"enemies":"Jaw Worm","floor":3,"turns":5},{"damage":67,"enemies":"3 Sentries","floor":8,"turns":11},{"damage":7,"enemies":"2 Louse","floor":11,"turns":3},{"damage":6,"enemies":"Exordium Wildlife","floor":13,"turns":3},{"damage":15,"enemies":"Large Slime","floor":14,"turns":6},{"damage":10,"enemies":"2 Fungi Beasts","floor":15,"turns":2},{"damage":24,"enemies":"downfall:Defect","floor":16,"turns":4}],"seed_played":"-1679907997216646292","potions_obtained":[{"floor":2,"key":"Ancient Potion"},{"floor":8,"key":"DuplicationPotion"},{"floor":15,"key":"ColorlessPotion"}],"is_trial":false,"path_per_floor":["R","M","M","?","?","R","T","E","T","R","M","?","M","M","M","B"],"character_chosen":"THE_SNECKO","items_purchased":[],"campfire_rested":1,"item_purchase_floors":[],"current_hp_per_floor":[81,81,70,70,70,70,70,4,4,31,25,25,46,32,22,0,0],"gold":106,"neow_bonus":"ONE_RARE_RELIC","is_daily":false,"chose_seed":false,"campfire_upgraded":1,"win_rate":0.0,"timestamp":1608251163,"path_taken":["R","M","M","?","?","R","T","E","?","R","M","?","M","?","M","BOSS"],"items_purchased_type":[],"build_version":"2020-12-13","purchased_purges":0,"victory":false,"max_hp_per_floor":[90,90,90,90,90,90,90,91,91,91,92,92,92,93,93,93,93],"card_choices":[{"not_picked":["sneckomod:UnknownVulnerable+1","sneckomod:UnknownCommonSkill+1"],"picked":"sneckomod:SoulRoll","floor":2},{"not_picked":["sneckomod:QuickMove","sneckomod:UnknownVulnerable+1"],"picked":"sneckomod:CheapStock","floor":3},{"not_picked":["sneckomod:WideSting","sneckomod:CheapStock"],"picked":"sneckomod:UnknownClassRED+1","floor":8},{"not_picked":["sneckomod:UnknownDexterity+1","sneckomod:QuickBite"],"picked":"sneckomod:UnknownStrike+1","floor":11},{"not_picked":["sneckomod:DiceBlock","sneckomod:Rotation"],"picked":"sneckomod:IronFang","floor":13},{"not_picked":["sneckomod:MixItUp","sneckomod:QuickBite"],"picked":"sneckomod:UnknownStrike+1","floor":14},{"not_picked":["sneckomod:UnknownVulnerable+1","sneckomod:UnknownCommonAttack+1"],"picked":"sneckomod:UnlimitedRolls","floor":15}],"player_experience":414959,"relics_obtained":[{"floor":7,"key":"Lantern"},{"floor":8,"key":"Mercury Hourglass"},{"floor":9,"key":"Mummified Hand"}],"event_choices":[{"damage_healed":0,"gold_gain":0,"player_choice":"Box","damage_taken":0,"relics_obtained":["Sundial"],"max_hp_gain":0,"max_hp_loss":0,"event_name":"Big Fish","floor":4,"gold_loss":0,"cards_obtained":["Regret"]}],"is_beta":false,"boss_relics":[],"items_purged_floors":[],"is_endless":false,"potions_floor_spawned":[2,8,15],"killed_by":"downfall:Defect","ascension_level":11}}