{"host":"pjb18p51534sp43l","time":1608317378,"event":{"mods":["AchievementEnabler","BaseMod","DeckTracker","Marisa£¨Ùöéë¡¡Øª×âÞÞ£©","Minty Spire (QoL Compilation)","Rare Cards Sparkle","StSLib"],"gold_per_floor":[114,129,141,157,172,197,215,215,240,240,252,279,312,387,387,468,468,480,480,512,561,578,578,615,631,656,683,608,608,633,633,633],"floor_reached":31,"playtime":464,"items_purged":["Strike_B"],"score":724,"play_id":"673b9824-474a-4e4a-baa5-7b435a07266d","local_time":"20201219034938","is_ascension_mode":true,"campfire_choices":[{"data":"Self Repair","floor":8.0,"key":"SMITH"},{"data":"Meteor Strike","floor":10,"key":"SMITH"},{"data":"Reboot","floor":15,"key":"SMITH"},{"data":"Machine Learning","floor":23,"key":"SMITH"}],"circlet_count":0,"master_deck":["AscendersBane","Strike_B","Strike_B","Strike_B","Defend_B","Defend_B","Defend_B","Defend_B","Zap","Dualcast","Hyperbeam+1","Necronomicurse","Meteor Strike+1","Self Repair+1","Reboot+1","Melter","Turbo","Machine Learning+1","Beam Cell","Buffer"],"relics":["Cracked Core","Necronomicon","Bottled Flame","CeramicFish","Tiny Chest","Sozu","Red Mask","Oddly Smooth Stone","Bag of Marbles","Vajra","Pear"],"acts_visited":["TheCity"],"potions_floor_usage":[16,24,24],"damage_taken":[{"damage":0.0,"enemies":"Jaw Worm","floor":1.0,"turns":1.0},{"damage":0.0,"enemies":"Cultist","floor":2.0,"turns":1.0},{"damage":0.0,"enemies":"2 Louse","floor":3.0,"turns":1.0},{"damage":0.0,"enemies":"2 Fungi Beasts","floor":4.0,"turns":1.0},{"damage":0.0,"enemies":"Looter","floor":5.0,"turns":1.0},{"damage":0.0,"enemies":"3 Sentries","floor":6.0,"turns":1.0},{"damage":0,"enemies":"Large Slime","floor":11,"turns":1},{"damage":0,"enemies":"Blue Slaver","floor":12,"turns":1},{"damage":0,"enemies":"Lagavulin","floor":13,"turns":2},{"damage":42,"enemies":"Hexaghost","floor":16,"turns":7},{"damage":0,"enemies":"3 Byrds","floor":18,"turns":1},{"damage":0,"enemies":"Masked Bandits","floor":20,"turns":1},{"damage":0,"enemies":"Shell Parasite","floor":22,"turns":1},{"damage":59,"enemies":"Book of Stabbing","floor":24,"turns":5},{"damage":0,"enemies":"Snake Plant","floor":25,"turns":1},{"damage":0,"enemies":"Slavers","floor":27,"turns":1},{"damage":0,"enemies":"Cultist and Chosen","floor":30,"turns":1},{"damage":0,"enemies":"Book of Stabbing","floor":31,"turns":2}],"seed_played":"-6809919566738605995","potions_obtained":[{"floor":1.0,"key":"Explosive Potion"},{"floor":3.0,"key":"ColorlessPotion"},{"floor":13,"key":"Fruit Juice"},{"floor":16,"key":"SkillPotion"}],"is_trial":false,"path_per_floor":["M","M","M","M","M","E","?","R","T","R","M","M","E","?","R","B",null,"M","?","?","T","M","R","E","M","T","E","$","?","M","E"],"character_chosen":"DEFECT","items_purchased":[],"campfire_rested":0,"item_purchase_floors":[],"current_hp_per_floor":[64,64,64,64,64,64,64,64,64,64,64,64,64,53,53,21,59,59,59,59,59,59,59,15,15,15,25,25,4,4,4,4],"gold":633,"neow_bonus":"UPGRADE_CARD","is_daily":false,"chose_seed":false,"campfire_upgraded":4,"win_rate":0.0,"timestamp":1608317378,"path_taken":["M","M","M","M","M","E","?","R","T","R","M","?","E","?","R","BOSS","M","?","?","?","M","R","E","M","T","E","$","?","M","E"],"items_purchased_type":[],"build_version":"2020-12-13","purchased_purges":1,"victory":false,"max_hp_per_floor":[71,71,71,71,71,71,71,71,71,71,71,71,71,71,71,71,71,71,71,71,71,71,71,76,76,76,86,86,86,86,86,86],"card_choices":[{"not_picked":["Redo","Barrage","Compile Driver"],"picked":"SKIP","floor":1.0},{"not_picked":["Redo","Steam","Compile Driver"],"picked":"SKIP","floor":2.0},{"not_picked":["Force Field","Streamline"],"picked":"Meteor Strike","floor":3.0},{"not_picked":["Hologram","Ball Lightning"],"picked":"Self Repair","floor":4.0},{"not_picked":["Ball Lightning","Lockon","Conserve Battery"],"picked":"SKIP","floor":5.0},{"not_picked":["Compile Driver","Aggregate","Reinforced Body"],"picked":"SKIP","floor":6.0},{"not_picked":["Auto Shields","Genetic Algorithm","Static Discharge"],"picked":"SKIP","floor":11},{"not_picked":["Gash","Turbo","Compile Driver"],"picked":"SKIP","floor":12},{"not_picked":["Gash","Compile Driver"],"picked":"Turbo","floor":12},{"not_picked":["Conserve Battery","Redo","Hello World"],"picked":"SKIP","floor":13},{"not_picked":["Reboot","Core Surge"],"picked":"Machine Learning","floor":16},{"not_picked":["Leap","Steam","Redo"],"picked":"SKIP","floor":18},{"not_picked":["Compile Driver","Steam","Ball Lightning+1"],"picked":"SKIP","floor":22},{"not_picked":["Glacier","Genetic Algorithm"],"picked":"Beam Cell","floor":24},{"not_picked":["Tempest","Consume","Barrage"],"picked":"SKIP","floor":25},{"not_picked":["Heatsinks","Steam","BootSequence"],"picked":"SKIP","floor":27},{"not_picked":["Steam","Rebound"],"picked":"Buffer","floor":30}],"player_experience":58382,"relics_obtained":[{"floor":6.0,"key":"CeramicFish"},{"floor":13,"key":"Tiny Chest"},{"floor":20,"key":"Red Mask"},{"floor":21,"key":"Oddly Smooth Stone"},{"floor":24,"key":"Bag of Marbles"},{"floor":26,"key":"Vajra"},{"floor":27,"key":"Pear"}],"event_choices":[{"damage_healed":0.0,"max_hp_gain":0.0,"max_hp_loss":0.0,"gold_gain":0.0,"event_name":"Match and Keep!","player_choice":"2 cards matched","floor":7.0,"gold_loss":0.0,"damage_taken":0.0,"cards_obtained":["Reboot","Melter"]},{"damage_healed":0,"gold_gain":75,"player_choice":"Gather Gold","damage_taken":11,"max_hp_gain":0,"max_hp_loss":0,"event_name":"World of Goop","floor":14,"gold_loss":0},{"damage_healed":0,"gold_gain":0,"player_choice":"Ignored","damage_taken":0,"max_hp_gain":0,"max_hp_loss":0,"event_name":"Vampires","floor":19,"gold_loss":0},{"damage_healed":0,"gold_gain":0,"player_choice":"Fought Bandits","damage_taken":0,"max_hp_gain":0,"max_hp_loss":0,"event_name":"Masked Bandits","floor":20,"gold_loss":0},{"damage_healed":0,"gold_gain":0,"player_choice":"Obtained Book","damage_taken":21,"max_hp_gain":0,"max_hp_loss":0,"event_name":"Cursed Tome","floor":29,"gold_loss":0}],"is_beta":false,"boss_relics":[{"not_picked":["Snecko Eye","Ectoplasm"],"picked":"Sozu"}],"items_purged_floors":[28],"is_endless":false,"potions_floor_spawned":[1,3,13,16,20,24,27],"killed_by":"Book of Stabbing","ascension_level":20}}