{"host":"tgr1xoidyjfo4u0n","time":1608263161,"event":{"mods":["Act Like it!","BaseMod","Colored Powertips","GifTheSpireLib","Highlight Path","Marisa£®ÏF”Í°°ƒß¿Ì…≥£©","Minty Spire (QoL Compilation)","StSLib"],"gold_per_floor":[359,359,374,393,411,411,446,446,446,446,446,474,486,499,499,677,677,717,632,632,166,202,255,295,325,351,489,489,489,529,551,551,695,695,710,850,928,473,489,489,624,624,651,651,665,680,331,359,359,359,359,359,13,41,41],"floor_reached":56,"playtime":3572,"items_purged":["Strike_MRS","MasterSpark+1","Robbery+1","Defend_MRS"],"score":1457,"play_id":"b2cbe2f4-6c57-4bd2-b69a-67aceb7b6f9e","local_time":"20201218114601","is_ascension_mode":true,"campfire_choices":[{"data":"MasterSpark","floor":6.0,"key":"SMITH"},{"data":"UpSweep","floor":8.0,"key":"SMITH"},{"data":"PowerUp","floor":10.0,"key":"SMITH"},{"data":"SporeBomb","floor":15.0,"key":"SMITH"},{"data":"EventHorizon","floor":29,"key":"SMITH"},{"data":"BlazeAway","floor":32,"key":"SMITH"},{"data":"MillisecondPulsars","floor":40,"key":"SMITH"},{"floor":42,"key":"RECALL"},{"data":"1","floor":44,"key":"LIFT"},{"data":"2","floor":49,"key":"LIFT"},{"data":"3","floor":52,"key":"LIFT"}],"circlet_count":0,"master_deck":["Defend_MRS","Defend_MRS","Defend_MRS+1","UpSweep+1","PowerUp+1","MilkyWay","DeepEcoloBomb+1","UnstableBomb+1","GasGiant","SporeBomb+1","MysteriousBeam+1","MysteriousBeam+1","EventHorizon+1","Parasite","Parasite","ChargingUp","StarlightTyphoon+1","Orbital","SprinkleStarSeal+1","Orbital","BlazeAway+1","MilkyWay","JA+1","MysteriousBeam+1","MillisecondPulsars+1","Acceleration+1","MysteriousBeam+1","AsteroidBelt","GravityBeat+1","OneTimeOff","MachineGunSpark+1","Acceleration+1","Acceleration","Finesse","MysteriousBeam+1"],"relics":["MiniHakkero","SproutingBranch","HornCleat","Molten Egg 2","Coffee Dripper","Strawberry","Question Card","ShroomBag","Sundial","MealTicket","Bag of Preparation","BreadOfAWashokuLover","Bird Faced Urn","Empty Cage","StoneCalendar","Girya","Anchor","War Paint","Orichalcum","Medical Kit","AmplifyWand","Whetstone"],"acts_visited":["Exordium","TheCity","TheBeyond","TheEnding"],"potions_floor_usage":[48,55],"damage_taken":[{"damage":2.0,"enemies":"Small Slimes","floor":1.0,"turns":3.0},{"damage":0.0,"enemies":"2 Louse","floor":3.0,"turns":2.0},{"damage":1.0,"enemies":"Cultist","floor":4.0,"turns":3.0},{"damage":1.0,"enemies":"Looter","floor":5.0,"turns":3.0},{"damage":12.0,"enemies":"3 Sentries","floor":7.0,"turns":6.0},{"damage":22.0,"enemies":"Lagavulin","floor":12.0,"turns":6.0},{"damage":0.0,"enemies":"Large Slime","floor":13.0,"turns":3.0},{"damage":2.0,"enemies":"3 Louse","floor":14.0,"turns":2.0},{"damage":24.0,"enemies":"The Guardian","floor":16.0,"turns":6.0},{"damage":3.0,"enemies":"2 Thieves","floor":18.0,"turns":3.0},{"damage":0.0,"enemies":"Spheric Guardian","floor":22.0,"turns":1.0},{"damage":4.0,"enemies":"Book of Stabbing","floor":23.0,"turns":3.0},{"damage":11.0,"enemies":"Snake Plant","floor":24.0,"turns":3.0},{"damage":0.0,"enemies":"Gremlin Leader","floor":25.0,"turns":3.0},{"damage":2.0,"enemies":"Colosseum Slavers","floor":27.0,"turns":2.0},{"damage":0.0,"enemies":"Colosseum Nobs","floor":27.0,"turns":3.0},{"damage":0,"enemies":"Snecko","floor":30,"turns":3},{"damage":1,"enemies":"Shelled Parasite and Fungi","floor":31,"turns":3},{"damage":38,"enemies":"Champ","floor":33,"turns":6},{"damage":7,"enemies":"Orb Walker","floor":35,"turns":2},{"damage":0,"enemies":"Mind Bloom Boss Battle","floor":36,"turns":4},{"damage":27,"enemies":"2 Orb Walkers","floor":37,"turns":3},{"damage":0,"enemies":"3 Darklings","floor":39,"turns":3},{"damage":0,"enemies":"Giant Head","floor":41,"turns":5},{"damage":0,"enemies":"Spire Growth","floor":45,"turns":2},{"damage":0,"enemies":"Sphere and 2 Shapes","floor":46,"turns":2},{"damage":0,"enemies":"Reptomancer","floor":48,"turns":3},{"damage":15,"enemies":"Time Eater","floor":50,"turns":5},{"damage":4,"enemies":"Shield and Spear","floor":54,"turns":3},{"damage":71,"enemies":"The Heart","floor":55,"turns":4}],"seed_played":"-7233700703461954613","potions_obtained":[{"floor":3.0,"key":"BottledSpark"},{"floor":12.0,"key":"DistilledChaos"},{"floor":13.0,"key":"SmokeBomb"},{"floor":16.0,"key":"Fire Potion"},{"floor":25.0,"key":"Fire Potion"},{"floor":35,"key":"Swift Potion"},{"floor":48,"key":"Fruit Juice"}],"is_trial":false,"path_per_floor":["M","?","M","M","M","R","E","R","T","R","?","E","M","M","R","B",null,"M","?","?","$","M","E","M","E","T","?","?","R","M","M","R","B",null,"M","?","?","$","M","R","E","R","T","R","M","M","$","E","R","B",null,"R","$","E","B",null],"character_chosen":"MARISA","items_purchased":["Question Card","ShroomBag","MysteriousBeam+1","Anchor","War Paint","MachineGunSpark+1","Medical Kit","Acceleration","Finesse","PowerPotion"],"campfire_rested":0,"item_purchase_floors":[21,21,38,38,38,47,47,53,53,53],"current_hp_per_floor":[52,75,75,74,73,73,61,61,61,61,61,54,63,66,66,56,75,75,82,82,82,82,80,79,82,82,82,82,82,82,82,82,61,82,78,82,63,78,95,95,95,95,95,95,95,95,95,100,100,98,100,100,100,100,36],"gold":41,"neow_bonus":"TWO_FIFTY_GOLD","is_daily":false,"chose_seed":false,"campfire_upgraded":7,"win_rate":0.0,"timestamp":1608263161,"path_taken":["M","?","M","M","M","R","E","R","T","R","?","E","?","M","R","BOSS","M","?","?","$","M","E","M","E","T","?","?","R","M","M","R","BOSS","M","?","?","$","M","R","E","R","T","R","M","M","$","E","R","BOSS","R","$","E","BOSS"],"items_purchased_type":["Relic","Relic","Card","Relic","Relic","Card","Relic","Card","Card","Potion"],"build_version":"2020-12-13","purchased_purges":4,"victory":true,"max_hp_per_floor":[75,75,75,75,75,75,75,75,75,75,75,75,75,75,75,75,75,75,82,82,82,82,82,82,82,82,82,82,82,82,82,82,82,82,82,82,82,82,95,95,95,95,95,95,95,95,95,100,100,100,100,100,100,100,100],"card_choices":[{"not_picked":["GrandCross","GravityBeat"],"picked":"PowerUp","floor":1.0},{"not_picked":["MeteoricShower","IllusionStar"],"picked":"MilkyWay","floor":3.0},{"not_picked":["GravityBeat","LuminesStrike"],"picked":"DeepEcoloBomb","floor":4.0},{"not_picked":["Acceleration","NonDirectionalLaser"],"picked":"UnstableBomb","floor":5.0},{"not_picked":["Occultation","AlicesGift"],"picked":"GasGiant","floor":7.0},{"not_picked":["DC+1","StarBarrage+1","MilkyWay"],"picked":"SKIP","floor":12.0},{"not_picked":["MysteriousBeam+1","GrandCross+1"],"picked":"SporeBomb","floor":13.0},{"not_picked":["DragonMeteor+1","Orbital"],"picked":"Robbery+1","floor":14.0},{"not_picked":["BigCrunch","TreasureHunter+1"],"picked":"UltimateShortwave","floor":16.0},{"not_picked":["WitchLeyline+1","GalacticHalo"],"picked":"MysteriousBeam+1","floor":18.0},{"not_picked":["PowerUp","WitchOfGreed","LuminesStrike+1"],"picked":"ChargingUp","floor":22.0},{"not_picked":["ManaRampage","FairyDestructionRay+1","EventHorizon"],"picked":"StarlightTyphoon+1","floor":23.0},{"not_picked":["6A+1","PowerUp","AsteroidBelt+1"],"picked":"Orbital","floor":24.0},{"not_picked":["ShootingEcho+1","GasGiant+1","BigCrunch"],"picked":"SprinkleStarSeal","floor":25.0},{"not_picked":["SporeBomb","StarlightTyphoon","DarkMatter"],"picked":"Orbital","floor":27.0},{"not_picked":["StarlightTyphoon","DoubleSpark+1","AlicesGift+1"],"picked":"BlazeAway","floor":30},{"not_picked":["StarlightTyphoon","SporeBomb","FairyDestructionRay+1"],"picked":"MilkyWay","floor":31},{"not_picked":["UltimateShortwave","BlazingStar+1","TreasureHunter+1"],"picked":"JA+1","floor":33},{"not_picked":["GalacticHalo+1","Acceleration+1","ShootingEcho+1"],"picked":"MysteriousBeam+1","floor":35},{"not_picked":["EnergyRecoil","FairyDestructionRay+1","DragonMeteor+1"],"picked":"MillisecondPulsars","floor":36},{"not_picked":["DC+1","ShootingEcho+1","MilkyWay"],"picked":"Acceleration+1","floor":37},{"not_picked":["SprinkleStarSeal+1","MilkyWay+1","PowerUp+1"],"picked":"AsteroidBelt","floor":39},{"not_picked":["PowerUp","ShootingEcho+1","6A+1"],"picked":"GravityBeat+1","floor":41},{"not_picked":["EventHorizon+1","UltimateShortwave","DoubleSpark+1"],"picked":"OneTimeOff","floor":45},{"not_picked":["LuminesStrike+1","GalacticHalo+1","UnstableBomb+1","SporeBomb+1"],"picked":"SKIP","floor":46},{"not_picked":["GrandCross+1","FinalSpark+1","ShootingEcho+1"],"picked":"Acceleration+1","floor":48},{"not_picked":["DoubleSpark+1","GrandCross+1","DarkMatter"],"picked":"MysteriousBeam+1","floor":54}],"player_experience":444360,"relics_obtained":[{"floor":7.0,"key":"SproutingBranch"},{"floor":9.0,"key":"HornCleat"},{"floor":12.0,"key":"Molten Egg 2"},{"floor":23.0,"key":"Sundial"},{"floor":25.0,"key":"MealTicket"},{"floor":26.0,"key":"Bag of Preparation"},{"floor":27.0,"key":"BreadOfAWashokuLover"},{"floor":27.0,"key":"Bird Faced Urn"},{"floor":36,"key":"StoneCalendar"},{"floor":37,"key":"Girya"},{"floor":41,"key":"Orichalcum"},{"floor":48,"key":"AmplifyWand"},{"floor":54,"key":"Whetstone"}],"event_choices":[{"damage_healed":25.0,"max_hp_gain":0.0,"max_hp_loss":0.0,"gold_gain":0.0,"event_name":"Big Fish","player_choice":"Banana","floor":2.0,"gold_loss":0.0,"damage_taken":0.0},{"cards_removed":["Strike_MRS"],"damage_healed":0.0,"max_hp_gain":0.0,"max_hp_loss":0.0,"gold_gain":0.0,"event_name":"NoteForYourself","player_choice":"Took Card","floor":11.0,"gold_loss":0.0,"damage_taken":0.0,"cards_obtained":["Rebound"]},{"damage_healed":0.0,"max_hp_gain":0.0,"max_hp_loss":0.0,"gold_gain":0.0,"event_name":"Addict","player_choice":"Obtained Relic","floor":19.0,"gold_loss":85.0,"damage_taken":0.0,"relics_obtained":["Strawberry"]},{"damage_healed":0.0,"max_hp_gain":0.0,"max_hp_loss":0.0,"gold_gain":0.0,"cards_transformed":["Strike_MRS","Strike_MRS"],"event_name":"Drug Dealer","player_choice":"Became Test Subject","floor":20.0,"gold_loss":0.0,"damage_taken":0.0,"cards_obtained":["MysteriousBeam","EventHorizon"]},{"damage_healed":0.0,"max_hp_gain":0.0,"max_hp_loss":0.0,"gold_gain":0.0,"event_name":"Colosseum","player_choice":"Fight","floor":27.0,"gold_loss":0.0,"damage_taken":0.0},{"damage_healed":0.0,"max_hp_gain":0.0,"max_hp_loss":0.0,"gold_gain":0.0,"event_name":"Colosseum","player_choice":"Fought Nobs","floor":27.0,"gold_loss":0.0,"damage_taken":0.0},{"damage_healed":0,"gold_gain":0,"player_choice":"Ignored","damage_taken":0,"max_hp_gain":0,"max_hp_loss":0,"event_name":"The Mausoleum","floor":28,"gold_loss":0},{"damage_healed":0,"gold_gain":0,"player_choice":"Fight","damage_taken":0,"max_hp_gain":0,"max_hp_loss":0,"event_name":"MindBloom","floor":36,"gold_loss":0},{"damage_healed":0,"gold_gain":0,"player_choice":"Fight","damage_taken":0,"max_hp_gain":0,"max_hp_loss":0,"event_name":"Mysterious Sphere","floor":37,"gold_loss":0}],"is_beta":false,"boss_relics":[{"not_picked":["Cursed Key","Tiny House"],"picked":"Coffee Dripper"},{"not_picked":["Pandora\u0027s Box","Runic Dome"],"picked":"Empty Cage"}],"items_purged_floors":[21,38,47,53],"is_endless":false,"potions_floor_spawned":[3,12,13,16,22,25,30,31,35,37,45,46,48],"ascension_level":1}}