{"host":"jielpdldxluclcd7","time":1608259431,"event":{"mods":["AchievementEnabler","BaseMod","CapriCore","Colored Map","DeckTracker","Highlight Path","KOR Keyword Fix","Minty Spire (QoL Compilation)","Permanent Neow","StSLib"],"gold_per_floor":[219,24,40,65,65,65,95,95,95,95,112,112,129,146,146,242,242,253,352,352,352,352],"floor_reached":21,"playtime":941,"items_purged":["Strike_B"],"score":177,"play_id":"46eac66b-1bb7-421b-8169-24d73acabc7d","local_time":"20201218114351","is_ascension_mode":false,"campfire_choices":[{"data":"Zap","floor":6,"key":"SMITH"},{"data":"Dualcast","floor":12,"key":"SMITH"},{"data":"Storm","floor":15,"key":"SMITH"}],"circlet_count":0,"master_deck":["Strike_B","Strike_B","Defend_B","Defend_B","Defend_B","Defend_B","Zap+1","Dualcast+1","Conserve Battery","Storm+1","Ball Lightning","Ball Lightning","Leap","Defragment","Echo Form","BootSequence"],"relics":["Cracked Core","Juzu Bracelet","Tiny Chest","Lizard Tail","Coffee Dripper","Pantograph"],"acts_visited":["Exordium","TheCity"],"potions_floor_usage":[16,16],"damage_taken":[{"damage":1,"enemies":"Cultist","floor":1,"turns":3},{"damage":1,"enemies":"2 Louse","floor":3,"turns":3},{"damage":19,"enemies":"Lagavulin","floor":7,"turns":5},{"damage":0,"enemies":"Jaw Worm","floor":11,"turns":2},{"damage":0,"enemies":"Blue Slaver","floor":13,"turns":3},{"damage":19,"enemies":"Exordium Thugs","floor":14,"turns":4},{"damage":23,"enemies":"The Guardian","floor":16,"turns":8},{"damage":17,"enemies":"Shell Parasite","floor":18,"turns":4}],"seed_played":"7469788549140869663","potions_obtained":[{"floor":11,"key":"EssenceOfDarkness"},{"floor":13,"key":"Energy Potion"},{"floor":14,"key":"Strength Potion"}],"is_trial":false,"path_per_floor":["M","$","M","T","$","R","E","?","T","?","M","R","M","M","R","B",null,"M","?","T","?"],"character_chosen":"DEFECT","items_purchased":["Storm","Ball Lightning"],"campfire_rested":0,"item_purchase_floors":[2,2],"current_hp_per_floor":[74,74,73,73,73,73,54,54,54,54,54,54,54,35,35,12,75,58,58,58,42,42],"gold":352,"neow_bonus":"HUNDRED_GOLD","is_daily":false,"chose_seed":false,"campfire_upgraded":3,"win_rate":0.0,"timestamp":1608259431,"path_taken":["M","$","M","?","$","R","E","?","T","?","M","R","M","M","R","BOSS","M","?","?","?"],"items_purchased_type":["Card","Card"],"build_version":"2020-12-13","purchased_purges":1,"victory":false,"max_hp_per_floor":[75,75,75,75,75,75,75,75,75,75,75,75,75,75,75,75,75,75,75,75,75,75],"card_choices":[{"not_picked":["Lockon","Aggregate"],"picked":"Conserve Battery","floor":1},{"not_picked":["Coolheaded","Compile Driver"],"picked":"Ball Lightning","floor":3},{"not_picked":["Glacier","Compile Driver","Undo"],"picked":"SKIP","floor":7},{"not_picked":["Reprogram","Barrage"],"picked":"Leap","floor":11},{"not_picked":["Rebound","Auto Shields"],"picked":"Defragment","floor":13},{"not_picked":["Conserve Battery","Sweeping Beam","Undo"],"picked":"SKIP","floor":14},{"not_picked":["Machine Learning","Core Surge"],"picked":"Echo Form","floor":16},{"not_picked":["Go for the Eyes","Aggregate"],"picked":"BootSequence","floor":18}],"player_experience":161398,"relics_obtained":[{"floor":4,"key":"Juzu Bracelet"},{"floor":7,"key":"Tiny Chest"},{"floor":9,"key":"Lizard Tail"},{"floor":20,"key":"Pantograph"}],"event_choices":[{"damage_healed":0,"gold_gain":0,"player_choice":"Ignored","damage_taken":0,"max_hp_gain":0,"max_hp_loss":0,"event_name":"Liars Game","floor":8,"gold_loss":0},{"cards_removed":["Strike_B"],"damage_healed":0,"gold_gain":0,"player_choice":"Forget","damage_taken":0,"max_hp_gain":0,"max_hp_loss":0,"event_name":"Living Wall","floor":10,"gold_loss":0},{"damage_healed":0,"gold_gain":99,"player_choice":"Stole From Cult","damage_taken":0,"max_hp_gain":0,"max_hp_loss":0,"event_name":"Nest","floor":19,"gold_loss":0},{"damage_healed":0,"gold_gain":0,"player_choice":"Obtained Book","damage_taken":16,"max_hp_gain":0,"max_hp_loss":0,"event_name":"Cursed Tome","floor":21,"gold_loss":0}],"is_beta":false,"boss_relics":[{"not_picked":["Black Star","Sozu"],"picked":"Coffee Dripper"}],"items_purged_floors":[2],"is_endless":false,"potions_floor_spawned":[11,13,14],"ascension_level":0}}