{"host":"9373kjg5yrouhim6","time":1608280901,"event":{"mods":["2.2 Compatiblity","AchievementEnabler","Aspiration","BaseMod","Beaked The Cultist","Better Altar","Better Match","Better Note","Better Sensory Stone","Better Skull","Better Third Choice","Colored Map","Colored Powertips","Conspire","Downfall","Friendly Minions","Highlight Path","Hubris","Infinite Spire","Mimic Mod","Minty Spire (QoL Compilation)","Replay The Spire","Spicy Shops","StSLib","The Construct","The Disciple","vexMod"],"gold_per_floor":[199,27,27,27,12,12,48,63,76,76,95,110,126,143,160,258,258,258,258,276,36,53,53,90,90,103,103,119,133,233,245,256,361,361,361,373,373,384,384,395,418,418,429,429,116,116,116,116,127,127],"floor_reached":51,"playtime":2524,"items_purged":["champ:Execute","champ:Taunt+1","champ:BladeFlurry","champ:Strike"],"score":643,"play_id":"3b1d8c1e-a17c-41a7-9d8e-3a80c8ada0cb","local_time":"20201218034141","is_ascension_mode":false,"campfire_choices":[{"data":"champ:Taunt","floor":1,"key":"SMITH"},{"data":"champ:GladiatorStyle","floor":6,"key":"SMITH"},{"data":"champ:PreciseThrust","floor":10,"key":"SMITH"},{"data":"champ:PreciseThrust","floor":18,"key":"SMITH"},{"data":"champ:PreciseThrust","floor":23,"key":"SMITH"},{"data":"champ:Haymaker","floor":25,"key":"SMITH"},{"floor":27,"key":"REST"},{"data":"champ:CrownThrow","floor":35,"key":"SMITH"},{"data":"champ:CrownThrow","floor":37,"key":"SMITH"},{"data":"champ:Defend","floor":42,"key":"SMITH"},{"floor":44,"key":"REST"}],"circlet_count":0,"master_deck":["champ:Strike","champ:Defend","champ:Defend+1","champ:Defend","champ:Defend+1","champ:GladiatorStyle+1","champ:GladiatorsShout+1","champ:Haymaker+1","champ:PreciseThrust+1","champ:PreciseThrust+1","champ:PreciseThrust+1","champ:CrownThrow+1","champ:CrownThrow+1"],"relics":["champ:ChampionCrown","ReplayTheSpireMod:TigerMarble","conspire:DecoderRing","champ:ChampionCrownUpgraded","aspiration:FrozenJewel","infinitespire:Beetle Shell","vexMod:Cooldron"],"acts_visited":["Exordium","TheCity","TheBeyond"],"potions_floor_usage":[13,15,21,28,29,31,36,45,45,49,50,50,50,50],"damage_taken":[{"damage":15,"enemies":"downfall:FleeingMerchant","floor":2,"turns":4},{"damage":10,"enemies":"downfall:FleeingMerchant","floor":5,"turns":4},{"damage":0,"enemies":"Small Slimes","floor":7,"turns":7},{"damage":3,"enemies":"Small Slimes","floor":8,"turns":2},{"damage":2,"enemies":"2 Louse","floor":9,"turns":2},{"damage":8,"enemies":"Jaw Worm","floor":11,"turns":2},{"damage":12,"enemies":"Red Slaver","floor":12,"turns":4},{"damage":0,"enemies":"2 Fungi Beasts","floor":13,"turns":1},{"damage":22,"enemies":"Lots of Slimes","floor":14,"turns":4},{"damage":12,"enemies":"3 Louse","floor":15,"turns":3},{"damage":11,"enemies":"downfall:Silent","floor":16,"turns":10},{"damage":0,"enemies":"Chosen","floor":20,"turns":4},{"damage":0,"enemies":"downfall:FleeingMerchant","floor":21,"turns":4},{"damage":16,"enemies":"Centurion and Healer","floor":22,"turns":6},{"damage":13,"enemies":"3 Cultists","floor":24,"turns":5},{"damage":35,"enemies":"3 Cultists","floor":26,"turns":6},{"damage":12,"enemies":"Sentry and Sphere","floor":28,"turns":5},{"damage":0,"enemies":"Snecko","floor":29,"turns":4},{"damage":11,"enemies":"Chosen and Byrds","floor":31,"turns":7},{"damage":0,"enemies":"Snake Plant","floor":32,"turns":5},{"damage":11,"enemies":"downfall:Defect","floor":33,"turns":10},{"damage":17,"enemies":"Orb Walker","floor":36,"turns":6},{"damage":14,"enemies":"3 Shapes","floor":38,"turns":4},{"damage":3,"enemies":"Transient","floor":40,"turns":5},{"damage":35,"enemies":"Spire Growth","floor":43,"turns":5},{"damage":11,"enemies":"downfall:FleeingMerchant","floor":45,"turns":4},{"damage":44,"enemies":"Jaw Worm Horde","floor":49,"turns":5},{"damage":2,"enemies":"downfall:Ironclad","floor":50,"turns":17}],"seed_played":"-1856198270072395791","potions_obtained":[{"floor":8,"key":"SteroidPotion"},{"floor":9,"key":"Elixir"},{"floor":11,"key":"champ:TechniquePotion"},{"floor":20,"key":"Toxic Potion"},{"floor":26,"key":"Strength Potion"},{"floor":28,"key":"Weak Potion"},{"floor":31,"key":"champ:OpenerPotion"},{"floor":33,"key":"Flashbang"},{"floor":40,"key":"ColorlessPotion"},{"floor":43,"key":"champ:UltimateStancePotion"},{"floor":49,"key":"EntropicBrew"}],"is_trial":false,"path_per_floor":["R","$","?","?","$","R","MIM","M","M","R","M","M","M","M","M","B",null,"R","?","M","$","M","R","MIM","R","M","R","M","M","?","M","M","B",null,"R","M","R","M","T","M","T","R","M","R","$","?","?","?","M","B",null],"character_chosen":"THE_CHAMP","items_purchased":["champ:GladiatorsShout+1","champ:Haymaker","vexMod:Cooldron"],"campfire_rested":2,"item_purchase_floors":[2,2,45],"current_hp_per_floor":[90,85,85,85,75,75,75,72,70,70,62,50,50,28,16,5,90,90,90,90,90,74,74,61,61,27,54,42,42,42,31,31,20,91,91,74,74,61,61,61,61,61,26,53,48,57,57,49,8,6],"gold":127,"neow_bonus":"HUNDRED_GOLD","is_daily":false,"chose_seed":false,"campfire_upgraded":9,"win_rate":0.0,"timestamp":1608280901,"path_taken":["R","$","?","?","?","R","MIM","M","M","R","M","M","?","M","M","BOSS","R","?","M","$","M","R","MIM","R","M","R","M","M","?","M","M","BOSS","R","M","R","M","?","M","T","R","?","R","$","?","?","?","M","BOSS"],"items_purchased_type":["Card","Card","Relic"],"build_version":"2020-12-13","purchased_purges":4,"victory":true,"max_hp_per_floor":[90,90,90,90,90,90,90,90,90,90,90,90,90,90,90,90,90,90,90,90,90,90,90,90,90,91,91,91,91,91,91,91,91,91,91,91,91,92,92,92,92,92,92,92,92,92,92,92,92,92],"card_choices":[{"not_picked":["champ:Encircle","champ:EnGarde"],"picked":"champ:GladiatorStyle","floor":2},{"not_picked":["champ:Circumvent","champ:Duel"],"picked":"champ:PreciseThrust","floor":5},{"not_picked":["champ:DefensiveShout","champ:BerserkersShout"],"picked":"champ:BladeFlurry","floor":8},{"not_picked":["champ:Encircle","champ:FaceSlap","champ:Lariat"],"picked":"SKIP","floor":9},{"not_picked":["champ:GutPunch","champ:FocusedBerserking","champ:Backstep"],"picked":"SKIP","floor":11},{"not_picked":["champ:ShieldWall","champ:BringItOn","champ:FanOfKnives"],"picked":"SKIP","floor":12},{"not_picked":["champ:Circumvent","champ:DefensiveShout"],"picked":"champ:PreciseThrust","floor":13},{"not_picked":["champ:BladeFlurry","champ:FalseCounter","champ:DefensiveShout"],"picked":"SKIP","floor":14},{"not_picked":["champ:Shatter","champ:DancingMaster"],"picked":"champ:PreciseThrust","floor":15},{"not_picked":["champ:PerfectForm","champ:LastStand"],"picked":"champ:CrownThrow","floor":16},{"not_picked":["champ:Haymaker","champ:Circumvent+1","champ:EnGarde"],"picked":"SKIP","floor":20},{"not_picked":["champ:DefensiveStyle","champ:GladiatorsShout","champ:Backstep+1"],"picked":"SKIP","floor":21},{"not_picked":["champ:CrookedStrike+1","champ:BerserkerStyle","champ:Backstep"],"picked":"SKIP","floor":22},{"not_picked":["champ:StanceDance+1","champ:CalledShot","champ:PerfectedStrike"],"picked":"SKIP","floor":26},{"not_picked":["champ:CrookedStrike","champ:FaceSlap","champ:RisingSlash"],"picked":"SKIP","floor":28},{"not_picked":["champ:Improvising","champ:BladeFlurry","champ:TornadoPunch"],"picked":"SKIP","floor":29},{"not_picked":["champ:AdrenalArmor+1","champ:BladeFlurry+1","champ:Circumvent"],"picked":"SKIP","floor":31},{"not_picked":["champ:Aggression","champ:BringItOn","champ:FanOfKnives"],"picked":"SKIP","floor":32},{"not_picked":["champ:SteelEdge","champ:CheapShot"],"picked":"champ:CrownThrow","floor":33},{"not_picked":["champ:FocusedDefense","champ:GladiatorsShout+1","champ:FightOn"],"picked":"SKIP","floor":36},{"not_picked":["champ:StanceDance","champ:Lariat+1","champ:CalledShot+1"],"picked":"SKIP","floor":38},{"not_picked":["champ:ShieldWall","champ:FaceSlap","champ:BladeFlurry+1"],"picked":"SKIP","floor":40},{"not_picked":["champ:Backstep+1","champ:Balance","champ:SkillfulDodge+1"],"picked":"SKIP","floor":43},{"not_picked":["champ:RapidStrikes","champ:FlashCut","champ:CalledShot+1"],"picked":"SKIP","floor":45},{"not_picked":["champ:Riposte+1","champ:AdrenalArmor+1","champ:StanceDance"],"picked":"SKIP","floor":49}],"player_experience":336043,"relics_obtained":[{"floor":7,"key":"ReplayTheSpireMod:TigerMarble"},{"floor":24,"key":"conspire:DecoderRing"},{"floor":39,"key":"aspiration:FrozenJewel"},{"floor":41,"key":"infinitespire:Beetle Shell"}],"event_choices":[{"cards_removed":["champ:Strike"],"damage_healed":0,"gold_gain":0,"player_choice":"Card Removal","damage_taken":0,"max_hp_gain":0,"max_hp_loss":0,"event_name":"The Cleric","floor":3,"gold_loss":0},{"damage_healed":0,"gold_gain":0,"player_choice":"Ignored","damage_taken":0,"max_hp_gain":0,"max_hp_loss":0,"event_name":"betterNote:BetterNote","floor":19,"gold_loss":0,"cards_obtained":["Panache"]}],"is_beta":false,"boss_relics":[{"not_picked":["Astrolabe","Cursed Key","vexMod:DeviousBotling"]},{"not_picked":["hubris:CrackedHourglass","ReplayTheSpireMod:DimensionalGlitch"],"picked":"champ:ChampionCrownUpgraded"}],"items_purged_floors":[2,21,21,45],"is_endless":false,"potions_floor_spawned":[8,9,11,20,26,28,31,33,40,43,49],"ascension_level":0}}