{"host":"htqwg582tjjtn9p7","time":1608318246,"event":{"mods":["2.2 Compatiblity","AchievementEnabler","Act Like it!","Aspiration","BaseMod","Better Third Choice","Colored Map","Conspire","Curses Come First","Displayed Cursed Tome","Energized Spire","Force Act Four","GifTheSpireLib","Hermit","Highlight Path","JesterMod","Mad Scientist","Minty Spire (QoL Compilation)","Pale of the Ancients","Permanent Neow","Random Character Button","Relic Stats","Replay The Spire","Robot Space Explorer","Somnambulant","Spicy Shops","Spikes Relics","StSLib","Stuff the Spire","The Blue Laboratory","The Disciple","The Dragon Tamer","The Forsaken","The Gatherer","The Judge","The Jungle","The Runesmith","The Servant 0.9.4"],"gold_per_floor":[361,381,35,49,59,59,93,107,107,107,133,133,146,165,165,239,239,255,175,194,212,212,212,56,88,88,119,119,119,44,44,44,117,117,130,130,146,146,165,165,183,213,240,240,251,251,251,251,251,251,270,270,270,41,41,61,61,134,134,134,134],"floor_reached":60,"playtime":3410,"items_purged":["Strike_G","Strike_G"],"score":1346,"play_id":"c54985b9-9490-42d9-9dba-817ed012c244","local_time":"20201218200406","is_ascension_mode":true,"campfire_choices":[{"data":"Draining Mist","floor":6,"key":"SMITH"},{"floor":15,"key":"REST"},{"data":"Blade Dance","floor":23,"key":"SMITH"},{"floor":29,"key":"REST"},{"floor":32,"key":"REST"},{"floor":40,"key":"REST"},{"data":"Body Slam","floor":44,"key":"SMITH"},{"data":"ReplayTheSpireMod:Scrap Shanks","floor":47,"key":"SMITH"},{"data":"Reflex","floor":49,"key":"SMITH"},{"data":"Blade Dance","floor":55,"key":"SMITH"},{"data":"Burning Pact","floor":57,"key":"SMITH"}],"circlet_count":0,"master_deck":["AscendersBane","Strike_G","Strike_G","Strike_G","Defend_G","Defend_G","Defend_G","Defend_G","Defend_G","Survivor","Neutralize","Dagger Throw","Draining Mist+1","Slice","Slice","Blade Dance+1","Backflip","Deflect","Endless Agony","StuffTheSpire:Slingshot","ReplayTheSpireMod:Scrap Shanks+1","Dagger Spray","StuffTheSpire:DoubleShiv","Deflect","Burning Pact+1","StuffTheSpire:BrainWave","Dark Embrace+1","Body Slam+1","Reflex+1","StuffTheSpire:Innocence","Blade Dance+1","Blade Dance","ReplayTheSpireMod:Scrap Shanks"],"relics":["Ring of the Snake","Basket Of Snakes","Centennial Puzzle","StuffTheSpire:HeavyRock","aspiration:IroncladSkillbook","Potion Belt","GiantMaggot","MiniBlackHole","RollingBoulder","energizedSpire:DeadBattery","Spirit Poop","Bird Faced Urn","Lantern","paleoftheancients:Timepiece","paleoftheancients:KeyRelic","Gremlin Horn","CultistMask","paleoftheancients:SoulOfTheIroncluck","Bottled Lightning"],"acts_visited":["Exordium","TheCity","TheBeyond","TheBeyond"],"potions_floor_usage":[11,27,33,33,39,45,50,51,52,60],"damage_taken":[{"damage":0,"enemies":"Cultist","floor":1,"turns":4},{"damage":0,"enemies":"Small Slimes","floor":2,"turns":3},{"damage":0,"enemies":"2 Louse","floor":4,"turns":3},{"damage":1,"enemies":"Looter","floor":5,"turns":3},{"damage":16,"enemies":"Lagavulin","floor":7,"turns":6},{"damage":5,"enemies":"Lots of Slimes","floor":8,"turns":6},{"damage":15,"enemies":"3 Sentries","floor":11,"turns":4},{"damage":0,"enemies":"Large Slime","floor":13,"turns":3},{"damage":1,"enemies":"Looter","floor":14,"turns":2},{"damage":0,"enemies":"The Guardian","floor":16,"turns":14},{"damage":0,"enemies":"3 Byrds","floor":18,"turns":5},{"damage":2,"enemies":"Chosen","floor":20,"turns":5},{"damage":13,"enemies":"Snake Plant","floor":21,"turns":4},{"damage":13,"enemies":"conspire:Head Lice","floor":25,"turns":8},{"damage":29,"enemies":"Gremlin Leader","floor":27,"turns":5},{"damage":35,"enemies":"Pondfish","floor":33,"turns":5},{"damage":0,"enemies":"Orb Walker","floor":35,"turns":4},{"damage":17,"enemies":"3 Darklings","floor":37,"turns":7},{"damage":17,"enemies":"Sphere and 2 Shapes","floor":39,"turns":5},{"damage":0,"enemies":"Maw","floor":41,"turns":5},{"damage":0,"enemies":"Nemesis","floor":42,"turns":5},{"damage":5,"enemies":"Transient","floor":45,"turns":5},{"damage":20,"enemies":"Replay:Hell Engine","floor":50,"turns":6},{"damage":0,"enemies":"Replay:Hell Engine","floor":51,"turns":5},{"damage":53,"enemies":"Replay:Hell Engine","floor":52,"turns":4},{"damage":0,"enemies":"Replay:Hell Engine","floor":56,"turns":3},{"damage":84,"enemies":"paleoftheancients:N","floor":60,"turns":9}],"seed_played":"-1886677444239257906","potions_obtained":[{"floor":8,"key":"Explosive Potion"},{"floor":11,"key":"blueLaboratory:Moonshine"},{"floor":13,"key":"blueLaboratory:AbyssPotion"},{"floor":16,"key":"blueLaboratory:ArtistsPotion"},{"floor":25,"key":"Regen Potion"},{"floor":27,"key":"Explosive Potion"},{"floor":33,"key":"SteroidPotion"},{"floor":37,"key":"blueLaboratory:BottledHope"},{"floor":41,"key":"blueLaboratory:FruitPreserves"},{"floor":42,"key":"Venom Potion"},{"floor":45,"key":"Weak Potion"}],"is_trial":false,"path_per_floor":["M","M","$","M","M","R","E","M","T","?","E","?","M","M","R","B",null,"M","?","M","M","?","R","$","E","T","E","?","R","$","?","R","B",null,"M","?","M","?","M","R","M","E","T","R","M","?","R","?","R","B","M","M","?","$","R","M","R","T","?","B"],"character_chosen":"THE_SILENT","items_purchased":["Basket Of Snakes","Slice","ReplayTheSpireMod:Scrap Shanks","Blade Dance","ReplayTheSpireMod:Scrap Shanks"],"campfire_rested":4,"item_purchase_floors":[3,3,24,54,54],"current_hp_per_floor":[59,59,59,59,58,58,42,37,37,57,42,16,16,15,33,33,53,57,57,59,50,50,50,50,41,41,31,31,49,49,49,60,29,52,56,56,43,43,30,45,49,51,51,51,51,51,51,51,51,48,51,51,48,48,48,51,51,51,51,0,0],"gold":134,"neow_bonus":"TWO_FIFTY_GOLD","is_daily":false,"chose_seed":false,"campfire_upgraded":7,"win_rate":0.0,"timestamp":1608318246,"path_taken":["M","?","$","M","M","R","E","M","T","?","E","?","M","M","R","BOSS","M","?","M","M","?","R","$","E","T","E","?","R","$","?","R","BOSS","M","?","?","?","M","R","M","E","T","R","M","?","R","?","R","BOSS","M","M","?","$","R","M","R","T","?","BOSS"],"items_purchased_type":["Relic","Card","Card","Card","Card"],"build_version":"2020-12-13","purchased_purges":2,"victory":false,"max_hp_per_floor":[60,60,60,60,60,60,60,60,60,60,60,60,60,60,60,60,60,60,60,60,60,60,60,60,60,60,60,60,60,60,60,60,60,60,60,60,60,51,51,51,51,51,51,51,51,51,51,51,51,51,51,51,51,51,51,51,51,51,51,51,51],"relic_stats":{"Centennial Puzzle":[43],"Gremlin Horn":[19,19],"counters":[27,138],"Bird Faced Urn":[16],"obtain_stats":[{"Potion Belt":25,"SnailShell":11,"Lantern":43,"paleoftheancients:KeyRelic":50,"Gremlin Horn":50,"GiantMaggot":26,"Basket Of Snakes":3,"Spirit Poop":36,"energizedSpire:DeadBattery":34,"aspiration:IroncladSkillbook":17,"paleoftheancients:Timepiece":50,"Centennial Puzzle":7,"StuffTheSpire:HeavyRock":12,"Bird Faced Urn":42,"MiniBlackHole":27,"RollingBoulder":31,"CultistMask":50,"Bottled Lightning":58,"Ring of the Snake":0,"paleoftheancients:SoulOfTheIroncluck":51},{"Potion Belt":14,"SnailShell":7,"Lantern":21,"paleoftheancients:KeyRelic":23,"Gremlin Horn":23,"GiantMaggot":14,"Basket Of Snakes":2,"Spirit Poop":17,"energizedSpire:DeadBattery":16,"aspiration:IroncladSkillbook":10,"paleoftheancients:Timepiece":23,"Centennial Puzzle":5,"StuffTheSpire:HeavyRock":7,"Bird Faced Urn":21,"MiniBlackHole":15,"RollingBoulder":15,"CultistMask":23,"Bottled Lightning":26,"Ring of the Snake":0,"paleoftheancients:SoulOfTheIroncluck":24},{"Potion Belt":70,"SnailShell":29,"Lantern":106,"paleoftheancients:KeyRelic":117,"Gremlin Horn":117,"GiantMaggot":70,"Basket Of Snakes":7,"Spirit Poop":84,"energizedSpire:DeadBattery":80,"aspiration:IroncladSkillbook":48,"paleoftheancients:Timepiece":117,"Centennial Puzzle":19,"StuffTheSpire:HeavyRock":29,"Bird Faced Urn":106,"MiniBlackHole":75,"RollingBoulder":75,"CultistMask":117,"Bottled Lightning":129,"Ring of the Snake":0,"paleoftheancients:SoulOfTheIroncluck":122}],"Ring of the Snake":[55]},"card_choices":[{"not_picked":["StuffTheSpire:Shiver","Accuracy"],"picked":"Dagger Throw","floor":1},{"not_picked":["conspire:DoublingDagger","Riddle With Holes"],"picked":"Draining Mist","floor":2},{"not_picked":["Quick Slash","Acrobatics"],"picked":"Slice","floor":4},{"not_picked":["StuffTheSpire:Python","StuffTheSpire:Incantation","Deadly Poison"],"picked":"SKIP","floor":5},{"not_picked":["StuffTheSpire:ReptileScales","Poisoned Stab"],"picked":"Blade Dance","floor":7},{"not_picked":["Prepared","Skewer","Catalyst"],"picked":"SKIP","floor":8},{"not_picked":["StuffTheSpire:Incursion","Outmaneuver","Deadly Poison"],"picked":"SKIP","floor":11},{"not_picked":["Deadly Poison","StuffTheSpire:Python"],"picked":"Backflip","floor":13},{"not_picked":["Sucker Punch","Wraith Form v2"],"picked":"Deflect","floor":14},{"not_picked":["Outmaneuver","StuffTheSpire:BumpUp+1","Thunderclap","Underhanded Strike+1"],"picked":"SKIP","floor":18},{"not_picked":["Replay:Undeath\u0027s Touch","Dagger Spray","Sword Boomerang"],"picked":"Endless Agony","floor":20},{"not_picked":["Dagger Throw","True Grit","Hemogenesis"],"picked":"StuffTheSpire:Slingshot","floor":21},{"not_picked":["Warcry","Sucker Punch","Prepared"],"picked":"Dagger Spray","floor":25},{"not_picked":["Heel Hook","Armaments","Whirlwind"],"picked":"StuffTheSpire:DoubleShiv","floor":27},{"not_picked":["Crippling Poison","Quick Slash","Caltrops"],"picked":"Deflect","floor":35},{"not_picked":["Wild Strike","StuffTheSpire:Incineration+1","StuffTheSpire:Sprint"],"picked":"Burning Pact","floor":37},{"not_picked":["Heavy Blade+1","Searing Blow","Pommel Strike"],"picked":"Dark Embrace+1","floor":39},{"not_picked":["Armaments","Dagger Spray","Heel Hook","Warcry+1"],"picked":"SKIP","floor":41},{"not_picked":["Dagger Throw","ReplayTheSpireMod:Shiv Toss","ReplayTheSpireMod:Strike From Hell"],"picked":"Body Slam","floor":42},{"not_picked":["StuffTheSpire:BumpUp+1","Wild Strike","ReplayTheSpireMod:Limb From Limb+1"],"picked":"Reflex","floor":45},{"not_picked":["StuffTheSpire:CelestialWarden","StuffTheSpire:Ambrosia"],"picked":"StuffTheSpire:Innocence","floor":48},{"not_picked":["Perfected Strike","Glass Knife","Fluid Movement"],"picked":"Blade Dance","floor":51},{"not_picked":["Deadly Poison","Heavy Blade","StuffTheSpire:Incineration","Abandon"],"picked":"SKIP","floor":56}],"player_experience":1700610,"relics_obtained":[{"floor":7,"key":"Centennial Puzzle"},{"floor":11,"key":"SnailShell"},{"floor":25,"key":"Potion Belt"},{"floor":26,"key":"GiantMaggot"},{"floor":27,"key":"MiniBlackHole"},{"floor":42,"key":"Bird Faced Urn"},{"floor":43,"key":"Lantern"},{"floor":51,"key":"paleoftheancients:SoulOfTheIroncluck"},{"floor":58,"key":"Bottled Lightning"}],"event_choices":[{"damage_healed":20,"gold_gain":0,"player_choice":"Banana","damage_taken":0,"max_hp_gain":0,"max_hp_loss":0,"event_name":"Big Fish","floor":10,"gold_loss":0},{"damage_healed":0,"gold_gain":0,"player_choice":"Relic ","damage_taken":26,"max_hp_gain":0,"max_hp_loss":0,"event_name":"betterThird:BetterScrap","floor":12,"gold_loss":0,"cards_obtained":["ReplayTheSpireMod:Dual Polarity"]},{"damage_healed":0,"gold_gain":0,"player_choice":"Ignored","damage_taken":0,"max_hp_gain":0,"max_hp_loss":0,"event_name":"Vampires","floor":22,"gold_loss":0},{"damage_healed":0,"gold_gain":0,"player_choice":"Ignored","damage_taken":0,"max_hp_gain":0,"max_hp_loss":0,"event_name":"Ghosts","floor":28,"gold_loss":0},{"damage_healed":0,"gold_gain":0,"player_choice":"Stole Relic","damage_taken":0,"relics_obtained":["RollingBoulder"],"max_hp_gain":0,"max_hp_loss":0,"event_name":"Addict","floor":31,"gold_loss":0,"cards_obtained":["Shame"]},{"cards_removed":["Shame"],"damage_healed":0,"gold_gain":0,"player_choice":"Offered Curse","damage_taken":0,"relics_obtained":["Spirit Poop"],"max_hp_gain":0,"max_hp_loss":0,"event_name":"Bonfire Elementals","floor":36,"gold_loss":0},{"damage_healed":0,"gold_gain":0,"player_choice":"Leave","damage_taken":0,"max_hp_gain":0,"max_hp_loss":0,"event_name":"conspire:Investor","floor":53,"gold_loss":0}],"is_beta":false,"boss_relics":[{"not_picked":["Ring of the Serpent","ReplayTheSpireMod:DimensionalGlitch"],"picked":"aspiration:IroncladSkillbook"},{"not_picked":["Philosopher\u0027s Stone","aspiration:RitualDagger"],"picked":"energizedSpire:DeadBattery"}],"items_purged_floors":[30,54],"is_endless":false,"potions_floor_spawned":[8,11,13,16,21,25,27,33,37,41,42,45,52],"killed_by":"paleoftheancients:N","ascension_level":15}}