{"host":"8o45mh5p3pp1o2mi","time":1608300306,"event":{"mods":["BaseMod","Downfall","Minty Spire (QoL Compilation)","Replay The Spire","StSLib"],"gold_per_floor":[99,99,114,143,153,164,164,164,193,118,134,119,134,309,319,418,418,343,443,361,361,128,128,128,155,155,187,203,303,314,329,344,344,344],"floor_reached":33,"playtime":5532,"items_purged":["hexamod:Defend"],"score":320,"play_id":"c4e53218-0530-4f18-8583-7c53a5b5c473","local_time":"20201218140506","is_ascension_mode":false,"campfire_choices":[{"floor":1,"key":"RECALL"},{"data":"hexamod:SpectersWail","floor":10,"key":"SMITH"},{"data":"Doubt","floor":18,"key":"PURGE"},{"data":"hexamod:EtherealExpedition","floor":21,"key":"SMITH"},{"data":"hexamod:TimeWarp","floor":23,"key":"SMITH"}],"circlet_count":0,"master_deck":["hexamod:Strike","hexamod:Strike","hexamod:Strike","hexamod:Defend","hexamod:Defend","hexamod:Defend","hexamod:Sear","hexamod:Float","hexamod:ShieldOfDarkness","hexamod:GhostOfSpireFuture","hexamod:SpectersWail+1","hexamod:InspiringFlames","hexamod:CrushingStance","hexamod:InspiringFlames","hexamod:EtherealExpedition+1","hexamod:PhantomCloak","hexamod:GhostOfSpirePast","hexamod:TimeWarp+1","hexamod:Again","hexamod:StepThrough+1","hexamod:SpectralAdrenaline","hexamod:HauntingEcho","hexamod:SwordOfDarkness","hexamod:ParanormalForm","hexamod:AdvancingGuard","hexamod:NecessarySacrifice","hexamod:GhostShield","hexamod:CatchUp","hexamod:Hexaguard+1"],"relics":["hexamod:SpiritBrand","Durian","Peace Pipe","Regal Pillow","downfall:HeartBlessingRed","Ring of Chaos","downfall:HeartBlessingBlue","Ginger","Shuriken","Oddly Smooth Stone","Bottled Lightning","HornCleat","Potion Belt","White Beast Statue"],"acts_visited":["Exordium","TheCity"],"potions_floor_usage":[16,20,25,33,33,33,33],"damage_taken":[{"damage":0,"enemies":"Cultist","floor":3,"turns":3},{"damage":6,"enemies":"3 Sentries","floor":4,"turns":11},{"damage":0,"enemies":"Jaw Worm","floor":5,"turns":4},{"damage":0,"enemies":"2 Louse","floor":6,"turns":2},{"damage":8,"enemies":"Lagavulin","floor":9,"turns":7},{"damage":0,"enemies":"2 Fungi Beasts","floor":11,"turns":3},{"damage":0,"enemies":"downfall:FleeingMerchant","floor":12,"turns":4},{"damage":10,"enemies":"Large Slime","floor":13,"turns":7},{"damage":0,"enemies":"Gremlin Gang","floor":15,"turns":3},{"damage":8,"enemies":"downfall:Silent","floor":16,"turns":12},{"damage":0,"enemies":"downfall:Watcher","floor":19,"turns":10},{"damage":0,"enemies":"downfall:FleeingMerchant","floor":20,"turns":4},{"damage":1,"enemies":"downfall:FleeingMerchant","floor":22,"turns":4},{"damage":6,"enemies":"Replay:Snechameleon","floor":25,"turns":6},{"damage":31,"enemies":"Gremlin Leader","floor":27,"turns":8},{"damage":2,"enemies":"3 Byrds","floor":28,"turns":5},{"damage":11,"enemies":"downfall:LadyInBlue","floor":29,"turns":9},{"damage":0,"enemies":"Chosen","floor":30,"turns":4},{"damage":17,"enemies":"Snake Plant","floor":31,"turns":4},{"damage":0,"enemies":"Snecko","floor":32,"turns":6},{"damage":26,"enemies":"downfall:Ironclad","floor":33,"turns":5}],"seed_played":"-5573063996228928485","potions_obtained":[{"floor":3,"key":"Ancient Potion"},{"floor":4,"key":"Reflective Coating"},{"floor":5,"key":"Venom Potion"},{"floor":15,"key":"Explosive Potion"},{"floor":16,"key":"GamblersBrew"},{"floor":25,"key":"Doom Potion"},{"floor":27,"key":"GamblersBrew"},{"floor":29,"key":"champ:CounterPotion"},{"floor":29,"key":"AttackPotion"},{"floor":32,"key":"LiquidMemories"}],"is_trial":false,"path_per_floor":["R","?","M","E","M","M","T","T","E","R","M","$","M","?","M","B",null,"R","?","$","R","$","R","T","E","?","E","M","?","M","M","M","B"],"character_chosen":"THE_SPIRIT","items_purchased":["hexamod:SpectralAdrenaline","Oddly Smooth Stone"],"campfire_rested":0,"item_purchase_floors":[20,22],"current_hp_per_floor":[54,54,54,48,48,48,48,48,40,40,40,40,30,30,30,22,75,85,85,85,85,84,84,84,78,78,47,45,34,34,17,17,0,0],"gold":344,"neow_bonus":"ONE_RARE_RELIC","is_daily":false,"chose_seed":false,"campfire_upgraded":3,"win_rate":0.0,"timestamp":1608300306,"path_taken":["R","?","M","E","M","M","T","?","E","R","?","$","?","?","M","BOSS","R","?","$","R","$","R","T","E","?","E","?","?","M","?","M","BOSS"],"items_purchased_type":["Card","Relic"],"build_version":"2020-12-13","purchased_purges":1,"victory":false,"max_hp_per_floor":[75,75,75,75,75,75,75,75,75,75,75,75,75,75,75,75,75,85,85,85,85,85,85,85,85,85,85,85,85,85,85,85,85,85],"card_choices":[{"not_picked":["hexamod:BacktrackSmack","hexamod:Hexaguard"],"picked":"hexamod:ShieldOfDarkness","floor":3},{"not_picked":["hexamod:SpectersWail","hexamod:Firestarter"],"picked":"hexamod:GhostOfSpireFuture","floor":4},{"not_picked":["hexamod:Hexaguard","hexamod:GhostOfSpirePresent"],"picked":"hexamod:SpectersWail","floor":5},{"not_picked":["hexamod:ThirdSeal","hexamod:GhostShield"],"picked":"hexamod:InspiringFlames","floor":6},{"not_picked":["hexamod:Hexaguard","hexamod:AdvancingGuard"],"picked":"hexamod:CrushingStance","floor":9},{"not_picked":["hexamod:BurningTouch","hexamod:GhostLash"],"picked":"hexamod:InspiringFlames","floor":11},{"not_picked":["hexamod:AdvancingGuard","hexamod:HeatShield"],"picked":"hexamod:EtherealExpedition","floor":12},{"not_picked":["hexamod:HeatShield","hexamod:Incineration"],"picked":"hexamod:PhantomCloak","floor":13},{"not_picked":["hexamod:ShieldOfDarkness","hexamod:Incineration"],"picked":"hexamod:GhostOfSpirePast","floor":15},{"not_picked":["hexamod:EmpoweringStance","hexamod:GhostflameInferno"],"picked":"hexamod:TimeWarp","floor":16},{"not_picked":["hexamod:BacktrackSmack","hexamod:EtherealExpedition"],"picked":"hexamod:Again","floor":19},{"not_picked":["hexamod:SpectersWail+1","hexamod:FastForward"],"picked":"hexamod:StepThrough+1","floor":20},{"not_picked":["hexamod:GhostOfSpirePast","hexamod:SixthSeal"],"picked":"hexamod:HauntingEcho","floor":22},{"not_picked":["hexamod:GhostOfSpirePast","hexamod:GhostOfSpirePresent"],"picked":"hexamod:SwordOfDarkness","floor":25},{"not_picked":["hexamod:SecondSeal","hexamod:SpectralAdrenaline"],"picked":"hexamod:AdvancingGuard","floor":27},{"not_picked":["hexamod:ThermalTransfer+1","hexamod:RainOfEmbers"],"picked":"hexamod:NecessarySacrifice","floor":28},{"not_picked":["hexamod:HeatShield+1","hexamod:SwordOfDarkness"],"picked":"hexamod:GhostShield","floor":29},{"not_picked":["hexamod:NightmareGuise+1","hexamod:SpectralAdrenaline"],"picked":"hexamod:CatchUp","floor":30},{"not_picked":["hexamod:GhostOfSpirePresent","hexamod:HeatCrush"],"picked":"hexamod:Hexaguard+1","floor":31},{"not_picked":["hexamod:BurningTouch","hexamod:FifthSeal","hexamod:InspiringFlames"],"picked":"SKIP","floor":32}],"player_experience":29514,"relics_obtained":[{"floor":4,"key":"Peace Pipe"},{"floor":8,"key":"Bag of Preparation"},{"floor":9,"key":"Regal Pillow"},{"floor":19,"key":"Ginger"},{"floor":19,"key":"Shuriken"},{"floor":24,"key":"Bottled Lightning"},{"floor":25,"key":"HornCleat"},{"floor":27,"key":"Potion Belt"},{"floor":29,"key":"White Beast Statue"}],"event_choices":[{"cards_removed":["hexamod:Strike"],"damage_healed":0,"gold_gain":0,"player_choice":"Card Removal","damage_taken":0,"max_hp_gain":0,"max_hp_loss":0,"event_name":"The Cleric","floor":2,"gold_loss":0}],"is_beta":false,"boss_relics":[{"not_picked":["Replay:Ancient Bell","Tiny House"],"picked":"Ring of Chaos"}],"items_purged_floors":[22],"is_endless":false,"potions_floor_spawned":[3,4,5,15,16,25,27,30,31,32],"killed_by":"downfall:Ironclad","ascension_level":0}}