{"host":"jak4ncvfzor9mys0","time":1608318450,"event":{"mods":["2.2 Compatiblity","AchievementEnabler","BaseMod","Better Altar","Better Match","Better Note","Better Sensory Stone","Better Skull","Better Third Choice","BetterRewards","Block Reminder","Colored Map","Colored Powertips","Energized Spire","Gold Saver","Hubris","Infinite Spire","Key Reminder","Minty Spire (QoL Compilation)","Rare Cards Sparkle","Red Circlet Mod","Relic Sorter","Relic Stats","Replay The Spire","Retaliation","StSLib","SuperFastMode","The Blue Laboratory"],"gold_per_floor":[936,482,482,482,501,501,501,501,501,539,563,598,617,314,314,442,442,437,437,226,249,274,274,293,293,293],"floor_reached":25,"playtime":790,"items_purged":["Defend_B","Strike_B","Defend_B"],"score":336,"play_id":"ad43cc4d-5bf6-47d6-a10d-93e3f56a6190","local_time":"20201218110730","is_ascension_mode":false,"campfire_choices":[{"data":"Zap","floor":6,"key":"SMITH"},{"data":"Dualcast","floor":8,"key":"SMITH"},{"data":"Redo","floor":15,"key":"SMITH"},{"data":"Leap","floor":23,"key":"SMITH"}],"circlet_count":0,"master_deck":["Strike_B","Strike_B","Strike_B","Defend_B+1","Defend_B+1","Zap+1","Dualcast+1","Conserve Battery","Leap","Doom and Gloom","Capacitor","FTL","Cold Snap","Leap+1","Streamline","FIFO Queue","Redo+1","Cold Snap","Darkness","ReplayTheSpireMod:Calculation Training+1","BootSequence"],"relics":["Cracked Core","Inserter","infinitespire:SolderingIron","Sling","Oddly Smooth Stone","Golden Idol","Replay:Ringing Soul","Darkstone Periapt","War Paint","Anchor"],"acts_visited":["Exordium","TheCity"],"potions_floor_usage":[25,25],"damage_taken":[{"damage":0,"enemies":"Cultist","floor":1,"turns":4},{"damage":0,"enemies":"2 Louse","floor":5,"turns":3},{"damage":4,"enemies":"3 Sentries","floor":10,"turns":5},{"damage":0,"enemies":"Jaw Worm","floor":11,"turns":2},{"damage":9,"enemies":"Replay:BlueRogue","floor":12,"turns":5},{"damage":0,"enemies":"Exordium Thugs","floor":13,"turns":5},{"damage":15,"enemies":"The Guardian","floor":16,"turns":10},{"damage":0,"enemies":"2 Thieves","floor":18,"turns":4},{"damage":23,"enemies":"Chosen","floor":21,"turns":5},{"damage":7,"enemies":"Centurion and Healer","floor":22,"turns":7},{"damage":27,"enemies":"Snake Plant","floor":24,"turns":5},{"damage":39,"enemies":"Nightmare","floor":25,"turns":5}],"seed_played":"1967486198184708780","potions_obtained":[{"floor":11,"key":"blueLaboratory:PlasmaFuel"},{"floor":12,"key":"Venom Potion"},{"floor":22,"key":"Swift Potion"}],"is_trial":false,"path_per_floor":["M","$","?","?","M","R","T","R","T","E","M","E","M","$","R","B",null,"M","?","$","M","M","R","M","NM"],"character_chosen":"DEFECT","items_purchased":["Conserve Battery","Sling","Doom and Gloom","Oddly Smooth Stone","Capacitor","FTL","Anchor","Redo","Cold Snap","Darkness"],"campfire_rested":0,"item_purchase_floors":[0,0,2,2,2,2,14,14,20,20],"current_hp_per_floor":[75,75,75,57,57,57,57,57,57,56,56,50,53,56,56,41,87,87,87,90,67,63,63,39,0,0],"gold":293,"neow_bonus":"","is_daily":false,"chose_seed":false,"campfire_upgraded":4,"win_rate":0.0,"timestamp":1608318450,"path_taken":["M","$","?","?","M","R","?","R","T","E","M","E","?","$","R","BOSS","M","?","$","M","M","R","M","NM"],"items_purchased_type":["Card","Relic","Card","Relic","Card","Card","Relic","Card","Card","Card"],"build_version":"2020-12-13","purchased_purges":3,"victory":false,"max_hp_per_floor":[75,75,75,75,75,75,75,75,75,78,78,81,84,87,87,87,87,87,87,90,90,93,93,96,96,96],"relic_stats":{"Darkstone Periapt":0,"Inserter":[10],"counters":[29,148],"Golden Idol":73,"War Paint":["Defend_B","Defend_B"],"obtain_stats":[{"Ice Cream":27,"Darkstone Periapt":9,"Inserter":17,"NeowsBlessing":0,"infinitespire:CursedDice":23,"Golden Idol":4,"Oddly Smooth Stone":2,"Pen Nib":29,"War Paint":12,"Sling":0,"Replay:Ringing Soul":7,"Replay:Bandana":3,"Anchor":14,"Replay:Frozen Program":3,"TheAbacus":12,"Busted Crown":17,"infinitespire:SolderingIron":10,"Strawberry":9,"Simple Rune":7,"Replay:Wax Seal":26,"Cracked Core":0},{"Ice Cream":13,"Darkstone Periapt":19,"Inserter":24,"NeowsBlessing":0,"infinitespire:CursedDice":12,"Golden Idol":18,"Oddly Smooth Stone":18,"Pen Nib":14,"War Paint":22,"Sling":17,"Replay:Ringing Soul":19,"Replay:Bandana":2,"Anchor":23,"Replay:Frozen Program":2,"TheAbacus":6,"Busted Crown":8,"infinitespire:SolderingIron":20,"Strawberry":5,"Simple Rune":4,"Replay:Wax Seal":13,"Cracked Core":0},{"Ice Cream":56,"Darkstone Periapt":95,"Inserter":122,"NeowsBlessing":0,"infinitespire:CursedDice":50,"Golden Idol":92,"Oddly Smooth Stone":92,"Pen Nib":60,"War Paint":107,"Sling":88,"Replay:Ringing Soul":95,"Replay:Bandana":2,"Anchor":112,"Replay:Frozen Program":2,"TheAbacus":15,"Busted Crown":28,"infinitespire:SolderingIron":100,"Strawberry":12,"Simple Rune":8,"Replay:Wax Seal":56,"Cracked Core":0}]},"card_choices":[{"not_picked":["Glacier","Beam Cell"],"picked":"Leap","floor":1},{"not_picked":["Gash","Panic Button"],"picked":"Cold Snap","floor":5},{"not_picked":["Hologram","Conserve Battery"],"picked":"Leap","floor":10},{"not_picked":["Reboot","BasicCrystalCard","Rebound"],"picked":"SKIP","floor":11},{"not_picked":["BasicCrystalCard","Rip and Tear"],"picked":"Streamline","floor":12},{"not_picked":["Barrage","Hologram"],"picked":"FIFO Queue","floor":13},{"not_picked":["Compile Driver","Conserve Battery","Go for the Eyes"],"picked":"SKIP","floor":18},{"not_picked":["Turbo","Go for the Eyes+1","Coolheaded"],"picked":"SKIP","floor":21},{"not_picked":["BasicCrystalCard+1","Coolheaded"],"picked":"ReplayTheSpireMod:Calculation Training+1","floor":22},{"not_picked":["hubris:PowerSurge","Gash"],"picked":"BootSequence","floor":24}],"player_experience":2641280,"relics_obtained":[{"floor":7,"key":"Replay:Ringing Soul"},{"floor":9,"key":"Darkstone Periapt"},{"floor":10,"key":"infinitespire:SolderingIron"},{"floor":12,"key":"War Paint"}],"event_choices":[{"damage_healed":0,"gold_gain":0,"player_choice":"Ignored","damage_taken":482,"max_hp_gain":0,"max_hp_loss":0,"event_name":"betterThird:BetterSerpent","floor":3,"gold_loss":0},{"damage_healed":0,"gold_gain":0,"player_choice":"Take Damage","damage_taken":18,"relics_obtained":["Golden Idol"],"max_hp_gain":0,"max_hp_loss":0,"event_name":"Golden Idol","floor":4,"gold_loss":0},{"cards_removed":["Defend_B"],"damage_healed":0,"gold_gain":0,"player_choice":"Give","damage_taken":0,"max_hp_gain":0,"max_hp_loss":0,"event_name":"betterNote:BetterNote","floor":19,"gold_loss":0,"cards_obtained":["Strike_B"]}],"is_beta":false,"boss_relics":[{"not_picked":["Replay:Grab Bag","ReplayTheSpireMod:SealedPack"],"picked":"Inserter"}],"items_purged_floors":[2,14,20],"is_endless":false,"potions_floor_spawned":[5,11,12,21,22],"killed_by":"Nightmare","ascension_level":0}}