{"host":"pudpulos1ip4szmk","time":1608283387,"event":{"mods":["Act Like it!","BaseMod","Minty Spire (QoL Compilation)","StSLib","¿œ“¡¿Ú—≈"],"gold_per_floor":[117,133,143,143,153,178,192,192,192,221,146,146,146,146,146,269,269,292,382,396,411,76,76,76],"floor_reached":23,"playtime":1013,"items_purged":["PrismaMod:IllyaCommonAttack","PrismaMod:IllyaCommonDefend"],"score":276,"play_id":"f0f59ff3-732f-4156-aab0-5dbfa5ac1639","local_time":"20201218172307","is_ascension_mode":false,"campfire_choices":[{"data":"PrismaMod:IllyaUberDefendChannel","floor":8.0,"key":"SMITH"},{"floor":12.0,"key":"RECALL"},{"data":"PrismaMod:IllyaUncommonDefend","floor":15.0,"key":"SMITH"}],"circlet_count":0,"master_deck":["PrismaMod:IllyaCommonAttack+1","PrismaMod:IllyaCommonDefend","PrismaMod:IllyaCommonAttack","PrismaMod:IllyaCommonDefend","PrismaMod:IllyaCommonAttack","PrismaMod:IllyaCommonDefend","PrismaMod:IllyaCommonAttack+1","PrismaMod:IllyaCommonDefend","PrismaMod:IllyaUncommonAttack","PrismaMod:IllyaUncommonDefend","PrismaMod:IllyaUncommonDefend+1","PrismaMod:IllyaGrail","PrismaMod:IllyaUberDefendChannel+1","PrismaMod:IllyaCommandSeal"],"relics":["PrismaMod:PrismaRuby","NeowsBlessing","Akabeko","Mummified Hand","White Beast Statue","Art of War","Golden Idol","Black Star","OrangePellets"],"acts_visited":["Exordium","TheCity"],"potions_floor_usage":[20,21,23,23],"damage_taken":[{"damage":0.0,"enemies":"Cultist","floor":1.0,"turns":1.0},{"damage":0.0,"enemies":"Small Slimes","floor":2.0,"turns":1.0},{"damage":0.0,"enemies":"2 Louse","floor":3.0,"turns":1.0},{"damage":0.0,"enemies":"Large Slime","floor":5.0,"turns":10.0},{"damage":14.0,"enemies":"3 Sentries","floor":6.0,"turns":10.0},{"damage":1.0,"enemies":"Exordium Thugs","floor":7.0,"turns":7.0},{"damage":0.0,"enemies":"Lagavulin","floor":10.0,"turns":9.0},{"damage":0.0,"enemies":"The Guardian","floor":16.0,"turns":16.0},{"damage":0.0,"enemies":"3 Byrds","floor":18.0,"turns":5.0},{"damage":0,"enemies":"Shell Parasite","floor":20,"turns":9},{"damage":3,"enemies":"Snake Plant","floor":21,"turns":7},{"damage":3,"enemies":"Gremlin Leader","floor":23,"turns":9}],"seed_played":"-78520286630202432","potions_obtained":[{"floor":1.0,"key":"Fire Potion"},{"floor":3.0,"key":"LiquidBronze"},{"floor":7.0,"key":"DistilledChaos"},{"floor":10.0,"key":"Strength Potion"},{"floor":16.0,"key":"Ancient Potion"},{"floor":18.0,"key":"Energy Potion"},{"floor":20,"key":"Weak Potion"},{"floor":21,"key":"Dexterity Potion"}],"is_trial":false,"path_per_floor":["M","M","M","?","M","E","M","R","T","E","$","R","?","?","R","B",null,"M","?","M","M","$","E"],"character_chosen":"ILLYA","items_purchased":["OrangePellets","PrismaMod:IllyaCommandSeal"],"campfire_rested":0,"item_purchase_floors":[22,22],"current_hp_per_floor":[75,75,75,68,68,54,53,53,53,53,53,53,35,20,20,20,75,75,57,57,54,54,54,54],"gold":76,"neow_bonus":"THREE_ENEMY_KILL","is_daily":false,"chose_seed":false,"campfire_upgraded":2,"win_rate":0.0,"timestamp":1608283387,"path_taken":["M","M","?","?","M","E","M","R","T","E","$","R","?","?","R","BOSS","M","?","M","?","$","E"],"items_purchased_type":["Relic","Card"],"build_version":"2020-12-13","purchased_purges":2,"victory":false,"max_hp_per_floor":[75,75,75,75,75,75,75,75,75,75,75,75,75,75,75,75,75,75,75,75,75,75,75,75],"card_choices":[{"not_picked":["PrismaMod:IllyaUncommonAttack","PrismaMod:IllyaGrailKun","PrismaMod:IllyaHassanGift"],"picked":"SKIP","floor":1.0},{"not_picked":["PrismaMod:IllyaUpgradeOrbs","PrismaMod:IllyaSaphire"],"picked":"PrismaMod:IllyaUncommonDefend","floor":2.0},{"not_picked":["PrismaMod:IllyaDualEvoke","PrismaMod:IllyaUncommonDefend"],"picked":"PrismaMod:IllyaGrail","floor":3.0},{"not_picked":["PrismaMod:IllyaPartialInstallAssassin","PrismaMod:IllyaFriendMaker","PrismaMod:IllyaSaphire"],"picked":"SKIP","floor":5.0},{"not_picked":["PrismaMod:IllyaCheapChannelDefend","PrismaMod:IllyaUberChannel"],"picked":"PrismaMod:IllyaUberDefendChannel","floor":6.0},{"not_picked":["PrismaMod:IllyaHassanGift","PrismaMod:IllyaPoisonBlock","PrismaMod:IllyaAssassinRevenge"],"picked":"SKIP","floor":7.0},{"not_picked":["PrismaMod:IllyaBlindPoisonToss","PrismaMod:IllyaPoisonBomb","PrismaMod:IllyaReinForce"],"picked":"SKIP","floor":10.0},{"not_picked":["PrismaMod:IllyaGrailKun","PrismaMod:IllyaBlindPoisonToss","PrismaMod:IllyaCommonEvoke"],"picked":"SKIP","floor":18.0},{"not_picked":["PrismaMod:IllyaGun+1","PrismaMod:IllyaBerserCAR","PrismaMod:IllyaUncommonAOEAttack+1"],"picked":"SKIP","floor":20},{"not_picked":["PrismaMod:IllyaGun","PrismaMod:IllyaAOECommonAttack+1","PrismaMod:IllyaInstallForeigner"],"picked":"SKIP","floor":21}],"player_experience":3872092,"relics_obtained":[{"floor":6.0,"key":"Mummified Hand"},{"floor":9.0,"key":"White Beast Statue"},{"floor":10.0,"key":"Art of War"}],"event_choices":[{"damage_healed":0.0,"max_hp_gain":0.0,"max_hp_loss":0.0,"gold_gain":0.0,"event_name":"Scrap Ooze","player_choice":"Success","floor":4.0,"gold_loss":0.0,"damage_taken":7.0,"relics_obtained":["Akabeko"]},{"damage_healed":0.0,"max_hp_gain":0.0,"max_hp_loss":0.0,"gold_gain":0.0,"event_name":"Golden Idol","player_choice":"Take Damage","floor":13.0,"gold_loss":0.0,"damage_taken":18.0,"relics_obtained":["Golden Idol"]},{"damage_healed":0.0,"max_hp_gain":0.0,"max_hp_loss":0.0,"gold_gain":0.0,"event_name":"Shining Light","player_choice":"Entered Light","floor":14.0,"gold_loss":0.0,"damage_taken":15.0,"cards_upgraded":["PrismaMod:IllyaCommonAttack","PrismaMod:IllyaCommonAttack"]},{"damage_healed":0,"gold_gain":90,"player_choice":"GOLD POTION ","damage_taken":18,"max_hp_gain":0,"max_hp_loss":0,"event_name":"Knowing Skull","floor":19,"potions_obtained":["LiquidMemories"],"gold_loss":0,"cards_obtained":[]}],"is_beta":false,"boss_relics":[{"not_picked":["Ectoplasm","Velvet Choker"],"picked":"Black Star"}],"items_purged_floors":[11,22],"is_endless":false,"potions_floor_spawned":[1,3,7,10,16,18,20,21],"killed_by":"Gremlin Leader","ascension_level":0}}