{"host":"f0gpob8hq9vgebej","time":1608269878,"event":{"mods":["AchievementEnabler","BaseMod","Googly Eyes","Minty Spire (QoL Compilation)","Quick Restart","SuperFastMode"],"gold_per_floor":[361,374,74,86,103,133,163,163,244,244,256,12,12,23,23,125,125,135,151,151,151,151,151,170,188,263,66,66,83,108,33,33,33,33],"floor_reached":33,"playtime":666,"items_purged":["Strike_G","Defend_G","Strike_G"],"score":477,"play_id":"83cf8414-83c6-40ec-8a0e-8c44e228f073","local_time":"20201218143758","is_ascension_mode":true,"campfire_choices":[{"data":"Apotheosis","floor":8,"key":"SMITH"},{"floor":10,"key":"REST"},{"floor":15,"key":"REST"},{"floor":23,"key":"REST"},{"floor":28,"key":"REST"},{"floor":32,"key":"REST"}],"circlet_count":0,"master_deck":["AscendersBane","Strike_G","Strike_G","Defend_G","Defend_G","Survivor","Neutralize+1","Blade Dance","Poisoned Stab","Apotheosis+1","Crippling Poison+1","Dagger Spray","Dash","Prepared","Cloak And Dagger","Phantasmal Killer","CurseOfTheBell","Calculated Gamble","Night Terror","Endless Agony","Blade Dance+1","Well Laid Plans"],"relics":["Ring of the Snake","Calipers","Singing Bowl","OrangePellets","Calling Bell","Happy Flower","Sundial","Mango","Orichalcum","Mummified Hand","Juzu Bracelet"],"acts_visited":["Exordium","TheCity"],"potions_floor_usage":[5,14,18,25,30,30,33],"damage_taken":[{"damage":1,"enemies":"Cultist","floor":1,"turns":4},{"damage":2,"enemies":"Jaw Worm","floor":2,"turns":6},{"damage":0,"enemies":"2 Louse","floor":4,"turns":4},{"damage":0,"enemies":"2 Fungi Beasts","floor":5,"turns":4},{"damage":16,"enemies":"3 Sentries","floor":6,"turns":8},{"damage":0,"enemies":"Large Slime","floor":11,"turns":3},{"damage":0,"enemies":"Gremlin Gang","floor":14,"turns":2},{"damage":12,"enemies":"Hexaghost","floor":16,"turns":10},{"damage":11,"enemies":"Chosen","floor":18,"turns":7},{"damage":5,"enemies":"Spheric Guardian","floor":19,"turns":4},{"damage":5,"enemies":"Centurion and Healer","floor":24,"turns":5},{"damage":19,"enemies":"Chosen and Byrds","floor":25,"turns":6},{"damage":27,"enemies":"Snake Plant","floor":29,"turns":4},{"damage":14,"enemies":"Gremlin Leader","floor":30,"turns":5},{"damage":62,"enemies":"Collector","floor":33,"turns":7}],"seed_played":"4906487633711186774","potions_obtained":[{"floor":1,"key":"SkillPotion"},{"floor":2,"key":"Weak Potion"},{"floor":14,"key":"Fruit Juice"},{"floor":18,"key":"Weak Potion"},{"floor":25,"key":"AttackPotion"},{"floor":30,"key":"Explosive Potion"}],"is_trial":false,"path_per_floor":["M","M","$","M","M","E","?","R","T","R","M","$","?","M","R","B",null,"M","M","?","?","?","R","M","M","T","$","R","M","E","?","R","B"],"character_chosen":"THE_SILENT","items_purchased":["Apotheosis","Crippling Poison","OrangePellets","LiquidMemories"],"campfire_rested":5,"item_purchase_floors":[3,3,12,27],"current_hp_per_floor":[44,42,42,42,42,26,26,26,26,47,47,47,33,38,60,48,82,73,68,68,50,50,78,73,56,56,56,85,60,46,46,76,14,14],"gold":33,"neow_bonus":"TWO_FIFTY_GOLD","is_daily":false,"chose_seed":false,"campfire_upgraded":1,"win_rate":0.0,"timestamp":1608269878,"path_taken":["M","M","$","M","M","E","?","R","T","R","M","?","?","M","R","BOSS","M","M","?","?","?","R","M","M","T","$","R","M","E","?","R","BOSS"],"items_purchased_type":["Card","Card","Relic","Potion"],"build_version":"2020-12-13","purchased_purges":3,"victory":false,"max_hp_per_floor":[70,70,70,70,70,70,70,70,70,70,70,70,70,75,75,75,89,91,91,91,96,96,96,96,98,98,98,98,100,100,100,100,100,100],"card_choices":[{"not_picked":["Concentrate","PiercingWail"],"picked":"Blade Dance","floor":1},{"not_picked":["Skewer","Predator"],"picked":"Poisoned Stab","floor":2},{"not_picked":["Concentrate","Flying Knee"],"picked":"Dagger Spray","floor":4},{"not_picked":["Underhanded Strike","Deflect"],"picked":"Dash","floor":5},{"not_picked":["Crippling Poison","Setup","Doppelganger"],"picked":"SKIP","floor":6},{"not_picked":["Flying Knee","Slice"],"picked":"Prepared","floor":11},{"not_picked":["Catalyst","Deadly Poison"],"picked":"Cloak And Dagger","floor":14},{"not_picked":["A Thousand Cuts","Venomology"],"picked":"Phantasmal Killer","floor":16},{"not_picked":["Blade Dance","Concentrate+1","Deadly Poison"],"picked":"Singing Bowl","floor":18},{"not_picked":["Acrobatics","Blade Dance"],"picked":"Calculated Gamble","floor":19},{"not_picked":["Crippling Poison","Deflect"],"picked":"Blade Dance+1","floor":24},{"not_picked":["All Out Attack","Underhanded Strike","Dagger Throw+1"],"picked":"Singing Bowl","floor":25},{"not_picked":["Poisoned Stab","Cloak And Dagger","Deflect"],"picked":"Singing Bowl","floor":29},{"not_picked":["Heel Hook+1","Calculated Gamble"],"picked":"Well Laid Plans","floor":30}],"player_experience":176416,"relics_obtained":[{"floor":6,"key":"Calipers"},{"floor":9,"key":"Singing Bowl"},{"floor":17,"key":"Happy Flower"},{"floor":17,"key":"Sundial"},{"floor":17,"key":"Mango"},{"floor":26,"key":"Mummified Hand"},{"floor":30,"key":"Juzu Bracelet"}],"event_choices":[{"damage_healed":0,"gold_gain":30,"player_choice":"Searched \u00271\u0027 times","damage_taken":0,"max_hp_gain":0,"max_hp_loss":0,"event_name":"Dead Adventurer","floor":7,"gold_loss":0},{"damage_healed":0,"gold_gain":0,"player_choice":"Entered Light","damage_taken":14,"max_hp_gain":0,"max_hp_loss":0,"event_name":"Shining Light","floor":13,"gold_loss":0,"cards_upgraded":["Crippling Poison","Neutralize"]},{"damage_healed":0,"gold_gain":0,"cards_transformed":["Strike_G","Defend_G"],"player_choice":"Became Test Subject","damage_taken":0,"max_hp_gain":0,"max_hp_loss":0,"event_name":"Drug Dealer","floor":20,"gold_loss":0,"cards_obtained":["Night Terror","Endless Agony"]},{"damage_healed":0,"gold_gain":0,"player_choice":"Shed Blood","damage_taken":23,"max_hp_gain":5,"max_hp_loss":0,"event_name":"Forgotten Altar","floor":21,"gold_loss":0},{"damage_healed":0,"gold_gain":0,"player_choice":"Opened","damage_taken":0,"relics_obtained":["Orichalcum"],"max_hp_gain":0,"max_hp_loss":0,"event_name":"The Mausoleum","floor":22,"gold_loss":0},{"cards_removed":["Defend_G"],"damage_healed":0,"gold_gain":0,"player_choice":"Gave Gold","damage_taken":0,"max_hp_gain":0,"max_hp_loss":0,"event_name":"Beggar","floor":31,"gold_loss":75}],"is_beta":false,"boss_relics":[{"not_picked":["SacredBark","Busted Crown"],"picked":"Calling Bell"}],"items_purged_floors":[3,12,27],"is_endless":false,"potions_floor_spawned":[1,2,14,18,25,30],"killed_by":"Collector","ascension_level":12}}