{"host":"12","time":1608266251,"event":{"mods":["Act Like it!","BaseMod","Colored Powertips","Minty Spire (QoL Compilation)","StSLib","【功能Mod】混沌之环修复补丁"],"gold_per_floor":[115,115,135,135,152,152,184,184,184,184,57,85,111,129,129,129,129],"floor_reached":16,"playtime":555,"items_purged":["Strike_G"],"score":216,"play_id":"d05bf4ad-2cfd-456a-af9f-d6f52763cd0f","local_time":"20201218123731","is_ascension_mode":true,"campfire_choices":[{"data":"Neutralize","floor":6.0,"key":"SMITH"},{"data":"Well Laid Plans","floor":8,"key":"SMITH"},{"floor":10,"key":"REST"},{"data":"Dagger Spray","floor":15,"key":"SMITH"}],"circlet_count":0,"master_deck":["AscendersBane","Strike_G","Strike_G","Strike_G","Defend_G","Defend_G","Defend_G","Defend_G","Defend_G","Survivor","Neutralize+1","Footwork","Well Laid Plans+1","Dagger Spray+1","Terror","Backflip","PiercingWail"],"relics":["Ring of the Snake","NeowsBlessing","Sundial","Question Card","Potion Belt","Smiling Mask","Bag of Preparation"],"acts_visited":["Exordium"],"potions_floor_usage":[7,12,14],"damage_taken":[{"damage":0.0,"enemies":"Cultist","floor":1.0,"turns":1.0},{"damage":0.0,"enemies":"2 Louse","floor":3.0,"turns":1.0},{"damage":0.0,"enemies":"Jaw Worm","floor":5.0,"turns":1.0},{"damage":35,"enemies":"Gremlin Nob","floor":7,"turns":6},{"damage":11,"enemies":"3 Sentries","floor":12,"turns":13},{"damage":9,"enemies":"Exordium Thugs","floor":14,"turns":6},{"damage":14,"enemies":"Hexaghost","floor":16,"turns":11}],"seed_played":"-6591699880197408609","potions_obtained":[{"floor":1.0,"key":"BlessingOfTheForge"},{"floor":5.0,"key":"Block Potion"},{"floor":7,"key":"SteroidPotion"}],"is_trial":false,"path_per_floor":["M","?","M","?","M","R","E","R","T","R","$","E","T","M","R","B"],"character_chosen":"THE_SILENT","items_purchased":["Backflip"],"campfire_rested":1,"item_purchase_floors":[11],"current_hp_per_floor":[59,59,59,48,48,48,13,13,13,32,32,21,21,12,12,0,0],"gold":129,"neow_bonus":"THREE_ENEMY_KILL","is_daily":false,"chose_seed":false,"campfire_upgraded":3,"win_rate":0.0,"timestamp":1608266251,"path_taken":["M","?","M","?","?","R","E","R","T","R","$","E","?","?","R","BOSS"],"items_purchased_type":["Card"],"build_version":"2020-12-17","purchased_purges":1,"victory":false,"max_hp_per_floor":[66,66,66,66,66,66,66,66,66,66,66,66,66,66,66,66,66],"card_choices":[{"not_picked":["Eviscerate","Terror"],"picked":"Footwork","floor":1.0},{"not_picked":["Outmaneuver","Slice"],"picked":"Well Laid Plans","floor":3.0},{"not_picked":["Dagger Throw","Deflect"],"picked":"Dagger Spray","floor":5.0},{"not_picked":["Cloak And Dagger","Finisher"],"picked":"Terror","floor":7},{"not_picked":["Infinite Blades","Terror","Choke","Well Laid Plans"],"picked":"SKIP","floor":12},{"not_picked":["Prepared","Catalyst","Slice"],"picked":"PiercingWail","floor":14}],"player_experience":540349,"relics_obtained":[{"floor":7,"key":"Question Card"},{"floor":9,"key":"Potion Belt"},{"floor":12,"key":"Smiling Mask"},{"floor":13,"key":"Bag of Preparation"}],"event_choices":[{"cards_removed":["Strike_G"],"damage_healed":0.0,"max_hp_gain":0.0,"max_hp_loss":0.0,"gold_gain":0.0,"event_name":"Living Wall","player_choice":"Forget","floor":2.0,"gold_loss":0.0,"damage_taken":0.0},{"damage_healed":0.0,"max_hp_gain":0.0,"max_hp_loss":0.0,"gold_gain":0.0,"event_name":"Scrap Ooze","player_choice":"Success","floor":4.0,"gold_loss":0.0,"damage_taken":11.0,"relics_obtained":["Sundial"]}],"is_beta":true,"boss_relics":[],"items_purged_floors":[11],"is_endless":false,"potions_floor_spawned":[1,5,7],"killed_by":"Hexaghost","ascension_level":20}}