{"host":"x1qj4d8ympd5jdqh","time":1608250842,"event":{"mods":["AchievementEnabler","AlwaysNeverKeys","BaseMod","Colored Map","Custom Start","DeckTracker","Highlight Path","Minty Spire (QoL Compilation)","StSLib","SuperFastMode"],"gold_per_floor":[111,130,141,153,168,168,197,197,197,229,229,154,189,88,88,165,165,181,193,213,213,2,2,2],"floor_reached":23,"playtime":680,"items_purged":["Whirlwind"],"score":447,"play_id":"b68c7471-bdf8-4927-b7df-5bb762f73939","local_time":"20201218092042","is_ascension_mode":true,"campfire_choices":[{"data":"Blood for Blood","floor":6.0,"key":"SMITH"},{"data":"Bash","floor":8.0,"key":"SMITH"},{"floor":11.0,"key":"REST"},{"data":"Uppercut","floor":15.0,"key":"SMITH"}],"circlet_count":0,"master_deck":["AscendersBane","Bash+1","Pommel Strike","Pommel Strike","Hemokinesis","Blood for Blood+1","Second Wind","Body Slam","Uppercut+1","Impervious","Exhume","Feel No Pain","Flex","Evolve","Shrug It Off","Battle Trance","Whirlwind","Burning Pact","Immolate"],"relics":["Burning Blood","Paper Frog","Mango","Letter Opener","StoneCalendar","Omamori","Pandora\u0027s Box"],"acts_visited":["Exordium","TheCity"],"potions_floor_usage":[23],"damage_taken":[{"damage":7.0,"enemies":"Jaw Worm","floor":1.0,"turns":4.0},{"damage":1.0,"enemies":"Cultist","floor":2.0,"turns":3.0},{"damage":10.0,"enemies":"Small Slimes","floor":3.0,"turns":3.0},{"damage":14.0,"enemies":"Looter","floor":4.0,"turns":3.0},{"damage":14.0,"enemies":"Exordium Wildlife","floor":5.0,"turns":3.0},{"damage":27.0,"enemies":"Lagavulin","floor":7.0,"turns":5.0},{"damage":45.0,"enemies":"3 Sentries","floor":10.0,"turns":11.0},{"damage":17.0,"enemies":"Lagavulin","floor":13.0,"turns":5.0},{"damage":17.0,"enemies":"Hexaghost","floor":16.0,"turns":7.0},{"damage":44.0,"enemies":"3 Byrds","floor":18.0,"turns":6.0},{"damage":19.0,"enemies":"Chosen","floor":19.0,"turns":4.0},{"damage":23.0,"enemies":"Snake Plant","floor":20.0,"turns":4.0},{"damage":4,"enemies":"Gremlin Leader","floor":23,"turns":4}],"seed_played":"7708329146006149476","potions_obtained":[{"floor":3.0,"key":"LiquidMemories"},{"floor":7.0,"key":"LiquidBronze"},{"floor":10.0,"key":"SneckoOil"},{"floor":13.0,"key":"Block Potion"},{"floor":16.0,"key":"ColorlessPotion"},{"floor":18.0,"key":"SpeedPotion"}],"is_trial":false,"path_per_floor":["M","M","M","M","M","R","E","R","T","E","R","?","E","?","R","B",null,"M","M","M","?","$","E"],"character_chosen":"IRONCLAD","items_purchased":["Immolate","Swift Potion"],"campfire_rested":1,"item_purchase_floors":[22,22],"current_hp_per_floor":[74,79,75,67,59,59,38,38,52,13,41,41,30,30,30,19,77,39,26,9,9,9,5,5],"gold":2,"neow_bonus":"TEN_PERCENT_HP_BONUS","is_daily":false,"chose_seed":false,"campfire_upgraded":3,"win_rate":0.0,"timestamp":1608250842,"path_taken":["M","M","M","M","M","R","E","R","T","E","R","?","E","?","R","BOSS","M","M","?","?","$","E"],"items_purchased_type":["Card","Potion"],"build_version":"2020-12-13","purchased_purges":1,"victory":false,"max_hp_per_floor":[82,82,82,82,82,82,82,82,96,96,96,96,96,96,96,96,96,96,96,96,96,96,96,96],"card_choices":[{"not_picked":["Pummel","Twin Strike"],"picked":"Pommel Strike","floor":1.0},{"not_picked":["Dual Wield","Twin Strike"],"picked":"Pommel Strike","floor":2.0},{"not_picked":["Battle Trance","True Grit"],"picked":"Hemokinesis","floor":3.0},{"not_picked":["Warcry","Dual Wield"],"picked":"Blood for Blood","floor":4.0},{"not_picked":["Clash","Anger"],"picked":"Second Wind","floor":5.0},{"not_picked":["Pommel Strike","Double Tap"],"picked":"Body Slam","floor":7.0},{"not_picked":["Anger","Heavy Blade"],"picked":"Whirlwind","floor":10.0},{"not_picked":["Thunderclap","Iron Wave"],"picked":"Uppercut","floor":13.0},{"not_picked":["Flex","Second Wind","Cleave"],"picked":"SKIP","floor":18.0},{"not_picked":["Blood for Blood+1","Anger","Carnage"],"picked":"SKIP","floor":19.0},{"not_picked":["Whirlwind","Thunderclap"],"picked":"Burning Pact","floor":20.0}],"player_experience":1238640,"relics_obtained":[{"floor":7.0,"key":"Paper Frog"},{"floor":9.0,"key":"Mango"},{"floor":10.0,"key":"Letter Opener"},{"floor":13.0,"key":"StoneCalendar"}],"event_choices":[{"cards_removed":["Strike_R"],"damage_healed":0.0,"max_hp_gain":0.0,"max_hp_loss":0.0,"gold_gain":0.0,"event_name":"The Cleric","player_choice":"Card Removal","floor":12.0,"gold_loss":75.0,"damage_taken":0.0},{"damage_healed":0.0,"max_hp_gain":0.0,"max_hp_loss":0.0,"gold_gain":0.0,"event_name":"WeMeetAgain","player_choice":"Paid Gold","floor":14.0,"gold_loss":101.0,"damage_taken":0.0,"relics_obtained":["Omamori"]},{"damage_healed":0.0,"max_hp_gain":0.0,"max_hp_loss":0.0,"gold_gain":0.0,"event_name":"Vampires","player_choice":"Ignored","floor":21.0,"gold_loss":0.0,"damage_taken":0.0}],"is_beta":false,"boss_relics":[{"not_picked":["Runic Pyramid","Philosopher\u0027s Stone"],"picked":"Pandora\u0027s Box"}],"items_purged_floors":[22],"is_endless":false,"potions_floor_spawned":[3,7,10,13,16,18],"killed_by":"Gremlin Leader","ascension_level":20}}