{"host":"TheHustler","time":1608299533,"event":{"mods":["BaseMod","Block Reminder","Colored Map","Colored Powertips","Minty Spire (QoL Compilation)","Quick Restart","StSLib","SuperFastMode","Unceasing Turn Reminder"],"gold_per_floor":[115,133,133,149,71,106,106,132,132,132,132],"floor_reached":10,"playtime":254,"items_purged":[],"score":152,"play_id":"18e350e3-c09a-4f29-b168-f9a42dd1d699","local_time":"20201218145213","is_ascension_mode":true,"campfire_choices":[{"data":"Hologram","floor":7,"key":"SMITH"}],"circlet_count":0,"master_deck":["AscendersBane","Strike_B","Strike_B","Strike_B","Defend_B","Defend_B","Defend_B","Defend_B","Zap+1","Dualcast","Rip and Tear","Auto Shields","Glacier","Hologram+1","Biased Cognition"],"relics":["Cracked Core","Boot","Blue Candle","Bottled Flame"],"acts_visited":["Exordium"],"potions_floor_usage":[10,10,10],"damage_taken":[{"damage":0,"enemies":"2 Louse","floor":1,"turns":2},{"damage":2,"enemies":"Jaw Worm","floor":2,"turns":2},{"damage":0,"enemies":"Cultist","floor":4,"turns":3},{"damage":8,"enemies":"3 Sentries","floor":6,"turns":10},{"damage":48,"enemies":"Gremlin Nob","floor":8,"turns":5},{"damage":8,"enemies":"Lagavulin","floor":10,"turns":7}],"seed_played":"270782332464438969","potions_obtained":[{"floor":4,"key":"SkillPotion"},{"floor":6,"key":"EntropicBrew"}],"is_trial":false,"path_per_floor":["M","M","?","M","$","E","R","E","T","E"],"character_chosen":"DEFECT","items_purchased":["Glacier"],"campfire_rested":0,"item_purchase_floors":[5],"current_hp_per_floor":[64,62,62,62,62,54,54,6,6,0,0],"gold":132,"neow_bonus":"UPGRADE_CARD","is_daily":false,"chose_seed":false,"campfire_upgraded":1,"win_rate":0.0,"timestamp":1608299533,"path_taken":["M","M","?","M","$","E","R","E","T","E"],"items_purchased_type":["Card"],"build_version":"2020-12-17","purchased_purges":0,"victory":false,"max_hp_per_floor":[71,71,71,71,71,71,71,71,71,71,71],"card_choices":[{"not_picked":["Go for the Eyes","Fusion"],"picked":"Rip and Tear","floor":1},{"not_picked":["Gash","Streamline","Stack"],"picked":"SKIP","floor":2},{"not_picked":["Scrape","Undo"],"picked":"Auto Shields","floor":4},{"not_picked":["Heatsinks","Aggregate"],"picked":"Hologram","floor":6},{"not_picked":["Gash","Streamline"],"picked":"Biased Cognition","floor":8}],"player_experience":600083,"relics_obtained":[{"floor":6,"key":"Boot"},{"floor":8,"key":"Blue Candle"},{"floor":9,"key":"Bottled Flame"}],"event_choices":[{"cards_removed":["Strike_B"],"damage_healed":0,"gold_gain":0,"player_choice":"Forget","damage_taken":0,"max_hp_gain":0,"max_hp_loss":0,"event_name":"Living Wall","floor":3,"gold_loss":0}],"is_beta":true,"boss_relics":[],"items_purged_floors":[],"is_endless":false,"potions_floor_spawned":[4,6,8],"killed_by":"Lagavulin","ascension_level":20}}