{"host":"6bsan6hkua32tfq7","time":1608253232,"event":{"mods":["BaseMod","Better Third Choice","Colored Map","Highlight Path","Minty Spire (QoL Compilation)","StSLib"],"gold_per_floor":[119,119,138,11,29,63,63,106,106,0,0,0],"floor_reached":11,"playtime":270,"items_purged":[],"score":162,"play_id":"6926b7de-a0b9-4ad4-87c3-2abc045b60ec","local_time":"20201218020032","is_ascension_mode":true,"campfire_choices":[{"floor":7,"key":"REST"}],"circlet_count":0,"master_deck":["AscendersBane","Strike_G","Strike_G","Strike_G","Strike_G","Strike_G","Defend_G","Defend_G","Defend_G","Survivor","Neutralize","PiercingWail","Blade Dance","Terror","Skewer","Well Laid Plans","Dagger Spray","Slice","Enlightenment"],"relics":["Ring of the Snake","Golden Idol","Nunchaku","Blue Candle","Snake Skull"],"acts_visited":["Exordium"],"potions_floor_usage":[],"damage_taken":[{"damage":1,"enemies":"Small Slimes","floor":1,"turns":3},{"damage":5,"enemies":"Jaw Worm","floor":3,"turns":6},{"damage":0,"enemies":"2 Louse","floor":5,"turns":3},{"damage":21,"enemies":"Lagavulin","floor":6,"turns":6},{"damage":34,"enemies":"Gremlin Nob","floor":8,"turns":4},{"damage":17,"enemies":"3 Sentries","floor":11,"turns":3}],"seed_played":"-1912822260933262709","potions_obtained":[{"floor":8,"key":"SpeedPotion"}],"is_trial":false,"path_per_floor":["M","?","M","$","M","E","R","E","T","?","E"],"character_chosen":"THE_SILENT","items_purchased":["Terror","Skewer"],"campfire_rested":1,"item_purchase_floors":[4,4],"current_hp_per_floor":[58,54,49,49,49,28,44,10,10,16,0,0],"gold":0,"neow_bonus":"REMOVE_TWO","is_daily":false,"chose_seed":false,"campfire_upgraded":0,"win_rate":0.0,"timestamp":1608253232,"path_taken":["M","?","M","$","M","E","R","E","T","?","E"],"items_purchased_type":["Card","Card"],"build_version":"2020-12-13","purchased_purges":0,"victory":false,"max_hp_per_floor":[60,54,54,54,54,54,54,54,54,60,60,60],"card_choices":[{"not_picked":["Backflip","Escape Plan"],"picked":"PiercingWail","floor":1},{"not_picked":["Cloak And Dagger","Sucker Punch"],"picked":"Blade Dance","floor":3},{"not_picked":["Acrobatics","Deadly Poison"],"picked":"Well Laid Plans","floor":5},{"not_picked":["Eviscerate","Skewer"],"picked":"Dagger Spray","floor":6},{"not_picked":["Cloak And Dagger","Expertise"],"picked":"Slice","floor":8}],"player_experience":5199362,"relics_obtained":[{"floor":6,"key":"Nunchaku"},{"floor":8,"key":"Blue Candle"},{"floor":9,"key":"Snake Skull"}],"event_choices":[{"damage_healed":0,"gold_gain":0,"player_choice":"Lose Max HP","damage_taken":0,"relics_obtained":["Golden Idol"],"max_hp_gain":0,"max_hp_loss":6,"event_name":"Golden Idol","floor":2,"gold_loss":0},{"damage_healed":0,"gold_gain":0,"player_choice":"RENOUNCE","damage_taken":106,"max_hp_gain":0,"max_hp_loss":0,"event_name":"betterThird:BetterSerpent","floor":10,"gold_loss":106,"cards_obtained":["Enlightenment"]}],"is_beta":false,"boss_relics":[],"items_purged_floors":[],"is_endless":false,"potions_floor_spawned":[8],"killed_by":"3 Sentries","ascension_level":20}}