{"host":"2e3z4r48quhw80cc","time":1608261602,"event":{"mods":["BaseMod","Minty Spire (QoL Compilation)","Quick Restart","StSLib","SuperFastMode"],"gold_per_floor":[109,73,73,73,90,116,116,150,150,150,170,196,44,61,61,160,160,174,174,174,193,207,207,222,222,222,222,222,322,357,375,375,472,472,485,260,260,278,629,646,646,233,279,279,313,313,313,313,313,313],"floor_reached":51,"playtime":1365,"items_purged":["Defend_B"],"score":1049,"play_id":"676f949b-8552-4723-b177-fa3c29f46a55","local_time":"20201218122002","is_ascension_mode":true,"campfire_choices":[{"data":"Zap","floor":7.0,"key":"SMITH"},{"data":"Recycle","floor":10.0,"key":"SMITH"},{"data":"Storm","floor":15.0,"key":"SMITH"},{"data":"Creative AI","floor":23.0,"key":"SMITH"},{"data":"Self Repair","floor":25.0,"key":"SMITH"},{"data":"Defragment","floor":28.0,"key":"SMITH"},{"data":"Chaos","floor":32.0,"key":"SMITH"},{"data":"Loop","floor":41.0,"key":"SMITH"},{"data":"Defragment","floor":44.0,"key":"SMITH"},{"data":"Machine Learning","floor":47.0,"key":"SMITH"},{"data":"Undo","floor":49.0,"key":"SMITH"}],"circlet_count":0,"master_deck":["Strike_B","Strike_B","Defend_B","Defend_B","Zap+1","Dualcast","Leap","Self Repair+1","FTL","Capacitor+1","Electrodynamics","Recycle+1","Glacier","Storm+1","Creative AI+1","Biased Cognition","Loop+1","Chaos+1","Undo+1","Defragment+1","Machine Learning+1","Glacier+1","Defragment+1"],"relics":["Cracked Core","NeowsBlessing","Letter Opener","Bottled Lightning","Nunchaku","Kunai","Odd Mushroom","Bag of Preparation","Happy Flower","Nuclear Battery","Singing Bowl","CaptainsWheel","Matryoshka","Ornamental Fan","Black Star","Blood Vial","Old Coin","Pear","Toolbox","Centennial Puzzle","Toy Ornithopter","Ancient Tea Set","Blue Candle"],"acts_visited":["Exordium","TheCity","TheBeyond"],"potions_floor_usage":[50,50],"damage_taken":[{"damage":0.0,"enemies":"Cultist","floor":1.0,"turns":1.0},{"damage":0.0,"enemies":"Jaw Worm","floor":5.0,"turns":1.0},{"damage":0.0,"enemies":"Gremlin Nob","floor":6.0,"turns":1.0},{"damage":25.0,"enemies":"Lagavulin","floor":8.0,"turns":8.0},{"damage":14.0,"enemies":"The Mushroom Lair","floor":11.0,"turns":3.0},{"damage":0.0,"enemies":"2 Louse","floor":14.0,"turns":2.0},{"damage":13.0,"enemies":"The Guardian","floor":16.0,"turns":13.0},{"damage":9.0,"enemies":"Spheric Guardian","floor":18.0,"turns":4.0},{"damage":0.0,"enemies":"Shell Parasite","floor":21.0,"turns":3.0},{"damage":18.0,"enemies":"Snecko","floor":22.0,"turns":3.0},{"damage":4.0,"enemies":"3 Cultists","floor":24.0,"turns":3.0},{"damage":4.0,"enemies":"Colosseum Slavers","floor":29.0,"turns":3.0},{"damage":0.0,"enemies":"Colosseum Nobs","floor":29.0,"turns":3.0},{"damage":1.0,"enemies":"Book of Stabbing","floor":30.0,"turns":4.0},{"damage":15.0,"enemies":"Shelled Parasite and Fungi","floor":31.0,"turns":4.0},{"damage":14.0,"enemies":"Collector","floor":33.0,"turns":9.0},{"damage":22.0,"enemies":"Orb Walker","floor":35.0,"turns":3.0},{"damage":9.0,"enemies":"3 Shapes","floor":38.0,"turns":3.0},{"damage":26.0,"enemies":"2 Orb Walkers","floor":39.0,"turns":4.0},{"damage":0.0,"enemies":"3 Darklings","floor":40.0,"turns":3.0},{"damage":47.0,"enemies":"Reptomancer","floor":45.0,"turns":5.0},{"damage":51,"enemies":"Time Eater","floor":50,"turns":9}],"seed_played":"7341594051931032190","potions_obtained":[{"floor":1.0,"key":"LiquidMemories"},{"floor":5.0,"key":"Swift Potion"},{"floor":14.0,"key":"LiquidMemories"},{"floor":24.0,"key":"PowerPotion"},{"floor":31.0,"key":"FearPotion"},{"floor":39.0,"key":"FocusPotion"}],"is_trial":false,"path_per_floor":["M","$","T","?","M","E","R","E","T","R","?","T","$","M","R","B",null,"M","?","?","M","M","R","M","R","T","?","R","?","E","M","R","B",null,"M","$","?","M","?","M","R","$","T","R","E","?","R","?","R","B",null],"character_chosen":"DEFECT","items_purchased":["Self Repair","Happy Flower","Blood Vial","Pear","Toolbox"],"campfire_rested":0,"item_purchase_floors":[2,13,36,42,42],"current_hp_per_floor":[68,68,68,68,68,68,68,50,50,50,43,43,43,50,50,44,67,65,65,65,72,61,61,64,64,64,64,64,77,79,76,76,72,79,69,69,69,62,50,62,62,72,72,72,44,85,85,85,85,49],"gold":313,"neow_bonus":"THREE_ENEMY_KILL","is_daily":false,"chose_seed":false,"campfire_upgraded":11,"win_rate":0.0,"timestamp":1608261602,"path_taken":["M","$","?","?","M","E","R","E","T","R","?","?","?","?","R","BOSS","M","?","?","M","M","R","M","R","T","?","R","?","E","M","R","BOSS","M","$","?","M","?","M","R","$","T","R","E","?","R","?","R","BOSS"],"items_purchased_type":["Card","Relic","Relic","Relic","Relic"],"build_version":"2020-12-13","purchased_purges":1,"victory":true,"max_hp_per_floor":[75,75,75,75,75,75,75,75,75,75,75,75,75,75,75,75,75,75,75,75,75,75,75,75,75,75,75,75,77,79,81,81,81,81,83,83,83,83,85,85,85,95,95,95,97,85,85,85,85,85],"card_choices":[{"not_picked":["Coolheaded","Cold Snap"],"picked":"Leap","floor":1.0},{"not_picked":["Gash","Rebound"],"picked":"Capacitor","floor":5.0},{"not_picked":["Steam","Coolheaded"],"picked":"Electrodynamics","floor":6.0},{"not_picked":["Ball Lightning","Heatsinks"],"picked":"Recycle","floor":8.0},{"not_picked":["Leap","Streamline"],"picked":"Glacier","floor":11.0},{"not_picked":["Cold Snap","Self Repair"],"picked":"Storm","floor":14.0},{"not_picked":["All For One","Seek"],"picked":"Creative AI","floor":16.0},{"not_picked":["Stack+1","Barrage","Auto Shields"],"picked":"SKIP","floor":18.0},{"not_picked":["Compile Driver","Coolheaded+1"],"picked":"Chaos","floor":21.0},{"not_picked":["Ball Lightning+1","Rebound","Compile Driver+1"],"picked":"SKIP","floor":22.0},{"not_picked":["Sweeping Beam+1","Leap"],"picked":"Undo","floor":24.0},{"not_picked":["Biased Cognition","Steam","Cold Snap"],"picked":"Singing Bowl","floor":29.0},{"not_picked":["Compile Driver","Hologram+1","Blizzard"],"picked":"Singing Bowl","floor":30.0},{"not_picked":["Turbo","Sweeping Beam+1","Rebound"],"picked":"Singing Bowl","floor":31.0},{"not_picked":["All For One","Rainbow"],"picked":"Machine Learning","floor":33.0},{"not_picked":["Stack","Rip and Tear","Ball Lightning+1"],"picked":"Singing Bowl","floor":35.0},{"not_picked":["Cold Snap+1","Turbo"],"picked":"Glacier+1","floor":38.0},{"not_picked":["Hologram","All For One","Rebound"],"picked":"Singing Bowl","floor":39.0},{"not_picked":["Coolheaded","Cold Snap+1"],"picked":"Defragment","floor":40.0},{"not_picked":["Sweeping Beam","Glacier+1","Auto Shields"],"picked":"Singing Bowl","floor":45.0}],"player_experience":73466,"relics_obtained":[{"floor":3.0,"key":"Letter Opener"},{"floor":6.0,"key":"Bottled Lightning"},{"floor":8.0,"key":"Nunchaku"},{"floor":9.0,"key":"Kunai"},{"floor":11.0,"key":"Odd Mushroom"},{"floor":12.0,"key":"Bag of Preparation"},{"floor":26.0,"key":"Singing Bowl"},{"floor":29.0,"key":"CaptainsWheel"},{"floor":29.0,"key":"Matryoshka"},{"floor":30.0,"key":"Ornamental Fan"},{"floor":39.0,"key":"Old Coin"},{"floor":43.0,"key":"Centennial Puzzle"},{"floor":43.0,"key":"Toy Ornithopter"},{"floor":45.0,"key":"Ancient Tea Set"},{"floor":45.0,"key":"Blue Candle"}],"event_choices":[{"damage_healed":0.0,"max_hp_gain":0.0,"max_hp_loss":0.0,"gold_gain":0.0,"cards_transformed":["Strike_B"],"event_name":"Living Wall","player_choice":"Change","floor":4.0,"gold_loss":0.0,"damage_taken":0.0,"cards_obtained":["FTL"]},{"damage_healed":0.0,"max_hp_gain":0.0,"max_hp_loss":0.0,"gold_gain":0.0,"event_name":"Mushrooms","player_choice":"Fought Mushrooms","floor":11.0,"gold_loss":0.0,"damage_taken":0.0},{"damage_healed":0.0,"max_hp_gain":0.0,"max_hp_loss":0.0,"gold_gain":0.0,"event_name":"Vampires","player_choice":"Ignored","floor":19.0,"gold_loss":0.0,"damage_taken":0.0},{"damage_healed":0.0,"max_hp_gain":0.0,"max_hp_loss":0.0,"gold_gain":0.0,"cards_transformed":["Strike_B","Defend_B"],"event_name":"Drug Dealer","player_choice":"Became Test Subject","floor":20.0,"gold_loss":0.0,"damage_taken":0.0,"cards_obtained":["Biased Cognition","Loop"]},{"damage_healed":0.0,"max_hp_gain":0.0,"max_hp_loss":0.0,"gold_gain":0.0,"event_name":"The Library","player_choice":"Read","floor":27.0,"gold_loss":0.0,"damage_taken":0.0,"cards_obtained":["Defragment"]},{"damage_healed":0.0,"max_hp_gain":0.0,"max_hp_loss":0.0,"gold_gain":0.0,"event_name":"Colosseum","player_choice":"Fight","floor":29.0,"gold_loss":0.0,"damage_taken":0.0},{"damage_healed":0.0,"max_hp_gain":0.0,"max_hp_loss":0.0,"gold_gain":0.0,"event_name":"Colosseum","player_choice":"Fought Nobs","floor":29.0,"gold_loss":0.0,"damage_taken":0.0},{"damage_healed":0.0,"max_hp_gain":0.0,"max_hp_loss":0.0,"gold_gain":0.0,"event_name":"Tomb of Lord Red Mask","player_choice":"Ignored","floor":37.0,"gold_loss":0.0,"damage_taken":0.0},{"damage_healed":0.0,"max_hp_gain":0.0,"max_hp_loss":0.0,"gold_gain":0.0,"event_name":"Mysterious Sphere","player_choice":"Fight","floor":39.0,"gold_loss":0.0,"damage_taken":0.0},{"damage_healed":85.0,"max_hp_gain":0.0,"max_hp_loss":12.0,"gold_gain":0.0,"event_name":"The Moai Head","player_choice":"Heal","floor":46.0,"gold_loss":0.0,"damage_taken":0.0},{"damage_healed":0.0,"max_hp_gain":0.0,"max_hp_loss":0.0,"gold_gain":0.0,"event_name":"Accursed Blacksmith","player_choice":"Forge","floor":48.0,"gold_loss":0.0,"damage_taken":0.0,"cards_upgraded":["Capacitor"]}],"is_beta":false,"boss_relics":[{"not_picked":["Tiny House","Empty Cage"],"picked":"Nuclear Battery"},{"not_picked":["Cursed Key","Philosopher\u0027s Stone"],"picked":"Black Star"}],"items_purged_floors":[36],"is_endless":false,"potions_floor_spawned":[1,5,14,16,24,31,39,40],"ascension_level":9}}