{"host":"zi8o4akxlgxypwgb","time":1608285297,"event":{"mods":["BaseMod","Minty Spire (QoL Compilation)","Replay The Spire","StSLib","SuperFastMode"],"gold_per_floor":[111,111,129,129,129,164,185,185,185,185,185],"floor_reached":10,"playtime":307,"items_purged":[],"score":92,"play_id":"4ed1ea07-16a6-4362-824a-9efc30e45522","local_time":"20201218175457","daily_mods":["Draft","Purple Cards","Heirloom","Flight","DeadlyEvents","Elite Swarm"],"is_ascension_mode":true,"campfire_choices":[{"data":"Phantasmal Killer","floor":8,"key":"SMITH"}],"circlet_count":0,"master_deck":["BattleHymn","Terror","Hidden Blade","FlyingSleeves","Quick Slash","Acrobatics","DeceiveReality","Blade Dance","Backflip","Dagger Throw","Leg Sweep","Backflip","Replay:Hum+1","Cloak And Dagger","Flying Knee","Cloak And Dagger","Backflip","Regret","Phantasmal Killer+1","WheelKick"],"relics":["Snecko Eye","Ice Cream","HornCleat","CeramicFish","Centennial Puzzle"],"acts_visited":["Exordium"],"potions_floor_usage":[],"damage_taken":[{"damage":0,"enemies":"Cultist","floor":1,"turns":2},{"damage":0,"enemies":"2 Louse","floor":3,"turns":2},{"damage":25,"enemies":"Replay:BlueRogue","floor":6,"turns":5},{"damage":24,"enemies":"Small Slimes","floor":7,"turns":4},{"damage":6,"enemies":"Gremlin Nob","floor":10,"turns":3}],"seed_played":"4665747800991887371","potions_obtained":[{"floor":1,"key":"GamblersBrew"},{"floor":6,"key":"SpeedPotion"}],"is_trial":true,"path_per_floor":["M","$","M","?","?","E","M","R","T","E"],"character_chosen":"THE_SILENT","items_purchased":[],"campfire_rested":0,"item_purchase_floors":[],"current_hp_per_floor":[63,63,63,63,63,38,14,14,14,8,8],"gold":185,"neow_bonus":"","is_daily":false,"chose_seed":false,"campfire_upgraded":1,"win_rate":0.0,"timestamp":1608285297,"path_taken":["M","$","?","?","?","E","M","R","T","E"],"items_purchased_type":[],"build_version":"2020-12-13","purchased_purges":0,"victory":false,"max_hp_per_floor":[70,70,70,70,70,70,70,70,70,70,70],"card_choices":[{"not_picked":["Wireheading","EmptyBody"],"picked":"BattleHymn","floor":0},{"not_picked":["Replay:Vibes","PathToVictory"],"picked":"Terror","floor":0},{"not_picked":["Fasting2","PiercingWail"],"picked":"Hidden Blade","floor":0},{"not_picked":["Dagger Spray","Consecrate"],"picked":"FlyingSleeves","floor":0},{"not_picked":["Swivel","Dodge and Roll"],"picked":"Quick Slash","floor":0},{"not_picked":["Backflip","Swivel"],"picked":"Acrobatics","floor":0},{"not_picked":["ReplayTheSpireMod:Exploit Weakness","Setup"],"picked":"DeceiveReality","floor":0},{"not_picked":["ReplayTheSpireMod:Tripwire","DeceiveReality"],"picked":"Blade Dance","floor":0},{"not_picked":["Endless Agony","Backstab"],"picked":"Backflip","floor":0},{"not_picked":["Prostrate","Bane"],"picked":"Dagger Throw","floor":0},{"not_picked":["EmptyBody","SashWhip"],"picked":"Leg Sweep","floor":0},{"not_picked":["Dagger Spray","Deadly Poison"],"picked":"Backflip","floor":0},{"not_picked":["JustLucky","Adaptation"],"picked":"Replay:Hum","floor":0},{"not_picked":["Replay:BluntJabs","Prostrate"],"picked":"Cloak And Dagger","floor":0},{"not_picked":["Caltrops","Halt"],"picked":"Flying Knee","floor":0},{"not_picked":["Deadly Poison","Replay:AtTheReady"],"picked":"Cloak And Dagger","floor":1},{"not_picked":["Footwork","ReplayTheSpireMod:Exploit Weakness"],"picked":"Backflip","floor":3},{"not_picked":["Tools of the Trade","Corpse Explosion"],"picked":"Phantasmal Killer","floor":6},{"not_picked":["Meditate","ThirdEye"],"picked":"WheelKick","floor":7}],"player_experience":354183,"relics_obtained":[{"floor":6,"key":"CeramicFish"},{"floor":9,"key":"Centennial Puzzle"}],"event_choices":[{"damage_healed":0,"gold_gain":0,"player_choice":"Box","damage_taken":0,"relics_obtained":["HornCleat"],"max_hp_gain":0,"max_hp_loss":0,"event_name":"Big Fish","floor":5,"gold_loss":0,"cards_obtained":["Regret"]}],"is_beta":false,"boss_relics":[],"items_purged_floors":[],"is_endless":false,"potions_floor_spawned":[1,6],"killed_by":"Gremlin Nob","ascension_level":8}}