{"host":"i9wanet4r0ff4t9y","time":1608295063,"event":{"mods":["2.2 Compatiblity","Act Like it!","BaseMod","Bestiary","Better Altar","Better Match","Better Note","Better Sensory Stone","Better Skull","Better Third Choice","Better Vampires","BetterRewards","CapriCore","Curses Come First","Downfall","Minty Spire (QoL Compilation)","Quick Restart","READ ME - Guardian Mod","READ ME - Snecko Mod","Relic Stats","Replay The Spire","Say the Spire","Spicy Shops","StSLib","The Disciple","Waifu the Spire"],"gold_per_floor":[99,109,120,155,155,168,191,2,16,16,116,134,145,145,160,160,160],"floor_reached":16,"playtime":785,"items_purged":[],"score":104,"play_id":"fc3c1b7e-1c84-40c6-aed5-e52a03d1e112","local_time":"20201218133743","is_ascension_mode":false,"campfire_choices":[{"data":"hexamod:TimeOfNeed","floor":1,"key":"SMITH"},{"floor":10,"key":"REST"}],"circlet_count":0,"master_deck":["hexamod:Strike","hexamod:Strike","hexamod:Strike","hexamod:Strike","hexamod:Defend","hexamod:Defend","hexamod:Defend","hexamod:Defend","hexamod:Sear","hexamod:Float","Regret","hexamod:TimeOfNeed+1","hexamod:RadiantFlame","hexamod:ThermalTransfer","hexamod:GhostOfSpirePresent+1","hexamod:TimeOfNeed","hexamod:ThirdSeal","hexamod:AdvancingGuard","hexamod:BurningTouch","hexamod:HeatCrush","hexamod:Incineration","hexamod:ChargedBarrage","hexamod:ShieldOfDarkness","hexamod:Rewind","Parasite","hexamod:SecondSeal"],"relics":["hexamod:SpiritBrand","MealTicket","PreservedInsect","Membership Card"],"acts_visited":["Exordium"],"potions_floor_usage":[9,13,16],"damage_taken":[{"damage":10,"enemies":"Jaw Worm","floor":2,"turns":4},{"damage":12,"enemies":"Cultist","floor":3,"turns":4},{"damage":38,"enemies":"Gremlin Nob","floor":4,"turns":5},{"damage":0,"enemies":"Small Slimes","floor":6,"turns":3},{"damage":1,"enemies":"downfall:FleeingMerchant","floor":8,"turns":4},{"damage":8,"enemies":"3 Louse","floor":9,"turns":3},{"damage":21,"enemies":"Large Slime","floor":12,"turns":7},{"damage":10,"enemies":"2 Fungi Beasts","floor":13,"turns":4},{"damage":5,"enemies":"Red Slaver","floor":15,"turns":5},{"damage":18,"enemies":"downfall:Ironclad","floor":16,"turns":2}],"seed_played":"7274689932308389424","potions_obtained":[{"floor":6,"key":"Fire Potion"},{"floor":9,"key":"sneckomod:MuddlingPotion"},{"floor":13,"key":"Toxic Potion"}],"is_trial":false,"path_per_floor":["R","M","M","E","?","M","T","$","M","R","?","M","M","?","M","B"],"character_chosen":"THE_SPIRIT","items_purchased":["Membership Card","hexamod:AdvancingGuard"],"campfire_rested":1,"item_purchase_floors":[8,8],"current_hp_per_floor":[70,60,48,10,10,10,10,24,16,37,37,16,6,23,18,0,0],"gold":160,"neow_bonus":"THREE_RARE_CARDS","is_daily":false,"chose_seed":false,"campfire_upgraded":1,"win_rate":0.0,"timestamp":1608295063,"path_taken":["R","M","M","E","?","?","T","$","M","R","?","M","M","?","M","BOSS"],"items_purchased_type":["Relic","Card"],"build_version":"2020-12-13","purchased_purges":0,"victory":false,"max_hp_per_floor":[70,70,70,70,70,70,70,70,70,70,70,70,70,70,70,70,70],"relic_stats":{"counters":[10,41],"MealTicket":15,"PreservedInsect":100,"obtain_stats":[{"MealTicket":4,"PreservedInsect":7,"Membership Card":8,"hexamod:SpiritBrand":0},{"MealTicket":3,"PreservedInsect":4,"Membership Card":5,"hexamod:SpiritBrand":0},{"MealTicket":13,"PreservedInsect":16,"Membership Card":20,"hexamod:SpiritBrand":0}]},"card_choices":[{"not_picked":["hexamod:ParanormalForm","hexamod:TimeWarp"],"picked":"hexamod:TimeOfNeed","floor":0},{"not_picked":["hexamod:GhostLash","hexamod:InspiringFlames"],"picked":"hexamod:RadiantFlame","floor":2},{"not_picked":["hexamod:NightmareGuise","hexamod:SpectralAdrenaline"],"picked":"hexamod:ThermalTransfer","floor":3},{"not_picked":["hexamod:BacktrackSmack","hexamod:GhostShield"],"picked":"hexamod:GhostOfSpirePresent","floor":4},{"not_picked":["hexamod:StepThrough","hexamod:Firestarter"],"picked":"hexamod:TimeOfNeed","floor":6},{"not_picked":["hexamod:GhostOfSpireFuture","hexamod:GhostLash"],"picked":"hexamod:ThirdSeal","floor":8},{"not_picked":["hexamod:NightmareStrike","hexamod:NightmareGuise"],"picked":"hexamod:BurningTouch","floor":9},{"not_picked":["hexamod:BacktrackSmack","hexamod:Haunt"],"picked":"hexamod:HeatCrush","floor":9},{"not_picked":["hexamod:SwordOfDarkness","hexamod:Haunt"],"picked":"hexamod:Incineration","floor":12},{"not_picked":["hexamod:NightmareStrike","hexamod:Incineration"],"picked":"hexamod:ChargedBarrage","floor":12},{"not_picked":["hexamod:SwordOfDarkness","hexamod:InspiringFlames"],"picked":"hexamod:ShieldOfDarkness","floor":13},{"not_picked":["hexamod:AdvancingGuard","hexamod:Firestarter"],"picked":"hexamod:Rewind","floor":13},{"not_picked":["hexamod:NightmareGuise","hexamod:AdvancingGuard"],"picked":"hexamod:SecondSeal","floor":15}],"player_experience":368849,"relics_obtained":[{"floor":4,"key":"MealTicket"},{"floor":7,"key":"PreservedInsect"}],"event_choices":[{"damage_healed":0,"gold_gain":0,"player_choice":"Upgraded","damage_taken":0,"max_hp_gain":0,"max_hp_loss":0,"event_name":"Upgrade Shrine","floor":5,"gold_loss":0,"cards_upgraded":["hexamod:GhostOfSpirePresent"]},{"damage_healed":17,"gold_gain":0,"player_choice":"Healed and dodged fight","damage_taken":0,"max_hp_gain":0,"max_hp_loss":0,"event_name":"Mushrooms","floor":14,"gold_loss":0,"cards_obtained":["Parasite"]}],"is_beta":false,"boss_relics":[],"items_purged_floors":[],"is_endless":false,"potions_floor_spawned":[6,9,13],"killed_by":"downfall:Ironclad","ascension_level":0}}