{"host":"8kpzffbm2esvt55c","time":1608320545,"event":{"mods":["2.2 Compatiblity","BaseMod","Colored Map","DeckTracker","Highlight Path","Keyboard Shortcuts","Minty Spire (QoL Compilation)","Permanent Neow","Quick Restart","Random Character Button","Say the Spire","StSLib","SuperFastMode","everything is the same but u backflip on backflip"],"gold_per_floor":[115,127,138,138,138,159,159,173,198,198,198,236,260,260,260],"floor_reached":14,"playtime":1068,"items_purged":[],"score":90,"play_id":"ed3ccf47-d476-4bd4-af15-6f5fcb5d9132","local_time":"20201219044225","is_ascension_mode":false,"campfire_choices":[{"floor":7,"key":"REST"},{"floor":10,"key":"REST"}],"circlet_count":0,"master_deck":["Strike_R","Strike_R","Strike_R","Strike_R","Defend_R","Defend_R+1","Defend_R","Defend_R","Bash","Shrug It Off","Thunderclap","Cleave","Clash","Rupture","Entrench+1","Metallicize","Sword Boomerang"],"relics":["Burning Blood","Golden Idol","Happy Flower","Dream Catcher","Ancient Tea Set"],"acts_visited":[],"potions_floor_usage":[],"damage_taken":[{"damage":0.0,"enemies":"Small Slimes","floor":1.0,"turns":3.0},{"damage":1,"enemies":"2 Louse","floor":2,"turns":3},{"damage":1,"enemies":"Cultist","floor":3,"turns":3},{"damage":30,"enemies":"Large Slime","floor":6,"turns":9},{"damage":16,"enemies":"Exordium Wildlife","floor":8,"turns":3},{"damage":34,"enemies":"3 Sentries","floor":12,"turns":8},{"damage":35,"enemies":"Gremlin Nob","floor":14,"turns":5}],"seed_played":"-9094359928932455457","potions_obtained":[{"floor":3,"key":"Explosive Potion"},{"floor":6,"key":"SkillPotion"},{"floor":8,"key":"Regen Potion"}],"is_trial":false,"path_per_floor":["M","M","M","?","?","M","R","M","T","R","?","E","T","E"],"character_chosen":"IRONCLAD","items_purchased":[],"campfire_rested":2,"item_purchase_floors":[],"current_hp_per_floor":[80,80,80,60,60,36,60,50,50,74,58,30,30,0,0],"gold":260,"neow_bonus":"THREE_CARDS","is_daily":false,"chose_seed":false,"campfire_upgraded":0,"win_rate":0.0,"timestamp":1608320545,"path_taken":["M","M","M","?","?","M","R","M","T","R","?","E","?","E"],"items_purchased_type":[],"build_version":"2020-12-13","purchased_purges":0,"victory":false,"max_hp_per_floor":[80,80,80,80,80,80,80,80,80,80,80,80,80,80,80],"card_choices":[{"not_picked":["Body Slam","Clothesline"],"picked":"Shrug It Off","floor":0.0},{"not_picked":["Warcry","Intimidate"],"picked":"Thunderclap","floor":1},{"not_picked":["Dual Wield","Body Slam"],"picked":"Cleave","floor":2},{"not_picked":["Perfected Strike","True Grit"],"picked":"Clash","floor":3},{"not_picked":["Seeing Red","Bloodletting"],"picked":"Entrench","floor":6},{"not_picked":["Headbutt","Clash"],"picked":"Metallicize","floor":8},{"not_picked":["Barricade","Intimidate"],"picked":"Sword Boomerang","floor":12}],"player_experience":0,"relics_obtained":[{"floor":9,"key":"Happy Flower"},{"floor":12,"key":"Dream Catcher"},{"floor":13,"key":"Ancient Tea Set"}],"event_choices":[{"damage_healed":0,"gold_gain":0,"player_choice":"Take Damage","damage_taken":20,"relics_obtained":["Golden Idol"],"max_hp_gain":0,"max_hp_loss":0,"event_name":"Golden Idol","floor":4,"gold_loss":0},{"damage_healed":0,"gold_gain":0,"cards_transformed":["Strike_R"],"player_choice":"Change","damage_taken":0,"max_hp_gain":0,"max_hp_loss":0,"event_name":"Living Wall","floor":5,"gold_loss":0,"cards_obtained":["Rupture"]},{"damage_healed":0,"gold_gain":0,"player_choice":"Entered Light","damage_taken":16,"max_hp_gain":0,"max_hp_loss":0,"event_name":"Shining Light","floor":11,"gold_loss":0,"cards_upgraded":["Defend_R","Entrench"]}],"is_beta":false,"boss_relics":[],"items_purged_floors":[],"is_endless":false,"potions_floor_spawned":[3,6,8],"killed_by":"Gremlin Nob","ascension_level":0}}