{"host":"4axoa1rfjgnprp9l","time":1608288661,"event":{"mods":["2.2 Compatiblity","AchievementEnabler","BaseMod","Colored Map","DeckTracker","Highlight Path","Minty Spire (QoL Compilation)","Permanent Neow","StSLib","SuperFastMode"],"gold_per_floor":[118,132,149,164,180,180,180,180],"floor_reached":7,"playtime":877,"items_purged":[],"score":90,"play_id":"dac1ce4c-d4fb-4db0-a139-982de82cef21","local_time":"20201218195101","is_ascension_mode":true,"campfire_choices":[{"data":"Wraith Form v2","floor":6.0,"key":"SMITH"}],"circlet_count":0,"master_deck":["AscendersBane","Strike_G","Strike_G","Strike_G","Strike_G","Strike_G","Defend_G","Defend_G","Defend_G","Defend_G","Defend_G","Survivor","Neutralize","Good Instincts","Flechettes","Dagger Throw","Wraith Form v2+1","Cloak And Dagger"],"relics":["Ring of the Snake"],"acts_visited":["Exordium","TheCity"],"potions_floor_usage":[7],"damage_taken":[{"damage":0.0,"enemies":"2 Louse","floor":1.0,"turns":3.0},{"damage":1.0,"enemies":"Small Slimes","floor":2.0,"turns":3.0},{"damage":0.0,"enemies":"Cultist","floor":3.0,"turns":4.0},{"damage":20.0,"enemies":"Gremlin Gang","floor":4.0,"turns":6.0},{"damage":1.0,"enemies":"Blue Slaver","floor":5.0,"turns":7.0},{"damage":55,"enemies":"Lagavulin","floor":7,"turns":8}],"seed_played":"430266028950804076","potions_obtained":[{"floor":3.0,"key":"Energy Potion"}],"is_trial":false,"path_per_floor":["M","M","M","M","M","R","E"],"character_chosen":"THE_SILENT","items_purchased":[],"campfire_rested":0,"item_purchase_floors":[],"current_hp_per_floor":[59,58,58,38,37,37,0,0],"gold":180,"neow_bonus":"RANDOM_COLORLESS","is_daily":false,"chose_seed":false,"campfire_upgraded":1,"win_rate":0.0,"timestamp":1608288661,"path_taken":["M","M","M","M","M","R","E"],"items_purchased_type":[],"build_version":"2020-12-13","purchased_purges":0,"victory":false,"max_hp_per_floor":[66,66,66,66,66,66,66,66],"card_choices":[{"not_picked":["Madness","Impatience"],"picked":"Good Instincts","floor":0.0},{"not_picked":["Accuracy","Underhanded Strike"],"picked":"Flechettes","floor":1.0},{"not_picked":["Slice","Caltrops"],"picked":"Dagger Throw","floor":2.0},{"not_picked":["Infinite Blades","Dodge and Roll"],"picked":"Wraith Form v2","floor":3.0},{"not_picked":["Dagger Throw","Expertise","Sucker Punch"],"picked":"SKIP","floor":4.0},{"not_picked":["Infinite Blades","Bane"],"picked":"Cloak And Dagger","floor":5.0}],"player_experience":735041,"relics_obtained":[],"event_choices":[],"is_beta":false,"boss_relics":[],"items_purged_floors":[],"is_endless":false,"potions_floor_spawned":[3],"killed_by":"Lagavulin","ascension_level":20}}