{"host":"f0gpob8hq9vgebej","time":1608277683,"event":{"mods":["AchievementEnabler","BaseMod","Googly Eyes","Minty Spire (QoL Compilation)","Quick Restart","SuperFastMode"],"gold_per_floor":[268,117,132,143,159,234,234,234,248,299,34,34,62,91,118,118,223,223,239,255,255,255],"floor_reached":20,"playtime":381,"items_purged":["Strike_G"],"score":272,"play_id":"ad6c2f01-568a-447a-be2b-6262e5f6e61e","local_time":"20201218164803","is_ascension_mode":true,"campfire_choices":[{"data":"Poisoned Stab","floor":6,"key":"SMITH"},{"floor":15,"key":"REST"}],"circlet_count":0,"master_deck":["AscendersBane","Strike_G","Strike_G","Strike_G","Defend_G","Defend_G","Defend_G","Defend_G","Defend_G","Survivor","Neutralize","PiercingWail","Blade Dance","Poisoned Stab+1","Finisher","Poisoned Stab","Crippling Poison","Acrobatics","Prepared"],"relics":["Ring of the Snake","The Specimen","CeramicFish","Snake Skull","SlaversCollar"],"acts_visited":["Exordium","TheCity"],"potions_floor_usage":[16,16],"damage_taken":[{"damage":0,"enemies":"2 Louse","floor":1,"turns":4},{"damage":0,"enemies":"Small Slimes","floor":2,"turns":3},{"damage":10,"enemies":"Jaw Worm","floor":3,"turns":8},{"damage":7,"enemies":"Blue Slaver","floor":4,"turns":5},{"damage":10,"enemies":"Large Slime","floor":8,"turns":7},{"damage":12,"enemies":"2 Fungi Beasts","floor":12,"turns":3},{"damage":4,"enemies":"Lots of Slimes","floor":13,"turns":4},{"damage":3,"enemies":"Looter","floor":14,"turns":2},{"damage":29,"enemies":"The Guardian","floor":16,"turns":9},{"damage":21,"enemies":"Shell Parasite","floor":18,"turns":5},{"damage":2,"enemies":"Chosen","floor":19,"turns":5},{"damage":29,"enemies":"Sentry and Sphere","floor":20,"turns":4}],"seed_played":"1361910780534806829","potions_obtained":[{"floor":8,"key":"Fire Potion"},{"floor":12,"key":"Strength Potion"},{"floor":16,"key":"FearPotion"},{"floor":19,"key":"Swift Potion"}],"is_trial":false,"path_per_floor":["M","M","M","M","?","R","?","M","T","$","?","M","M","M","R","B",null,"M","M","M"],"character_chosen":"THE_SILENT","items_purchased":["Snake Skull","Poisoned Stab"],"campfire_rested":1,"item_purchase_floors":[10,10],"current_hp_per_floor":[6,63,63,53,46,35,35,40,30,30,30,30,18,14,11,31,2,52,31,29,0,0],"gold":255,"neow_bonus":"ONE_RARE_RELIC","is_daily":false,"chose_seed":false,"campfire_upgraded":1,"win_rate":0.0,"timestamp":1608277683,"path_taken":["M","M","M","M","?","R","?","?","T","$","?","M","M","M","R","BOSS","M","M","M"],"items_purchased_type":["Relic","Card"],"build_version":"2020-12-13","purchased_purges":1,"victory":false,"max_hp_per_floor":[79,63,63,63,63,63,63,68,68,68,68,68,68,68,68,68,68,68,68,68,68,68],"card_choices":[{"not_picked":["Dodge and Roll","Deflect","Setup"],"picked":"SKIP","floor":1},{"not_picked":["Bane","Heel Hook"],"picked":"PiercingWail","floor":2},{"not_picked":["Predator","Slice"],"picked":"Blade Dance","floor":3},{"not_picked":["Underhanded Strike","Flying Knee"],"picked":"Poisoned Stab","floor":4},{"not_picked":["Sucker Punch","Quick Slash"],"picked":"Finisher","floor":8},{"not_picked":["Flying Knee","Phantasmal Killer"],"picked":"Crippling Poison","floor":12},{"not_picked":["Sucker Punch","Blade Dance"],"picked":"Acrobatics","floor":13},{"not_picked":["Slice","Dagger Spray"],"picked":"Prepared","floor":14},{"not_picked":["Well Laid Plans","Endless Agony","Quick Slash"],"picked":"SKIP","floor":18},{"not_picked":["Bane+1","Slice","Endless Agony"],"picked":"SKIP","floor":19}],"player_experience":177805,"relics_obtained":[{"floor":9,"key":"CeramicFish"}],"event_choices":[{"damage_healed":0,"gold_gain":75,"player_choice":"Gather Gold","damage_taken":11,"max_hp_gain":0,"max_hp_loss":0,"event_name":"World of Goop","floor":5,"gold_loss":0},{"damage_healed":0,"gold_gain":0,"player_choice":"Donut","damage_taken":0,"max_hp_gain":5,"max_hp_loss":0,"event_name":"Big Fish","floor":7,"gold_loss":0},{"cards_removed":["Strike_G"],"damage_healed":0,"gold_gain":0,"player_choice":"Forget","damage_taken":0,"max_hp_gain":0,"max_hp_loss":0,"event_name":"Living Wall","floor":11,"gold_loss":0}],"is_beta":false,"boss_relics":[{"not_picked":["Ectoplasm","Tiny House"],"picked":"SlaversCollar"}],"items_purged_floors":[10],"is_endless":false,"potions_floor_spawned":[8,12,13,16,19],"killed_by":"Sentry and Sphere","ascension_level":12}}