{"host":"d8hh7rr4yzitjeuj","time":1608270853,"event":{"mods":["2.2 Compatiblity","AchievementEnabler","BaseMod","CapriCore","Colored Map","Colored Powertips","Highlight Path","Keyboard Shortcuts","Minty Spire (QoL Compilation)","Permanent Neow","Quick Restart","StSLib","SuperFastMode"],"gold_per_floor":[118,118,35,35,50,50,67,86,86,119,131,149,175,204,204,279,279,292,306,319,333,350,350,350,350],"floor_reached":24,"playtime":744,"items_purged":[],"score":424,"play_id":"681d9054-006e-448a-bc67-0910828257e6","local_time":"20201218145413","is_ascension_mode":true,"campfire_choices":[{"floor":6.0,"key":"RECALL"},{"floor":15,"key":"REST"},{"floor":23,"key":"REST"}],"circlet_count":0,"master_deck":["AscendersBane","Strike_B","Strike_B","Strike_B","Defend_B","Defend_B","Defend_B","Defend_B","Zap","Dualcast","Turbo","Sunder+1","Compile Driver","Turbo","Rip and Tear","Cold Snap","Sweeping Beam","Undo","Gash","Conserve Battery","Glacier","Stack","Reboot","Barrage","Sweeping Beam","Hologram","Consume+1"],"relics":["Fusion Hammer","Singing Bowl","Darkstone Periapt","Nunchaku","Odd Mushroom","Nuclear Battery"],"acts_visited":["Exordium","TheCity"],"potions_floor_usage":[14,18,21,24],"damage_taken":[{"damage":2.0,"enemies":"Jaw Worm","floor":1.0,"turns":4.0},{"damage":0.0,"enemies":"Cultist","floor":5.0,"turns":3.0},{"damage":1.0,"enemies":"Small Slimes","floor":7.0,"turns":2.0},{"damage":1.0,"enemies":"Exordium Thugs","floor":8.0,"turns":3.0},{"damage":12.0,"enemies":"Gremlin Nob","floor":10.0,"turns":3.0},{"damage":0.0,"enemies":"Looter","floor":11.0,"turns":2.0},{"damage":0.0,"enemies":"Large Slime","floor":12.0,"turns":3.0},{"damage":11.0,"enemies":"Lagavulin","floor":13.0,"turns":7.0},{"damage":11,"enemies":"The Mushroom Lair","floor":14,"turns":2},{"damage":27,"enemies":"Hexaghost","floor":16,"turns":14},{"damage":4,"enemies":"Shell Parasite","floor":18,"turns":5},{"damage":0,"enemies":"2 Thieves","floor":19,"turns":3},{"damage":31,"enemies":"Snecko","floor":20,"turns":8},{"damage":9,"enemies":"Centurion and Healer","floor":21,"turns":8},{"damage":13,"enemies":"Snake Plant","floor":22,"turns":7},{"damage":30,"enemies":"Slavers","floor":24,"turns":3}],"seed_played":"4861797601129426469","potions_obtained":[{"floor":5.0,"key":"Energy Potion"},{"floor":8.0,"key":"Fire Potion"},{"floor":13,"key":"Weak Potion"},{"floor":14,"key":"DistilledChaos"},{"floor":20,"key":"PowerPotion"}],"is_trial":false,"path_per_floor":["M","?","$","?","M","R","M","M","T","E","M","M","E","?","R","B",null,"M","M","M","M","M","R","E"],"character_chosen":"DEFECT","items_purchased":["Compile Driver","Turbo"],"campfire_rested":2,"item_purchase_floors":[3,3],"current_hp_per_floor":[62,62,62,62,62,62,61,60,60,48,48,48,37,26,47,20,58,54,56,25,16,3,24,0,0],"gold":350,"neow_bonus":"BOSS_RELIC","is_daily":false,"chose_seed":false,"campfire_upgraded":0,"win_rate":0.0,"timestamp":1608270853,"path_taken":["M","?","?","?","M","R","M","M","T","E","?","M","E","?","R","BOSS","M","M","M","M","M","R","E"],"items_purchased_type":["Card","Card"],"build_version":"2020-12-13","purchased_purges":0,"victory":false,"max_hp_per_floor":[71,71,71,71,71,71,71,71,71,71,71,71,71,71,71,71,71,71,73,73,73,73,73,73,73],"card_choices":[{"not_picked":["Hologram","Leap"],"picked":"Turbo","floor":1.0},{"not_picked":["Reinforced Body","Turbo"],"picked":"Rip and Tear","floor":5.0},{"not_picked":["Gash","Fusion"],"picked":"Cold Snap","floor":7.0},{"not_picked":["Force Field","Hello World"],"picked":"Sweeping Beam","floor":8.0},{"not_picked":["Hologram","Sweeping Beam"],"picked":"Undo","floor":10.0},{"not_picked":["Undo","Steam"],"picked":"Gash","floor":11.0},{"not_picked":["Redo","Glacier"],"picked":"Conserve Battery","floor":12.0},{"not_picked":["Leap","Steam"],"picked":"Glacier","floor":13},{"not_picked":["Gash","Skim"],"picked":"Stack","floor":14},{"not_picked":["Amplify","Electrodynamics"],"picked":"Reboot","floor":16},{"not_picked":["Cold Snap","Turbo"],"picked":"Barrage","floor":18},{"not_picked":["Conserve Battery","Barrage","Glacier"],"picked":"Singing Bowl","floor":19},{"not_picked":["Force Field","Fusion"],"picked":"Sweeping Beam","floor":20},{"not_picked":["Ball Lightning","Redo"],"picked":"Hologram","floor":21},{"not_picked":["Compile Driver","Redo"],"picked":"Consume+1","floor":22}],"player_experience":1360047,"relics_obtained":[{"floor":9.0,"key":"Singing Bowl"},{"floor":10.0,"key":"Darkstone Periapt"},{"floor":13,"key":"Nunchaku"},{"floor":14,"key":"Odd Mushroom"}],"event_choices":[{"damage_healed":0.0,"max_hp_gain":0.0,"max_hp_loss":0.0,"gold_gain":0.0,"cards_transformed":["Strike_B"],"event_name":"Transmorgrifier","player_choice":"Transformed","floor":2.0,"gold_loss":0.0,"damage_taken":0.0,"cards_obtained":["Sunder"]},{"damage_healed":0.0,"max_hp_gain":0.0,"max_hp_loss":0.0,"gold_gain":0.0,"event_name":"Upgrade Shrine","player_choice":"Upgraded","floor":4.0,"gold_loss":0.0,"damage_taken":0.0,"cards_upgraded":["Sunder"]},{"damage_healed":0,"gold_gain":0,"player_choice":"Fought Mushrooms","damage_taken":0,"max_hp_gain":0,"max_hp_loss":0,"event_name":"Mushrooms","floor":14,"gold_loss":0}],"is_beta":false,"boss_relics":[{"not_picked":["Busted Crown","Empty Cage"],"picked":"Nuclear Battery"}],"items_purged_floors":[],"is_endless":false,"potions_floor_spawned":[5,8,10,13,14,20],"killed_by":"Slavers","ascension_level":20}}