{"host":"1bqbj1s4pyvm9utn","time":1608261233,"event":{"mods":["AchievementEnabler","Aspiration","Bard","BaseMod","Beaked The Cultist","Better Altar","Better Match","Better Note","Better Sensory Stone","Better Skull","Better Third Choice","BetterRewards","CCEM","Clawfect","Colored Map","Conspire","Downfall","GifTheSpireLib","Halation","Hermit","Highlight Path","Hubris","Humility","Infinite Spire","Jedi Mod","Jorbs\u0027s Wanderer Trilogy","Mad Scientist","Marisa????????","Mimic Mod","Minty Spire (QoL Compilation)","Permanent Neow","Replay The Spire","Shade Mod","Shop Mod","Spicy Shops","StSLib","Stuff the Spire","The Bug Knight","The Construct","The Cursed","The Disciple","The Gatherer","The Hierophant","The Jungle","The Mystic","The Necromancer","The Runesmith","The Servant 0.9.4","The Spell Scribe","The Witch","Unceasing Turn Reminder","everything is the same but u backflip on backflip","slay the spire mod where everything is the same but ironclad has a cowboy hat","vexMod"],"gold_per_floor":[111,122,122,153,8,8,34,72,123,141,151,51,51,5,5,100,100,116,133,145,13,25,25,45,45,45,57,76,76,93,63,63,166,166,184,199,212,222,240,240,279,279,358,358,385,385,416,437,437,446],"floor_reached":51,"playtime":6015,"items_purged":["Regret","HollowMod:NailStrikeStart","HollowMod:QuickDashStart"],"score":708,"play_id":"26890106-df2e-42db-9d64-e01f8a8df9e8","local_time":"20201217191353","is_ascension_mode":false,"campfire_choices":[{"data":"HollowMod:ChannelNail","floor":6,"key":"SMITH"},{"floor":13,"key":"REST"},{"data":"HollowMod:LifebloodCocoon","floor":15,"key":"SMITH"},{"floor":23,"key":"REST"},{"data":"HollowMod:SlysStrikes","floor":25,"key":"SMITH"},{"floor":29,"key":"REST"},{"data":"HollowMod:GoodIntentions","floor":32,"key":"SMITH"},{"data":"HollowMod:MothsMistake","floor":40,"key":"SMITH"},{"data":"HollowMod:MidwifesHunger","floor":42,"key":"SMITH"},{"floor":44,"key":"RECALL"},{"data":"HollowMod:Weaversong","floor":49,"key":"SMITH"}],"circlet_count":0,"master_deck":["HollowMod:NailStrikeStart","HollowMod:NailStrikeStart","HollowMod:NailStrikeStart","HollowMod:QuickDashStart","HollowMod:QuickDashStart","HollowMod:QuickDashStart","HollowMod:FocusHealStart","HollowMod:PogoStrike","HollowMod:InfectedCysts","HollowMod:BaldurShell","HollowMod:ChannelNail+1","HollowMod:Grubsong","HollowMod:SlysStrikes+1","HollowMod:QuirrelsAssistance","HollowMod:LifebloodCocoon+1","HollowMod:SoulSplash","HollowMod:GoodIntentions+1","HollowMod:MidwifesHunger+1","HollowMod:GrimmsGift","HollowMod:CycloneSlash+1","HollowMod:CycloneSlash","HollowMod:FallenFury+1","HollowMod:NewGlowingWomb","HollowMod:PerfectDash+1","HollowMod:SoulShaman","HollowMod:ElderbugsWisdom","HollowMod:DungDefenderAura","HollowMod:Weaversong+1","HollowMod:VengefulSpirit","HollowMod:DashSlash","HollowMod:InfectionAssault+1","HollowMod:MothsMistake+1","HollowMod:DashSlash+1","theScribe:WeirdBlast+1"],"relics":["HollowMod:VesselMask","aspiration:Nostalgia","Gatherer:AlchemyBag","StuffTheSpire:RedRose","Replay:Mystery Machine","HollowMod:LifeEnderRelic","jedi:arcanewood","Regal Pillow","Painkiller Herb","vexMod:Dragonfruit","hubris:VirtuousBlindfold","halation:IllGainedPizza","infinitespire:Lucky Rock","aspiration:ScribeSkillbook","Ice Cream"],"acts_visited":["Exordium","TheCity","TheBeyond"],"potions_floor_usage":[7,11,16,19,20,24,27,28,33,33,33,37,45,47,50],"damage_taken":[{"damage":0,"enemies":"2 Louse","floor":1,"turns":3},{"damage":2,"enemies":"Jaw Worm","floor":2,"turns":4},{"damage":21,"enemies":"Small Slimes","floor":4,"turns":7},{"damage":52,"enemies":"3 Sentries","floor":7,"turns":10},{"damage":3,"enemies":"Small Slimes","floor":8,"turns":5},{"damage":10,"enemies":"Small Slimes","floor":10,"turns":4},{"damage":10,"enemies":"Looter","floor":11,"turns":3},{"damage":25,"enemies":"The Guardian","floor":16,"turns":9},{"damage":30,"enemies":"conspire:FuzzyDice","floor":18,"turns":7},{"damage":24,"enemies":"Shell Parasite","floor":19,"turns":5},{"damage":28,"enemies":"Snake Plant","floor":20,"turns":6},{"damage":0,"enemies":"conspire:HollyBat","floor":22,"turns":7},{"damage":20,"enemies":"Snecko","floor":24,"turns":4},{"damage":24,"enemies":"Snake Plant","floor":27,"turns":4},{"damage":4,"enemies":"conspire:HollyBat","floor":28,"turns":7},{"damage":9,"enemies":"Centurion and Healer","floor":30,"turns":5},{"damage":34,"enemies":"HollowMod:NKGrimm","floor":33,"turns":8},{"damage":9,"enemies":"Orb Walker","floor":35,"turns":4},{"damage":4,"enemies":"3 Darklings","floor":36,"turns":4},{"damage":49,"enemies":"HollowMod:SlobberingHusk","floor":37,"turns":7},{"damage":6,"enemies":"Sphere and 2 Shapes","floor":38,"turns":4},{"damage":0,"enemies":"Transient","floor":39,"turns":6},{"damage":10,"enemies":"conspire:MimicChest","floor":41,"turns":6},{"damage":3,"enemies":"Spire Growth","floor":45,"turns":5},{"damage":0,"enemies":"beaked:SuperParasite","floor":47,"turns":2},{"damage":0,"enemies":"Sphere and 2 Shapes","floor":48,"turns":3},{"damage":0,"enemies":"Donu and Deca","floor":50,"turns":5}],"seed_played":"3038276859925824440","potions_obtained":[{"floor":1,"key":"Regen Potion"},{"floor":10,"key":"PowerPotion"},{"floor":11,"key":"jedi:tentaclejuice"},{"floor":18,"key":"AttackPotion"},{"floor":19,"key":"Guardian:BlockOnCardUsePotion"},{"floor":24,"key":"Venom Potion"},{"floor":27,"key":"SpeedPotion"},{"floor":30,"key":"Elixir"},{"floor":31,"key":"Strength Potion"},{"floor":31,"key":"Milkshake"},{"floor":36,"key":"champ:CounterPotion"},{"floor":37,"key":"Milkshake"},{"floor":41,"key":"Block Potion"},{"floor":48,"key":"LiquidBronze"}],"is_trial":false,"path_per_floor":["M","M","?","MIM","$","R","E","MIM","T","M","M","$","R","$","R","B",null,"?","?","?","T","?","T","?","T","T","?","?","T","?","?","T","B",null,"?","?","?","?","?","T","?","T","T","T","?","AVR","E","?","T","B",null],"character_chosen":"THE_BUGKNIGHT","items_purchased":["HollowMod:Grubsong","HollowMod:GoodIntentions","HollowMod:FallenFury+1","EssenceOfSteel"],"campfire_rested":3,"item_purchase_floors":[5,14,21,21],"current_hp_per_floor":[75,73,73,62,62,62,35,38,38,28,18,18,55,55,55,30,75,55,31,13,13,19,56,36,36,41,17,19,58,49,49,49,21,80,71,73,36,42,48,54,50,56,62,68,71,77,80,80,80,80],"gold":446,"neow_bonus":"NOSTALGIA","is_daily":false,"chose_seed":false,"campfire_upgraded":7,"win_rate":0.0,"timestamp":1608261233,"path_taken":["M","M","?","?","?","R","E","?","T","M","?","$","R","$","R","BOSS","?","?","?","T","?","T","?","T","T","?","?","?","?","?","T","BOSS","?","?","?","?","?","T","?","T","T","T","?","AVR","E","?","T","BOSS"],"items_purchased_type":["Card","Card","Card","Potion"],"build_version":"2020-12-13","purchased_purges":3,"victory":true,"max_hp_per_floor":[75,75,75,75,75,75,75,75,75,75,75,75,75,75,75,75,75,75,75,75,75,75,75,75,75,80,80,80,80,80,80,80,80,80,80,80,80,80,80,80,80,80,80,80,80,80,80,80,80,80],"card_choices":[{"not_picked":["HollowMod:BlackTendrils","HollowMod:CornifersMapStart"],"picked":"HollowMod:InfectedCysts","floor":1},{"not_picked":["HollowMod:BlackTendrils","HollowMod:DashSlash"],"picked":"HollowMod:BaldurShell","floor":2},{"not_picked":["HollowMod:DoubleDash","HollowMod:FastStrike"],"picked":"HollowMod:ChannelNail","floor":4},{"not_picked":["HollowMod:VengefulVoid","HollowMod:LifebloodCore"],"picked":"HollowMod:SlysStrikes","floor":7},{"not_picked":["HollowMod:ShadowDash","HollowMod:DungDefenderAura"],"picked":"HollowMod:QuirrelsAssistance","floor":8},{"not_picked":["HollowMod:DreamGate","HollowMod:ChannelNail"],"picked":"HollowMod:LifebloodCocoon","floor":10},{"not_picked":["HollowMod:SoulStrike","HollowMod:CloakDash"],"picked":"HollowMod:SoulSplash","floor":11},{"not_picked":["HollowMod:HornetsHelp","HollowMod:NewInfectedGuardian"],"picked":"HollowMod:MidwifesHunger","floor":16},{"not_picked":["HollowMod:MonarchWings+1","HollowMod:SiblingsSouls"],"picked":"HollowMod:GrimmsGift","floor":18},{"not_picked":["HollowMod:TaintedHusks+1","HollowMod:SharpenedShadows"],"picked":"HollowMod:CycloneSlash+1","floor":19},{"not_picked":["HollowMod:HuntersJournal","HollowMod:ShadowDash"],"picked":"HollowMod:CycloneSlash","floor":20},{"not_picked":["HollowMod:DesolateDive","HollowMod:InfectedCysts"],"picked":"HollowMod:NewGlowingWomb","floor":22},{"not_picked":["HollowMod:FallenFury+1","HollowMod:InfectedAttack+1"],"picked":"HollowMod:PerfectDash+1","floor":24},{"not_picked":["HollowMod:SoulEater","HollowMod:CoiledNail"],"picked":"HollowMod:SoulShaman","floor":27},{"not_picked":["HollowMod:CornifersMapStart","HollowMod:ShadowDash"],"picked":"HollowMod:ElderbugsWisdom","floor":28},{"not_picked":["HollowMod:InfectedAttack+1","HollowMod:DescendingDark"],"picked":"HollowMod:DungDefenderAura","floor":30},{"not_picked":["HollowMod:SlysStrikes","HollowMod:Hiveblood"],"picked":"HollowMod:Weaversong","floor":33},{"not_picked":["HollowMod:WraithStrike+1","HollowMod:HeavyBlow+1"],"picked":"HollowMod:VengefulSpirit","floor":35},{"not_picked":["HollowMod:WraithStrike","HollowMod:CornifersMapStart+1"],"picked":"HollowMod:DashSlash","floor":36},{"not_picked":["HollowMod:SoulSplash+1","HollowMod:CloakDash","HollowMod:Grubsong"],"picked":"SKIP","floor":37},{"not_picked":["HollowMod:WraithStrike+1","HollowMod:DoubleDash+1"],"picked":"HollowMod:InfectionAssault+1","floor":38},{"not_picked":["HollowMod:TaintedHusks+1","HollowMod:ChannelNail"],"picked":"HollowMod:MothsMistake","floor":39},{"not_picked":["HollowMod:Grubsong+1","HollowMod:NewJinnsSoul+1"],"picked":"HollowMod:DashSlash+1","floor":41},{"not_picked":["HollowMod:FastStrike+1","HollowMod:CycloneSlash","HollowMod:GrimmsGift"],"picked":"SKIP","floor":45},{"not_picked":["HollowMod:DungDefenderAura","HollowMod:VoidDash","theScribe:GatherComponents+1","HollowMod:SharpenedNail+1"],"picked":"SKIP","floor":47},{"not_picked":["HollowMod:DreamGate","HollowMod:SharpenedShadows+1","HollowMod:WraithStrike+1"],"picked":"theScribe:WeirdBlast+1","floor":48}],"player_experience":817347,"relics_obtained":[{"floor":4,"key":"Replay:Mystery Machine"},{"floor":7,"key":"HollowMod:LifeEnderRelic"},{"floor":8,"key":"jedi:arcanewood"},{"floor":9,"key":"Regal Pillow"},{"floor":26,"key":"vexMod:Dragonfruit"},{"floor":41,"key":"halation:IllGainedPizza"},{"floor":47,"key":"Ice Cream"}],"event_choices":[{"damage_healed":0,"gold_gain":0,"player_choice":"Bought 2 Potions","damage_taken":0,"max_hp_gain":0,"max_hp_loss":0,"event_name":"The Woman in Blue","floor":31,"gold_loss":0}],"is_beta":false,"boss_relics":[{"not_picked":["hubris:RunicObelisk","Ectoplasm"],"picked":"Painkiller Herb"},{"not_picked":["halation:Yufonium","conspire:SpecialSausage"],"picked":"hubris:VirtuousBlindfold"}],"items_purged_floors":[5,12,46],"is_endless":false,"potions_floor_spawned":[1,10,11,18,19,24,27,30,36,37,41,48],"ascension_level":0}}