{"host":"ci7ivtocgfxh0ueo","time":1608275734,"event":{"mods":["BaseMod","GifTheSpireLib","Minty Spire (QoL Compilation)","StSLib"],"gold_per_floor":[116,127,277,297,222,222,222,237,260,260,38,49,49,49,49,121,121,139,139,139,157,176,176,176,176],"floor_reached":24,"playtime":612,"items_purged":[],"score":344,"play_id":"0ac6b9e4-5b39-4199-b7c4-99cf15dbbbd6","local_time":"20201218151534","is_ascension_mode":true,"campfire_choices":[{"data":"Neutralize","floor":6,"key":"SMITH"},{"data":"Dagger Throw","floor":10,"key":"SMITH"},{"data":"Dagger Throw","floor":15,"key":"SMITH"},{"floor":23,"key":"REST"}],"circlet_count":0,"master_deck":["AscendersBane","Strike_G","Strike_G","Defend_G","Defend_G","Defend_G","Defend_G","Defend_G","Survivor","Neutralize+1","Heel Hook","Dagger Throw+1","Underhanded Strike","Escape Plan","Dagger Throw+1","Bullet Time","Skewer+1","Predator+1","Night Terror+1","Distraction","After Image"],"relics":["Ring of the Snake","NeowsBlessing","White Beast Statue","Bag of Marbles","Oddly Smooth Stone","Regal Pillow","Astrolabe"],"acts_visited":["Exordium","TheCity"],"potions_floor_usage":[12,16,16,21,21,22,24],"damage_taken":[{"damage":0,"enemies":"Cultist","floor":1,"turns":1},{"damage":0,"enemies":"2 Louse","floor":2,"turns":1},{"damage":0,"enemies":"Jaw Worm","floor":4,"turns":1},{"damage":6,"enemies":"Red Slaver","floor":8,"turns":5},{"damage":0,"enemies":"3 Louse","floor":12,"turns":2},{"damage":51,"enemies":"The Guardian","floor":16,"turns":14},{"damage":11,"enemies":"Spheric Guardian","floor":18,"turns":3},{"damage":11,"enemies":"2 Thieves","floor":21,"turns":3},{"damage":23,"enemies":"Snake Plant","floor":22,"turns":4},{"damage":50,"enemies":"Gremlin Leader","floor":24,"turns":7}],"seed_played":"-8908290038893131851","potions_obtained":[{"floor":4,"key":"Regen Potion"},{"floor":8,"key":"BlessingOfTheForge"},{"floor":12,"key":"GhostInAJar"},{"floor":16,"key":"Dexterity Potion"},{"floor":18,"key":"AttackPotion"},{"floor":21,"key":"Energy Potion"},{"floor":22,"key":"Swift Potion"}],"is_trial":false,"path_per_floor":["M","M","?","M","?","R","T","M","T","R","$","M","?","T","R","B",null,"M","?","$","M","M","R","E"],"character_chosen":"THE_SILENT","items_purchased":["Oddly Smooth Stone","Dagger Throw"],"campfire_rested":1,"item_purchase_floors":[11,11],"current_hp_per_floor":[59,59,59,59,59,59,59,53,53,53,53,53,53,53,53,17,54,43,43,43,32,9,43,0,0],"gold":176,"neow_bonus":"THREE_ENEMY_KILL","is_daily":false,"chose_seed":false,"campfire_upgraded":3,"win_rate":0.0,"timestamp":1608275734,"path_taken":["M","M","?","M","?","R","?","?","T","R","$","M","?","?","R","BOSS","M","?","$","?","M","R","E"],"items_purchased_type":["Relic","Card"],"build_version":"2020-12-13","purchased_purges":0,"victory":false,"max_hp_per_floor":[66,66,66,66,66,66,66,66,66,66,66,66,66,66,66,66,66,66,66,66,66,66,66,66,66],"card_choices":[{"not_picked":["Cloak And Dagger","Backflip"],"picked":"Heel Hook","floor":1},{"not_picked":["Cloak And Dagger","Reflex"],"picked":"Dagger Throw","floor":2},{"not_picked":["Finisher","Setup"],"picked":"Underhanded Strike","floor":4},{"not_picked":["Outmaneuver","Deadly Poison"],"picked":"Escape Plan","floor":8},{"not_picked":["Outmaneuver","Predator","Deadly Poison"],"picked":"SKIP","floor":12},{"not_picked":["Malaise","Doppelganger"],"picked":"Bullet Time","floor":16},{"not_picked":["Deflect","Slice","Well Laid Plans"],"picked":"SKIP","floor":18},{"not_picked":["Crippling Poison","Predator"],"picked":"Distraction","floor":21},{"not_picked":["Backflip","Deflect"],"picked":"After Image","floor":22}],"player_experience":1268512,"relics_obtained":[{"floor":7,"key":"White Beast Statue"},{"floor":9,"key":"Bag of Marbles"},{"floor":14,"key":"Regal Pillow"}],"event_choices":[{"damage_healed":0,"gold_gain":150,"player_choice":"AGREE","damage_taken":0,"max_hp_gain":0,"max_hp_loss":0,"event_name":"Liars Game","floor":3,"gold_loss":0,"cards_obtained":["Doubt"]},{"cards_removed":["Doubt"],"damage_healed":0,"gold_gain":0,"player_choice":"Card Removal","damage_taken":0,"max_hp_gain":0,"max_hp_loss":0,"event_name":"The Cleric","floor":5,"gold_loss":75},{"damage_healed":0,"gold_gain":0,"player_choice":"Ignored","damage_taken":0,"max_hp_gain":0,"max_hp_loss":0,"event_name":"Golden Idol","floor":13,"gold_loss":0},{"damage_healed":0,"gold_gain":0,"player_choice":"Ignored","damage_taken":0,"max_hp_gain":0,"max_hp_loss":0,"event_name":"N\u0027loth","floor":19,"gold_loss":0}],"is_beta":false,"boss_relics":[{"not_picked":["Velvet Choker","SlaversCollar"],"picked":"Astrolabe"}],"items_purged_floors":[],"is_endless":false,"potions_floor_spawned":[4,8,12,16,18,21,22],"killed_by":"Gremlin Leader","ascension_level":17}}