{"host":"e1zuqie93klo2ncl","time":1608314268,"event":{"mods":["AchievementEnabler","BaseMod","Minty Spire (QoL Compilation)","Relic Stats","StSLib"],"gold_per_floor":[113,113,113,132,148,148,173,193,193,193,218,218,237,252,252,328,328,344,24,41,41,91,91,91,119,119,99,99,15,32,67,67,141,141,160,171,171,171,187,187,206,206,206,216,227,227,254,7,7,7,7],"floor_reached":52,"playtime":3584,"items_purged":["Flechettes","Caltrops"],"score":1835,"play_id":"6a9298a5-ef89-4d5e-a33e-92e05247831a","local_time":"20201218175747","is_ascension_mode":true,"campfire_choices":[{"floor":10.0,"key":"REST"},{"data":"Blur","floor":12.0,"key":"SMITH"},{"data":"Deadly Poison","floor":15.0,"key":"SMITH"},{"floor":23.0,"key":"REST"},{"data":"Wraith Form v2","floor":28.0,"key":"SMITH"},{"floor":32.0,"key":"REST"},{"data":"Well Laid Plans","floor":40.0,"key":"SMITH"},{"data":"Envenom","floor":42.0,"key":"SMITH"},{"data":"Cloak And Dagger","floor":46.0,"key":"SMITH"},{"floor":49.0,"key":"REST"}],"circlet_count":0,"master_deck":["AscendersBane","Survivor","Neutralize+1","Dash+1","Backstab","Dagger Spray","Blur+1","Wraith Form v2+1","Deadly Poison+1","Envenom+1","Endless Agony","Outmaneuver","Calculated Gamble","Endless Agony","Corpse Explosion","Quick Slash","Blade Dance","Terror","Well Laid Plans+1","Riddle With Holes","Crippling Poison","Footwork","Backflip","Noxious Fumes+1","Bouncing Flask","Leg Sweep+1","PiercingWail","Night Terror","Cloak And Dagger+1","Footwork+1"],"relics":["Ring of the Snake","Snake Skull","Regal Pillow","InkBottle","Smiling Mask","Toy Ornithopter","Pandora\u0027s Box","ClockworkSouvenir","Frozen Egg 2","Matryoshka","White Beast Statue","Busted Crown","Nunchaku","Ancient Tea Set","Strawberry"],"acts_visited":["Exordium","TheCity","TheBeyond"],"potions_floor_usage":[51],"damage_taken":[{"damage":0.0,"enemies":"2 Louse","floor":1.0,"turns":4.0},{"damage":0.0,"enemies":"Small Slimes","floor":4.0,"turns":3.0},{"damage":0.0,"enemies":"Cultist","floor":5.0,"turns":3.0},{"damage":37.0,"enemies":"Lagavulin","floor":7.0,"turns":9.0},{"damage":0.0,"enemies":"Lots of Slimes","floor":8.0,"turns":5.0},{"damage":0.0,"enemies":"Gremlin Nob","floor":11.0,"turns":3.0},{"damage":0.0,"enemies":"3 Louse","floor":13.0,"turns":3.0},{"damage":3.0,"enemies":"Looter","floor":14.0,"turns":2.0},{"damage":40.0,"enemies":"Hexaghost","floor":16.0,"turns":10.0},{"damage":0.0,"enemies":"3 Byrds","floor":18.0,"turns":2.0},{"damage":22.0,"enemies":"Shell Parasite","floor":20.0,"turns":4.0},{"damage":11.0,"enemies":"Slavers","floor":25.0,"turns":5.0},{"damage":6.0,"enemies":"Centurion and Healer","floor":30.0,"turns":5.0},{"damage":29.0,"enemies":"Book of Stabbing","floor":31.0,"turns":5.0},{"damage":40.0,"enemies":"Champ","floor":33.0,"turns":12.0},{"damage":12.0,"enemies":"Orb Walker","floor":35.0,"turns":4.0},{"damage":29.0,"enemies":"3 Darklings","floor":36.0,"turns":3.0},{"damage":6.0,"enemies":"Sphere and 2 Shapes","floor":39.0,"turns":6.0},{"damage":29.0,"enemies":"Jaw Worm Horde","floor":41.0,"turns":4.0},{"damage":1.0,"enemies":"Spire Growth","floor":44.0,"turns":4.0},{"damage":0.0,"enemies":"Maw","floor":45.0,"turns":5.0},{"damage":19.0,"enemies":"Giant Head","floor":47.0,"turns":8.0},{"damage":50.0,"enemies":"Awakened One","floor":50.0,"turns":11.0},{"damage":35,"enemies":"Time Eater","floor":51,"turns":12}],"seed_played":"-4057184007342516044","potions_obtained":[{"floor":5.0,"key":"Weak Potion"},{"floor":7.0,"key":"Poison Potion"},{"floor":14.0,"key":"EssenceOfSteel"},{"floor":20.0,"key":"EssenceOfSteel"},{"floor":25.0,"key":"Block Potion"},{"floor":27.0,"key":"LiquidMemories"},{"floor":33.0,"key":"Block Potion"},{"floor":35.0,"key":"GhostInAJar"},{"floor":36.0,"key":"SneckoOil"},{"floor":39.0,"key":"Fire Potion"},{"floor":41.0,"key":"EntropicBrew"},{"floor":44.0,"key":"CunningPotion"},{"floor":45.0,"key":"Regen Potion"},{"floor":47.0,"key":"DuplicationPotion"}],"is_trial":false,"path_per_floor":["M","?","?","M","M","?","E","M","T","R","E","R","M","M","R","B",null,"M","$","M","?","?","R","?","E","T","?","R","$","M","E","R","B",null,"M","M","?","?","M","R","M","R","T","M","M","R","E","$","R","B","B",null],"character_chosen":"THE_SILENT","items_purchased":["ClockworkSouvenir","Crippling Poison","Footwork","Bouncing Flask","CultistPotion","Footwork+1"],"campfire_rested":4,"item_purchase_floors":[19,19,19,29,48,48],"current_hp_per_floor":[59,54,54,54,54,54,17,17,17,51,51,51,51,48,48,13,53,53,53,31,31,31,65,65,59,59,59,59,59,58,34,66,26,56,49,20,20,66,64,64,37,37,37,41,46,46,54,54,73,38,8],"gold":7,"neow_bonus":"RANDOM_COMMON_RELIC","is_daily":false,"chose_seed":false,"campfire_upgraded":6,"win_rate":0.0,"timestamp":1608314267,"path_taken":["M","?","?","M","M","?","E","?","T","R","E","R","M","M","R","BOSS","M","$","?","?","?","R","?","E","T","?","R","$","M","E","R","BOSS","M","?","?","?","M","R","M","R","T","M","?","R","E","$","R","BOSS","BOSS"],"items_purchased_type":["Relic","Card","Card","Card","Potion","Card"],"build_version":"2020-12-13","purchased_purges":2,"victory":true,"max_hp_per_floor":[66,66,66,66,66,66,66,66,66,66,66,66,66,66,66,66,66,66,66,66,66,66,66,66,66,66,66,66,66,66,66,66,66,66,66,66,66,66,66,66,66,66,66,66,66,66,73,73,73,73,73],"relic_stats":{"Regal Pillow":43,"Nunchaku":[10],"Busted Crown":14,"counters":[24,132],"Pandora\u0027s Box":["Endless Agony","Flechettes","Outmaneuver","Calculated Gamble","Endless Agony","Corpse Explosion","Quick Slash","Blade Dance","Terror","Well Laid Plans"],"Snake Skull":[266],"Smiling Mask":75,"obtain_stats":[{"Regal Pillow":2,"Snake Skull":0,"Frozen Egg 2":25,"Smiling Mask":9,"Ancient Tea Set":43,"White Beast Statue":31,"ClockworkSouvenir":19,"Nunchaku":43,"Matryoshka":26,"Busted Crown":34,"Strawberry":47,"Pandora\u0027s Box":17,"InkBottle":7,"Toy Ornithopter":11,"Ring of the Snake":0},{"Regal Pillow":1,"Snake Skull":0,"Frozen Egg 2":12,"Smiling Mask":5,"Ancient Tea Set":19,"White Beast Statue":14,"ClockworkSouvenir":10,"Nunchaku":19,"Matryoshka":12,"Busted Crown":15,"Strawberry":22,"Pandora\u0027s Box":9,"InkBottle":4,"Toy Ornithopter":6,"Ring of the Snake":0},{"Regal Pillow":4,"Snake Skull":0,"Frozen Egg 2":53,"Smiling Mask":24,"Ancient Tea Set":92,"White Beast Statue":63,"ClockworkSouvenir":44,"Nunchaku":92,"Matryoshka":53,"Busted Crown":75,"Strawberry":109,"Pandora\u0027s Box":42,"InkBottle":19,"Toy Ornithopter":27,"Ring of the Snake":0}],"InkBottle":[56],"Toy Ornithopter":66,"Ring of the Snake":[51]},"card_choices":[{"not_picked":["Quick Slash","Acrobatics"],"picked":"Dash","floor":1.0},{"not_picked":["Slice","Concentrate"],"picked":"Backstab","floor":4.0},{"not_picked":["Endless Agony","Underhanded Strike"],"picked":"Dagger Spray","floor":5.0},{"not_picked":["Distraction","Endless Agony"],"picked":"Backstab","floor":7.0},{"not_picked":["Dagger Spray","Prepared"],"picked":"Blur","floor":8.0},{"not_picked":["Cloak And Dagger","Poisoned Stab"],"picked":"Wraith Form v2","floor":11.0},{"not_picked":["Underhanded Strike","Concentrate"],"picked":"Caltrops","floor":13.0},{"not_picked":["Escape Plan","Bane"],"picked":"Deadly Poison","floor":14.0},{"not_picked":["Venomology","Doppelganger"],"picked":"Envenom","floor":16.0},{"not_picked":["Skewer","Well Laid Plans"],"picked":"Riddle With Holes","floor":18.0},{"not_picked":["Crippling Poison","Flying Knee"],"picked":"Backflip","floor":20.0},{"not_picked":["Sucker Punch+1","Poisoned Stab"],"picked":"Noxious Fumes+1","floor":25.0},{"not_picked":["Expertise+1","Flechettes+1"],"picked":"Leg Sweep+1","floor":30.0},{"not_picked":["Infinite Blades+1","Poisoned Stab"],"picked":"PiercingWail","floor":31.0},{"not_picked":["Envenom+1","A Thousand Cuts+1"],"picked":"Night Terror","floor":33.0},{"not_picked":["PiercingWail"],"picked":"SKIP","floor":35.0},{"not_picked":["Dagger Throw+1"],"picked":"SKIP","floor":36.0},{"not_picked":["Reflex"],"picked":"SKIP","floor":39.0},{"not_picked":["Blade Dance+1"],"picked":"SKIP","floor":41.0},{"not_picked":["Underhanded Strike+1"],"picked":"SKIP","floor":44.0},{"not_picked":[],"picked":"Cloak And Dagger","floor":45.0},{"not_picked":["Bouncing Flask"],"picked":"SKIP","floor":47.0}],"player_experience":799832,"relics_obtained":[{"floor":7.0,"key":"InkBottle"},{"floor":9.0,"key":"Smiling Mask"},{"floor":11.0,"key":"Toy Ornithopter"},{"floor":25.0,"key":"Frozen Egg 2"},{"floor":26.0,"key":"Matryoshka"},{"floor":31.0,"key":"White Beast Statue"},{"floor":43.0,"key":"Nunchaku"},{"floor":43.0,"key":"Ancient Tea Set"},{"floor":47.0,"key":"Strawberry"}],"event_choices":[{"damage_healed":0.0,"max_hp_gain":0.0,"max_hp_loss":0.0,"gold_gain":0.0,"event_name":"Scrap Ooze","player_choice":"Success","floor":2.0,"gold_loss":0.0,"damage_taken":5.0,"relics_obtained":["Regal Pillow"]},{"damage_healed":0.0,"max_hp_gain":0.0,"max_hp_loss":0.0,"gold_gain":0.0,"event_name":"Living Wall","player_choice":"Grow","floor":3.0,"gold_loss":0.0,"damage_taken":0.0,"cards_upgraded":["Neutralize"]},{"damage_healed":0.0,"max_hp_gain":0.0,"max_hp_loss":0.0,"gold_gain":0.0,"event_name":"Upgrade Shrine","player_choice":"Upgraded","floor":6.0,"gold_loss":0.0,"damage_taken":0.0,"cards_upgraded":["Dash"]},{"damage_healed":0.0,"max_hp_gain":0.0,"max_hp_loss":0.0,"gold_gain":50.0,"event_name":"Nest","player_choice":"Stole From Cult","floor":22.0,"gold_loss":0.0,"damage_taken":0.0},{"damage_healed":0.0,"max_hp_gain":0.0,"max_hp_loss":0.0,"gold_gain":0.0,"event_name":"Vampires","player_choice":"Ignored","floor":24.0,"gold_loss":0.0,"damage_taken":0.0},{"damage_healed":0.0,"max_hp_gain":0.0,"max_hp_loss":0.0,"gold_gain":0.0,"event_name":"The Woman in Blue","player_choice":"Bought 1 Potion","floor":27.0,"gold_loss":0.0,"damage_taken":0.0},{"damage_healed":0.0,"max_hp_gain":0.0,"max_hp_loss":0.0,"gold_gain":0.0,"event_name":"Tomb of Lord Red Mask","player_choice":"Ignored","floor":37.0,"gold_loss":0.0,"damage_taken":0.0},{"cards_removed":["Backstab"],"damage_healed":46.0,"max_hp_gain":0.0,"max_hp_loss":0.0,"gold_gain":0.0,"event_name":"Bonfire Elementals","player_choice":"Offered Uncommon","floor":38.0,"gold_loss":0.0,"damage_taken":0.0}],"is_beta":false,"boss_relics":[{"not_picked":["Empty Cage","WristBlade"],"picked":"Pandora\u0027s Box"},{"not_picked":["Astrolabe","HoveringKite"],"picked":"Busted Crown"}],"items_purged_floors":[19,48],"is_endless":false,"potions_floor_spawned":[5,7,14,20,25,33,35,36,39,41,44,45,47],"ascension_level":20}}