{"host":"baymyijz6sxaqj5s","time":1608294636,"event":{"mods":["AchievementEnabler","BaseMod","KOR Keyword Fix","Keyboard Shortcuts","Minty Spire (QoL Compilation)","StSLib"],"gold_per_floor":[112,125,145,164,264,264,280,300,325,355,372,111,131,143,143,241,241,255,274,42,52,65,100,100,0,23,23,56,56,71,83,83,186,186,200,215,215,235,255,255,255],"floor_reached":40,"playtime":2857,"items_purged":["Strike_R","Strike_R"],"score":418,"play_id":"e7e6987f-4128-4616-8fd6-2a551bab016b","local_time":"20201218213036","is_ascension_mode":false,"campfire_choices":[{"data":"Body Slam","floor":6,"key":"SMITH"},{"floor":15,"key":"REST"},{"data":"Impervious","floor":24,"key":"SMITH"},{"floor":27,"key":"REST"},{"data":"Heavy Blade","floor":29,"key":"SMITH"},{"data":"Flex","floor":32,"key":"SMITH"}],"circlet_count":0,"master_deck":["Strike_R+1","Defend_R","Defend_R+1","Defend_R+1","Defend_R","Bash","Body Slam+1","Thunderclap+1","Cleave","Headbutt","Flex+1","Ghostly Armor","Impervious+1","Anger","Sword Boomerang","Feed","Heavy Blade+1","Shrug It Off+1","Double Tap+1","Shame","Dual Wield+1","Armaments+1","Impervious+1","Bludgeon","Entrench+1","Seeing Red+1","Body Slam+1"],"relics":["Burning Blood","Centennial Puzzle","War Paint","Toxic Egg 2","Cursed Key","Vajra","Whetstone","Juzu Bracelet","Red Mask","Empty Cage"],"acts_visited":["Exordium","TheCity","TheBeyond"],"potions_floor_usage":[4,11,13,16,16,18,23,30,31,33,36,36,36,38,39,40],"damage_taken":[{"damage":3,"enemies":"2 Louse","floor":1,"turns":4},{"damage":3,"enemies":"Cultist","floor":2,"turns":5},{"damage":9,"enemies":"Jaw Worm","floor":3,"turns":4},{"damage":5,"enemies":"Looter","floor":4,"turns":3},{"damage":6,"enemies":"Exordium Wildlife","floor":7,"turns":4},{"damage":6,"enemies":"Red Slaver","floor":8,"turns":3},{"damage":50,"enemies":"Gremlin Nob","floor":10,"turns":5},{"damage":6,"enemies":"3 Louse","floor":11,"turns":2},{"damage":2,"enemies":"Looter","floor":13,"turns":3},{"damage":0,"enemies":"2 Fungi Beasts","floor":14,"turns":2},{"damage":38,"enemies":"Hexaghost","floor":16,"turns":8},{"damage":6,"enemies":"3 Byrds","floor":18,"turns":3},{"damage":20,"enemies":"2 Thieves","floor":19,"turns":4},{"damage":0,"enemies":"Snecko","floor":21,"turns":4},{"damage":13,"enemies":"Snake Plant","floor":22,"turns":3},{"damage":24,"enemies":"Book of Stabbing","floor":23,"turns":6},{"damage":6,"enemies":"Masked Bandits","floor":28,"turns":3},{"damage":3,"enemies":"Centurion and Healer","floor":30,"turns":4},{"damage":12,"enemies":"Shelled Parasite and Fungi","floor":31,"turns":4},{"damage":58,"enemies":"Collector","floor":33,"turns":8},{"damage":52,"enemies":"3 Darklings","floor":35,"turns":6},{"damage":0,"enemies":"Orb Walker","floor":36,"turns":2},{"damage":29,"enemies":"Maw","floor":38,"turns":9},{"damage":16,"enemies":"Sphere and 2 Shapes","floor":39,"turns":5},{"damage":37,"enemies":"Reptomancer","floor":40,"turns":3}],"seed_played":"-3775835966552396037","potions_obtained":[{"floor":1,"key":"Explosive Potion"},{"floor":3,"key":"Energy Potion"},{"floor":11,"key":"PowerPotion"},{"floor":13,"key":"DistilledChaos"},{"floor":14,"key":"Weak Potion"},{"floor":16,"key":"AttackPotion"},{"floor":22,"key":"AttackPotion"},{"floor":28,"key":"FearPotion"},{"floor":30,"key":"Regen Potion"},{"floor":31,"key":"CultistPotion"},{"floor":35,"key":"EntropicBrew"},{"floor":38,"key":"DistilledChaos"},{"floor":39,"key":"SkillPotion"}],"is_trial":false,"path_per_floor":["M","M","M","M","?","R","M","M","T","E","M","$","M","M","R","B",null,"M","M","$","M","M","E","R","$","T","R","?","R","M","M","R","B",null,"M","M","?","M","M","E"],"character_chosen":"IRONCLAD","items_purchased":["Toxic Egg 2","Vajra"],"campfire_rested":2,"item_purchase_floors":[12,20],"current_hp_per_floor":[88,88,85,86,86,86,86,86,86,42,42,42,46,52,78,46,88,88,74,74,80,73,55,55,55,55,81,81,81,84,83,83,34,91,45,54,54,31,21,0,0],"gold":255,"neow_bonus":"TEN_PERCENT_HP_BONUS","is_daily":false,"chose_seed":false,"campfire_upgraded":4,"win_rate":0.0,"timestamp":1608294636,"path_taken":["M","M","M","M","?","R","?","M","T","E","M","?","M","M","R","BOSS","M","M","$","M","M","E","R","$","T","R","?","R","M","M","R","BOSS","M","M","?","M","M","E"],"items_purchased_type":["Relic","Relic"],"build_version":"2020-12-13","purchased_purges":2,"victory":false,"max_hp_per_floor":[88,88,88,88,88,88,88,88,88,88,88,88,88,88,88,88,88,88,88,88,88,88,88,88,88,88,88,88,88,88,88,88,91,91,91,94,89,89,89,89,89],"card_choices":[{"not_picked":["Metallicize","Intimidate"],"picked":"Body Slam","floor":1},{"not_picked":["Havoc","Pommel Strike"],"picked":"Thunderclap","floor":2},{"not_picked":["Sever Soul","Anger"],"picked":"Cleave","floor":3},{"not_picked":["Metallicize","Sever Soul"],"picked":"Headbutt","floor":4},{"not_picked":["Feel No Pain","Havoc"],"picked":"Flex","floor":7},{"not_picked":["Burning Pact","Perfected Strike"],"picked":"Ghostly Armor","floor":8},{"not_picked":["Clash","Dark Embrace"],"picked":"Impervious","floor":10},{"not_picked":["Burning Pact","Body Slam"],"picked":"Anger","floor":11},{"not_picked":["Body Slam","Uppercut","Rupture"],"picked":"SKIP","floor":13},{"not_picked":["Anger","Perfected Strike"],"picked":"Sword Boomerang","floor":14},{"not_picked":["Bludgeon","Brutality"],"picked":"Feed","floor":16},{"not_picked":["Clash+1","Clothesline"],"picked":"Heavy Blade","floor":18},{"not_picked":["True Grit+1","Twin Strike+1"],"picked":"Shrug It Off+1","floor":19},{"not_picked":["Inflame+1","Hemokinesis"],"picked":"Double Tap+1","floor":21},{"not_picked":["Anger","Warcry+1","Sword Boomerang"],"picked":"SKIP","floor":22},{"not_picked":["Thunderclap","Warcry+1","Clash"],"picked":"SKIP","floor":23},{"not_picked":["Combust+1","Twin Strike"],"picked":"Dual Wield+1","floor":28},{"not_picked":["Rampage","Sword Boomerang"],"picked":"Armaments+1","floor":30},{"not_picked":["Feel No Pain","Anger"],"picked":"Impervious+1","floor":31},{"not_picked":["Double Tap+1","Fiend Fire"],"picked":"Bludgeon","floor":33},{"not_picked":["Whirlwind+1","Body Slam"],"picked":"Entrench+1","floor":35},{"not_picked":["Dropkick+1","Sword Boomerang"],"picked":"Seeing Red+1","floor":36},{"not_picked":["Flex+1","Sword Boomerang","Immolate"],"picked":"SKIP","floor":38},{"not_picked":["Pommel Strike","Burning Pact+1"],"picked":"Body Slam+1","floor":39}],"player_experience":133611,"relics_obtained":[{"floor":9,"key":"Centennial Puzzle"},{"floor":10,"key":"War Paint"},{"floor":23,"key":"Whetstone"},{"floor":26,"key":"Juzu Bracelet"},{"floor":28,"key":"Red Mask"}],"event_choices":[{"damage_healed":0,"gold_gain":100,"player_choice":"Pray","damage_taken":0,"max_hp_gain":0,"max_hp_loss":0,"event_name":"Golden Shrine","floor":5,"gold_loss":0},{"damage_healed":0,"gold_gain":0,"player_choice":"Fought Bandits","damage_taken":0,"max_hp_gain":0,"max_hp_loss":0,"event_name":"Masked Bandits","floor":28,"gold_loss":0},{"damage_healed":0,"gold_gain":0,"player_choice":"Max HP","damage_taken":0,"max_hp_gain":0,"max_hp_loss":5,"event_name":"Winding Halls","floor":37,"gold_loss":0}],"is_beta":false,"boss_relics":[{"not_picked":["Philosopher\u0027s Stone","Runic Dome"],"picked":"Cursed Key"},{"not_picked":["Black Star","Mark of Pain"],"picked":"Empty Cage"}],"items_purged_floors":[20,25],"is_endless":false,"potions_floor_spawned":[1,3,11,13,14,16,22,28,30,31,35,38,39],"killed_by":"Reptomancer","ascension_level":0}}