{"host":"a7kkotolxcg5vljr","time":1608306280,"event":{"mods":["2.2 Compatiblity","AchievementEnabler","Act Like it!","BaseMod","Better Altar","Better Skull","Better Third Choice","Colored Map","Colored Powertips","Downfall","Hermit","Highlight Path","Marisa????????","Minty Spire (QoL Compilation)","Quick Restart","Rare Cards Sparkle","Replay The Spire","Spicy Shops","StSLib","The Cursed","The Disciple","The Servant 0.9.4"],"gold_per_floor":[114,114,91,91,22,22,50,50,99,119,129,129,57,76,76,174,174,194,212,212,212,229,229,229,229,229,247,272,272,272,272],"floor_reached":30,"playtime":1048,"items_purged":["Writhe"],"score":271,"play_id":"75845de5-4123-496a-8d96-e7373608d1d1","local_time":"20201218104440","is_ascension_mode":false,"campfire_choices":[{"floor":6,"key":"RECALL"},{"data":"Crystallizer","floor":12,"key":"SMITH"},{"data":"Defragment","floor":15,"key":"SMITH"},{"floor":23,"key":"REST"}],"circlet_count":0,"master_deck":["Strike_B","Strike_B","Strike_B","Strike_B","Defend_B","Defend_B+1","Defend_B+1","Defend_B","Zap","Dualcast","Self Repair","Beam Cell","Beam Cell","Ball Lightning","Crystallizer+1","Defragment+1","Compile Driver","Creative AI","Go for the Eyes","Panic Button+1","Stack","Conserve Battery","Hologram"],"relics":["ChewingGum","Symbiotic Virus","ReplayTheSpireMod:CursedCoin","Replay:Antivirus Software","Boot","SacredBark","MutagenicStrength","InkBottle","Omamori","Simple Rune"],"acts_visited":["Exordium","TheCity"],"potions_floor_usage":[7,16,19,28,30],"damage_taken":[{"damage":2,"enemies":"Cultist","floor":1,"turns":5},{"damage":32,"enemies":"Lagavulin","floor":7,"turns":8},{"damage":2,"enemies":"2 Louse","floor":10,"turns":2},{"damage":1,"enemies":"Jaw Worm","floor":11,"turns":2},{"damage":5,"enemies":"Looter","floor":14,"turns":2},{"damage":26,"enemies":"Fading Forest","floor":16,"turns":11},{"damage":14,"enemies":"Chosen","floor":18,"turns":5},{"damage":18,"enemies":"Shell Parasite","floor":19,"turns":3},{"damage":50,"enemies":"Sentry and Sphere","floor":22,"turns":6},{"damage":34,"enemies":"Chosen and Byrds","floor":27,"turns":6},{"damage":32,"enemies":"Book of Stabbing","floor":28,"turns":5},{"damage":20,"enemies":"Shelled Parasite and Fungi","floor":30,"turns":5}],"seed_played":"4636440956517765449","potions_obtained":[{"floor":1,"key":"SkillPotion"},{"floor":11,"key":"Strength Potion"},{"floor":16,"key":"Slimebound:ThreeZeroPotion"},{"floor":27,"key":"Fire Potion"},{"floor":28,"key":"FocusPotion"}],"is_trial":false,"path_per_floor":["M","T","$","?","$","R","E","?","T","M","M","R","$","M","R","B",null,"M","M","?","?","M","R","T","?","T","M","E","?","M"],"character_chosen":"DEFECT","items_purchased":["Beam Cell","ReplayTheSpireMod:CursedCoin","Replay:Antivirus Software","Defragment"],"campfire_rested":1,"item_purchase_floors":[3,5,5,13],"current_hp_per_floor":[73,73,73,73,73,73,48,48,48,53,59,59,59,54,54,35,75,68,57,57,57,14,36,36,61,61,34,9,9,0,0],"gold":272,"neow_bonus":"BOSS_RELIC","is_daily":false,"chose_seed":false,"campfire_upgraded":2,"win_rate":0.0,"timestamp":1608306280,"path_taken":["M","?","$","?","$","R","E","?","T","M","M","R","?","M","R","BOSS","M","M","?","?","M","R","?","?","T","M","E","?","M"],"items_purchased_type":["Card","Relic","Relic","Card"],"build_version":"2020-12-13","purchased_purges":1,"victory":false,"max_hp_per_floor":[75,75,75,75,75,75,75,75,75,75,75,75,75,75,75,75,75,75,75,75,75,75,75,75,75,75,75,75,75,75,75],"card_choices":[{"not_picked":["BasicCrystalCard","Leap"],"picked":"Self Repair","floor":1},{"not_picked":["Steam Power","Hello World"],"picked":"Beam Cell","floor":7},{"not_picked":["Melter","Reprogram"],"picked":"Ball Lightning","floor":10},{"not_picked":["Leap","Coolheaded"],"picked":"Crystallizer","floor":11},{"not_picked":["Machine Learning","Stack"],"picked":"Compile Driver","floor":14},{"not_picked":["Machine Learning","ReplayTheSpireMod:Fabricate Wheel"],"picked":"Creative AI","floor":16},{"not_picked":["Beam Cell","Turbo"],"picked":"Go for the Eyes","floor":18},{"not_picked":["Compile Driver","ReplaySort"],"picked":"Panic Button+1","floor":19},{"not_picked":["Steam","Turbo"],"picked":"Stack","floor":22},{"not_picked":["Capacitor","Melter"],"picked":"Conserve Battery","floor":27},{"not_picked":["ReplayTheSpireMod:Omega Cannon","Reprogram"],"picked":"Hologram","floor":28}],"player_experience":356944,"relics_obtained":[{"floor":2,"key":"Symbiotic Virus"},{"floor":7,"key":"Boot"},{"floor":24,"key":"InkBottle"},{"floor":26,"key":"Omamori"},{"floor":28,"key":"Simple Rune"}],"event_choices":[{"damage_healed":0,"gold_gain":0,"player_choice":"Ignored","damage_taken":0,"max_hp_gain":0,"max_hp_loss":0,"event_name":"Golden Wing","floor":4,"gold_loss":0},{"damage_healed":0,"gold_gain":0,"player_choice":"Inject Mutagens","damage_taken":0,"relics_obtained":["MutagenicStrength"],"max_hp_gain":0,"max_hp_loss":0,"event_name":"Drug Dealer","floor":20,"gold_loss":0},{"damage_healed":0,"gold_gain":0,"player_choice":"Ignored","damage_taken":0,"max_hp_gain":0,"max_hp_loss":0,"event_name":"Ghosts","floor":21,"gold_loss":0},{"damage_healed":25,"gold_gain":0,"player_choice":"Heal","damage_taken":0,"max_hp_gain":0,"max_hp_loss":0,"event_name":"The Library","floor":25,"gold_loss":0},{"damage_healed":0,"gold_gain":0,"player_choice":"Ignored","damage_taken":0,"max_hp_gain":0,"max_hp_loss":0,"event_name":"Beggar","floor":29,"gold_loss":0}],"is_beta":false,"boss_relics":[{"not_picked":["Empty Cage","Replay:Wanted Poster"],"picked":"SacredBark"}],"items_purged_floors":[5],"is_endless":false,"potions_floor_spawned":[1,11,16,27,28],"killed_by":"Shelled Parasite and Fungi","ascension_level":0}}