{"host":"njruw0b0uprlitpx","time":1608276025,"event":{"mods":["2.2 Compatiblity","BaseMod","Better Altar","Better Note","Better Sensory Stone","Better Skull","Better Third Choice","BetterRewards","Block Reminder","Colored Map","Colored Powertips","Jedi Mod","Keyboard Shortcuts","Magitek Elite","Minty Spire (QoL Compilation)","Quick Restart","Relic Stats","Replay The Spire","SacredBarkPlus","Spicy Shops","StSLib","SuperFastMode","Wandering Minibosses"],"gold_per_floor":[144,144,189,234,279,279,369,369,394,484,529,704,71,161,161,461,461,506,6,6,51,96,186,186,86,86,131,176,176,221,221,221,521,621,666,666,711,349,394,394,394,394,419,419,419],"floor_reached":46,"playtime":1470,"items_purged":["Doubt","Decay","ReplayTheSpireMod:Doomed"],"score":783,"play_id":"a47091a5-3aaa-4aba-a222-7b6d79738f59","local_time":"20201218012025","daily_mods":["Draft","Colorless Cards","Midas"],"is_ascension_mode":false,"campfire_choices":[{"floor":6.0,"key":"REST"},{"floor":8.0,"key":"REST"},{"floor":15.0,"key":"REST"},{"floor":29.0,"key":"REST"},{"floor":32.0,"key":"REST"},{"floor":40,"key":"REST"},{"floor":42,"key":"REST"}],"circlet_count":0,"master_deck":["BattleHymn","SashWhip","CrushJoints","Wallop","Indignation","ClearTheMind","Protect","Crescendo","Halt","EmptyBody","ThirdEye","FlurryOfBlows","CutThroughFate","FollowUp","Weave","JustLucky","FollowUp","FlyingSleeves","LikeWater","Prostrate","Ragnarok","CutThroughFate","CutThroughFate","Replay:Battleflow","Vault","Replay:BluntJabs","WindmillStrike","Vault","SashWhip","InnerPeace","Discovery","CrushJoints+1","CrushJoints+1","Crescendo","BowlingBash","Devotion","Replay:BasicMightCard","Hallucinations","Flash of Steel+1","Conclude","jedi:LeechingStrike","Replay:Parry+1"],"relics":["PureWater","Akabeko","Damaru","Ribbon","Replay:Wax Seal","Lee\u0027s Waffle","PreservedInsect","MealTicket","Torii","Runic Dome","BargainBundle","jedi:matchstick","Sling","Garlic","ReplayTheSpireMod:CursedCoin","Mirror","Matryoshka","Replay:Wanted Poster","ReplayTheSpireMod:Ring of Exchange","Replay:Baseball","Mythril_Glove"],"acts_visited":["Exordium","TheCity","TheBeyond"],"potions_floor_usage":[45,45],"damage_taken":[{"damage":0.0,"enemies":"Small Slimes","floor":1.0,"turns":2.0},{"damage":0.0,"enemies":"Cultist","floor":3.0,"turns":2.0},{"damage":0.0,"enemies":"2 Louse","floor":4.0,"turns":2.0},{"damage":3.0,"enemies":"Blue Slaver","floor":5.0,"turns":2.0},{"damage":4.0,"enemies":"Replay:BlueRogue","floor":7.0,"turns":3.0},{"damage":21.0,"enemies":"3 Sentries","floor":10.0,"turns":3.0},{"damage":10.0,"enemies":"Exordium Thugs","floor":11.0,"turns":3.0},{"damage":0.0,"enemies":"Gremlin Nob","floor":14.0,"turns":2.0},{"damage":20.0,"enemies":"The Guardian","floor":16.0,"turns":4.0},{"damage":10.0,"enemies":"3 Byrds","floor":18.0,"turns":4.0},{"damage":0.0,"enemies":"2 Thieves","floor":21.0,"turns":2.0},{"damage":22.0,"enemies":"Centurion and Healer","floor":22.0,"turns":4.0},{"damage":0.0,"enemies":"Gremlin Leader","floor":23.0,"turns":2.0},{"damage":0.0,"enemies":"3 Cultists","floor":27.0,"turns":3.0},{"damage":8.0,"enemies":"Shelled Parasite and Fungi","floor":28.0,"turns":4.0},{"damage":0.0,"enemies":"Snecko","floor":30.0,"turns":3.0},{"damage":60.0,"enemies":"Collector","floor":33.0,"turns":6.0},{"damage":0,"enemies":"Orb Walker","floor":35,"turns":3},{"damage":21,"enemies":"3 Darklings","floor":37,"turns":4},{"damage":35,"enemies":"4 Shapes","floor":39,"turns":3},{"damage":35,"enemies":"Time Eater","floor":45,"turns":6}],"seed_played":"4511563792049188764","potions_obtained":[{"floor":1.0,"key":"Energy Potion"},{"floor":4.0,"key":"Fire Potion"},{"floor":11.0,"key":"BlessingOfTheForge"},{"floor":39,"key":"Block Potion"}],"is_trial":false,"path_per_floor":["M","?","M","M","M","R","E","R","T","E","M","?","$","E","R","B",null,"M","$","?","M","M","E","?","$","T","M","M","R","M","?","R","B",null,"M","?","M","$","M","R","?","R","T","?","B",null],"character_chosen":"WATCHER","items_purchased":["Replay:Wax Seal","Lee\u0027s Waffle","PreservedInsect","MealTicket","Ragnarok","CutThroughFate","BargainBundle","jedi:matchstick","LiquidMemories","Ancient Potion","Sling","WindmillStrike","ReplayTheSpireMod:CursedCoin","Mirror","Conclude","jedi:LeechingStrike"],"campfire_rested":7,"item_purchase_floors":[13,13,13,13,13,13,19,19,19,19,19,19,25,25,38,38],"current_hp_per_floor":[72,72,72,72,69,72,68,72,72,51,41,41,79,79,79,59,79,69,79,79,79,57,57,57,72,72,72,64,79,79,79,79,19,79,79,79,58,73,38,61,61,79,79,79,44],"gold":419,"neow_bonus":"","is_daily":true,"chose_seed":false,"campfire_upgraded":0,"win_rate":0.0,"timestamp":1608276025,"path_taken":["M","?","M","M","?","R","E","R","T","E","M","?","$","E","R","BOSS","M","$","?","M","?","E","?","?","T","?","M","R","?","?","R","BOSS","M","?","M","$","M","R","?","R","T","?","BOSS"],"items_purchased_type":["Relic","Relic","Relic","Relic","Card","Card","Relic","Relic","Potion","Potion","Relic","Card","Relic","Relic","Card","Card"],"build_version":"2020-12-13","purchased_purges":3,"victory":true,"max_hp_per_floor":[72,72,72,72,72,72,72,72,72,72,72,72,79,79,79,79,79,79,79,79,79,79,79,79,79,79,79,79,79,79,79,79,79,79,79,79,79,79,79,79,79,79,79,79,79],"relic_stats":{"Lee\u0027s Waffle":38,"Torii":9,"counters":[21,67],"MealTicket":40,"PreservedInsect":65,"obtain_stats":[{"ReplayTheSpireMod:Ring of Exchange":36,"Lee\u0027s Waffle":13,"BargainBundle":19,"Torii":14,"ReplayTheSpireMod:CursedCoin":25,"Damaru":9,"PreservedInsect":13,"Mythril_Glove":43,"Sling":19,"Akabeko":7,"Replay:Wanted Poster":34,"Runic Dome":17,"Replay:Baseball":43,"Matryoshka":26,"Ribbon":10,"MealTicket":13,"jedi:matchstick":19,"Garlic":23,"PureWater":0,"Replay:Wax Seal":13,"Mirror":25},{"ReplayTheSpireMod:Ring of Exchange":18,"Lee\u0027s Waffle":7,"BargainBundle":10,"Torii":8,"ReplayTheSpireMod:CursedCoin":13,"Damaru":5,"PreservedInsect":7,"Mythril_Glove":20,"Sling":10,"Akabeko":5,"Replay:Wanted Poster":17,"Runic Dome":9,"Replay:Baseball":20,"Matryoshka":13,"Ribbon":6,"MealTicket":7,"jedi:matchstick":10,"Garlic":13,"PureWater":0,"Replay:Wax Seal":7,"Mirror":13},{"ReplayTheSpireMod:Ring of Exchange":54,"Lee\u0027s Waffle":17,"BargainBundle":27,"Torii":19,"ReplayTheSpireMod:CursedCoin":35,"Damaru":11,"PreservedInsect":17,"Mythril_Glove":61,"Sling":27,"Akabeko":11,"Replay:Wanted Poster":51,"Runic Dome":23,"Replay:Baseball":61,"Matryoshka":35,"Ribbon":14,"MealTicket":17,"jedi:matchstick":27,"Garlic":35,"PureWater":0,"Replay:Wax Seal":17,"Mirror":35}]},"card_choices":[{"not_picked":["Replay:DivineShield","Nirvana"],"picked":"BattleHymn","floor":0.0},{"not_picked":["ReplayTheSpireMod:Private Reserves","Evaluate"],"picked":"SashWhip","floor":0.0},{"not_picked":["Replay:AtTheReady","Halt"],"picked":"CrushJoints","floor":0.0},{"not_picked":["Replay:ManipulateFuture","Protect"],"picked":"Wallop","floor":0.0},{"not_picked":["ReachHeaven","Replay:Sssssssssshield"],"picked":"Indignation","floor":0.0},{"not_picked":["WreathOfFlame","SashWhip"],"picked":"ClearTheMind","floor":0.0},{"not_picked":["Madness","JustLucky"],"picked":"Protect","floor":0.0},{"not_picked":["Replay:BasicMightCard","Conclude"],"picked":"Crescendo","floor":0.0},{"not_picked":["Replay:ManipulateFuture","Protect"],"picked":"Halt","floor":0.0},{"not_picked":["Collect","Protect"],"picked":"EmptyBody","floor":0.0},{"not_picked":["EmptyFist","ClearTheMind"],"picked":"ThirdEye","floor":0.0},{"not_picked":["Replay:ManipulateFuture","jedi:forcepush"],"picked":"FlurryOfBlows","floor":0.0},{"not_picked":["Prostrate","ClearTheMind"],"picked":"CutThroughFate","floor":0.0},{"not_picked":["JustLucky","Evaluate"],"picked":"FollowUp","floor":0.0},{"not_picked":["Vengeance","FollowUp"],"picked":"Weave","floor":0.0},{"not_picked":["Prostrate","DeceiveReality"],"picked":"JustLucky","floor":1.0},{"not_picked":["Consecrate","Replay:AtTheReady"],"picked":"FollowUp","floor":3.0},{"not_picked":["BattleHymn","Pray","Replay:AtTheReady"],"picked":"SKIP","floor":4.0},{"not_picked":["Forethought","Replay:Bootleg Shield Generator","Crescendo"],"picked":"SKIP","floor":5.0},{"not_picked":["ThirdEye","Panacea"],"picked":"FlyingSleeves","floor":7.0},{"not_picked":["Mayhem","Adaptation"],"picked":"LikeWater","floor":10.0},{"not_picked":["Replay:ManipulateFuture","FlurryOfBlows"],"picked":"Prostrate","floor":11.0},{"not_picked":["FlurryOfBlows","PathToVictory"],"picked":"Replay:Battleflow","floor":14.0},{"not_picked":["Metamorphosis","DevaForm"],"picked":"Vault","floor":16.0},{"not_picked":["Replay:AtTheReady","WaveOfTheHand"],"picked":"Replay:BluntJabs","floor":18.0},{"not_picked":["Halt","Replay:AtTheReady"],"picked":"SashWhip","floor":21.0},{"not_picked":["Wireheading+1","Deep Breath"],"picked":"InnerPeace","floor":22.0},{"not_picked":["Consecrate","Replay:ManipulateFuture+1"],"picked":"Discovery","floor":23.0},{"not_picked":["PathToVictory","Halt"],"picked":"CrushJoints+1","floor":27.0},{"not_picked":["Mayhem","WindmillStrike"],"picked":"CrushJoints+1","floor":28.0},{"not_picked":["ThirdEye","FollowUp"],"picked":"Crescendo","floor":30.0},{"not_picked":["jedi:nirvanicrebirth","Apotheosis"],"picked":"Devotion","floor":33.0},{"not_picked":["Replay:AtTheReady+1","EmptyBody+1"],"picked":"Replay:BasicMightCard","floor":35},{"not_picked":["Halt+1","Crescendo"],"picked":"Flash of Steel+1","floor":37},{"not_picked":["Swift Strike","Replay:AtTheReady+1"],"picked":"Replay:Parry+1","floor":39}],"player_experience":1021682,"relics_obtained":[{"floor":7.0,"key":"Akabeko"},{"floor":9.0,"key":"Damaru"},{"floor":10.0,"key":"Ribbon"},{"floor":14.0,"key":"Torii"},{"floor":23.0,"key":"Garlic"},{"floor":26.0,"key":"Matryoshka"},{"floor":36,"key":"ReplayTheSpireMod:Ring of Exchange"},{"floor":43,"key":"Replay:Baseball"},{"floor":43,"key":"Mythril_Glove"}],"event_choices":[{"damage_healed":0.0,"max_hp_gain":0.0,"max_hp_loss":0.0,"gold_gain":0.0,"event_name":"Wheel of Change","player_choice":"Cursed","floor":2.0,"gold_loss":0.0,"damage_taken":0.0,"cards_obtained":["Decay"]},{"damage_healed":0.0,"max_hp_gain":0.0,"max_hp_loss":0.0,"gold_gain":175.0,"event_name":"betterThird:BetterSerpent","player_choice":"AGREE","floor":12.0,"gold_loss":0.0,"damage_taken":529.0},{"damage_healed":0.0,"max_hp_gain":0.0,"max_hp_loss":0.0,"gold_gain":0.0,"event_name":"Duplicator","player_choice":"Copied","floor":20.0,"gold_loss":0.0,"damage_taken":0.0,"cards_obtained":["Vault"]},{"damage_healed":0.0,"max_hp_gain":0.0,"max_hp_loss":0.0,"gold_gain":0.0,"event_name":"Beggar","player_choice":"Ignored","floor":24.0,"gold_loss":0.0,"damage_taken":0.0},{"damage_healed":0.0,"max_hp_gain":0.0,"max_hp_loss":0.0,"gold_gain":0.0,"event_name":"The Library","player_choice":"Read","floor":31.0,"gold_loss":0.0,"damage_taken":0.0,"cards_obtained":["BowlingBash"]},{"damage_healed":0,"gold_gain":0,"player_choice":"Ignored","damage_taken":0,"max_hp_gain":0,"max_hp_loss":0,"event_name":"Tomb of Lord Red Mask","floor":41,"gold_loss":0},{"damage_healed":0,"gold_gain":0,"player_choice":"Portal","damage_taken":0,"max_hp_gain":0,"max_hp_loss":0,"event_name":"betterThird:BetterPortal","floor":44,"gold_loss":0}],"is_beta":false,"boss_relics":[{"not_picked":["Ectoplasm","Replay:Bronze Core"],"picked":"Runic Dome"},{"not_picked":["Philosopher\u0027s Stone","ChewingGum"],"picked":"Replay:Wanted Poster"}],"items_purged_floors":[13,19,38],"is_endless":false,"potions_floor_spawned":[1,4,11,21,22,23,28,39],"ascension_level":0}}