{"host":"brlhu57vzmgrzvkq","time":1608334943,"event":{"mods":["AchievementEnabler","BaseMod","Colored Map","Hermit","Minty Spire (QoL Compilation)","StSLib","SuperFastMode","The Cursed"],"gold_per_floor":[116,128,143,33,33,33,33,33,33,62,62,82,82,100,100,199,199,209,222,172,186,11,11,40,3,3,103,116,126,137,151,151,251,251,269,282,282,282,2,2,13,44,44,74,74,74,86,98,98,98],"floor_reached":51,"playtime":5189,"items_purged":["Strike_G","Strike_G","Jack Of All Trades"],"score":799,"play_id":"d954dc98-28f1-4d1a-b087-aee12fcd22e3","local_time":"20201218164223","is_ascension_mode":true,"campfire_choices":[{"floor":6,"key":"REST"},{"data":"Neutralize","floor":8,"key":"SMITH"},{"floor":15,"key":"REST"},{"data":"Adrenaline","floor":23,"key":"SMITH"},{"data":"Malaise","floor":32,"key":"SMITH"},{"data":"Footwork","floor":40,"key":"SMITH"},{"data":"PiercingWail","floor":46,"key":"SMITH"},{"data":"Die Die Die","floor":49,"key":"SMITH"}],"circlet_count":0,"master_deck":["Strike_G","Strike_G","Strike_G+1","Defend_G","Defend_G","Defend_G","Defend_G+1","Defend_G","Survivor","Neutralize+1","Dash","Noxious Fumes+1","Caltrops+1","Quick Slash","Flying Knee","Noxious Fumes","Adrenaline+1","PiercingWail+1","Backflip+1","Noxious Fumes","Malaise+1","Leg Sweep","Footwork+1","Noxious Fumes","Venomology","CurseOfTheBell","PiercingWail+1","Footwork+1","Terror+1","Die Die Die+1"],"relics":["Ring of the Snake","Regal Pillow","Question Card","Boot","Ninja Scroll","Coffee Dripper","Lantern","Pantograph","Calling Bell","Toy Ornithopter","Kunai","Ginger","Sling","PreservedInsect","White Beast Statue","MealTicket","Bottled Lightning"],"acts_visited":["Exordium","TheCity","TheBeyond"],"potions_floor_usage":[24,31,33,33,36,41,42,44,47,48,50,50],"damage_taken":[{"damage":15,"enemies":"Cultist","floor":1,"turns":5},{"damage":5,"enemies":"Jaw Worm","floor":2,"turns":5},{"damage":0,"enemies":"2 Louse","floor":3,"turns":2},{"damage":13,"enemies":"3 Sentries","floor":10,"turns":8},{"damage":0,"enemies":"Exordium Thugs","floor":12,"turns":4},{"damage":8,"enemies":"Large Slime","floor":14,"turns":4},{"damage":9,"enemies":"Hexaghost","floor":16,"turns":8},{"damage":17,"enemies":"2 Thieves","floor":18,"turns":4},{"damage":18,"enemies":"Spheric Guardian","floor":19,"turns":5},{"damage":8,"enemies":"Snecko","floor":21,"turns":5},{"damage":0,"enemies":"Gremlin Leader","floor":24,"turns":6},{"damage":2,"enemies":"Centurion and Healer","floor":28,"turns":7},{"damage":10,"enemies":"Shelled Parasite and Fungi","floor":29,"turns":5},{"damage":0,"enemies":"Snecko","floor":30,"turns":7},{"damage":5,"enemies":"Centurion and Healer","floor":31,"turns":7},{"damage":33,"enemies":"Collector","floor":33,"turns":9},{"damage":28,"enemies":"3 Darklings","floor":35,"turns":7},{"damage":0,"enemies":"3 Shapes","floor":36,"turns":4},{"damage":0,"enemies":"Writhing Mass","floor":41,"turns":7},{"damage":13,"enemies":"Nemesis","floor":42,"turns":9},{"damage":22,"enemies":"Reptomancer","floor":44,"turns":7},{"damage":21,"enemies":"Jaw Worm Horde","floor":47,"turns":4},{"damage":39,"enemies":"Spire Growth","floor":48,"turns":7},{"damage":8,"enemies":"Awakened One","floor":50,"turns":19}],"seed_played":"2209288966634474089","potions_obtained":[{"floor":1,"key":"SteroidPotion"},{"floor":2,"key":"Dexterity Potion"},{"floor":14,"key":"DistilledChaos"},{"floor":28,"key":"Regen Potion"},{"floor":31,"key":"Energy Potion"},{"floor":35,"key":"Weak Potion"},{"floor":44,"key":"FairyPotion"},{"floor":47,"key":"DuplicationPotion"},{"floor":48,"key":"Energy Potion"}],"is_trial":false,"path_per_floor":["M","M","M","$","?","R","?","R","T","E","?","M","?","M","R","B",null,"M","M","?","M","$","R","E","$","T","?","M","M","M","M","R","B",null,"M","M","?","?","$","R","M","E","T","E","T","R","M","M","R","B",null],"character_chosen":"THE_SILENT","items_purchased":["Caltrops","Noxious Fumes","Leg Sweep","Sling"],"campfire_rested":2,"item_purchase_floors":[4,22,25,39],"current_hp_per_floor":[55,50,50,50,36,70,58,58,58,45,45,45,45,37,70,61,70,53,35,35,27,27,27,27,27,27,27,25,15,15,10,10,17,70,42,47,47,47,47,47,52,44,44,27,27,27,11,7,7,34],"gold":98,"neow_bonus":"RANDOM_COMMON_RELIC","is_daily":false,"chose_seed":false,"campfire_upgraded":6,"win_rate":0.0,"timestamp":1608334943,"path_taken":["M","M","M","$","?","R","?","R","T","E","?","M","?","?","R","BOSS","M","M","?","M","?","R","E","$","T","?","M","M","?","M","R","BOSS","M","?","?","?","$","R","?","E","T","E","?","R","M","M","R","BOSS"],"items_purchased_type":["Card","Card","Card","Relic"],"build_version":"2020-12-13","purchased_purges":3,"victory":true,"max_hp_per_floor":[70,70,70,70,70,70,70,70,70,70,70,70,70,70,70,70,70,70,70,70,70,70,70,70,70,70,70,70,70,70,70,70,70,70,70,70,70,70,70,70,70,70,70,70,70,70,70,70,70,70],"card_choices":[{"not_picked":["Well Laid Plans","Cloak And Dagger"],"picked":"Dash","floor":1},{"not_picked":["Blade Dance","Flying Knee"],"picked":"Noxious Fumes","floor":2},{"not_picked":["Cloak And Dagger","Outmaneuver","Bane"],"picked":"SKIP","floor":3},{"not_picked":["Escape Plan","Choke","Calculated Gamble"],"picked":"Quick Slash","floor":10},{"not_picked":["Tactician","Prepared","Sucker Punch"],"picked":"Flying Knee","floor":12},{"not_picked":["Reflex","Infinite Blades","PiercingWail"],"picked":"Noxious Fumes","floor":14},{"not_picked":["Doppelganger","Glass Knife","Envenom"],"picked":"Adrenaline","floor":16},{"not_picked":["Outmaneuver","Predator","Dodge and Roll","Sucker Punch"],"picked":"SKIP","floor":18},{"not_picked":["Distraction","Flying Knee+1","Dagger Throw"],"picked":"PiercingWail","floor":19},{"not_picked":["Dagger Throw","Accuracy","Poisoned Stab"],"picked":"Backflip+1","floor":21},{"not_picked":["Slice","Prepared","Cloak And Dagger"],"picked":"Malaise","floor":24},{"not_picked":["Finisher+1","Sucker Punch","Outmaneuver","Calculated Gamble"],"picked":"SKIP","floor":28},{"not_picked":["Dash+1","Dodge and Roll","Predator+1"],"picked":"Footwork","floor":29},{"not_picked":["Quick Slash","Endless Agony","Acrobatics+1"],"picked":"Noxious Fumes","floor":30},{"not_picked":["Quick Slash","Deadly Poison","Dagger Throw","Slice+1"],"picked":"SKIP","floor":31},{"not_picked":["Corpse Explosion","Phantasmal Killer","Bullet Time"],"picked":"Venomology","floor":33},{"not_picked":["Skewer","Caltrops","Dodge and Roll","Backflip"],"picked":"SKIP","floor":35},{"not_picked":["Footwork","Slice","Cloak And Dagger"],"picked":"PiercingWail+1","floor":36},{"not_picked":["Bane+1","Infinite Blades+1","Slice+1"],"picked":"Footwork+1","floor":41},{"not_picked":["Envenom","Flying Knee","Glass Knife","Cloak And Dagger"],"picked":"SKIP","floor":42},{"not_picked":["Acrobatics+1","Dagger Spray+1","Dodge and Roll"],"picked":"Terror+1","floor":44},{"not_picked":["Deflect+1","Dagger Spray","Finisher+1","Acrobatics+1"],"picked":"SKIP","floor":47},{"not_picked":["Masterful Stab","Underhanded Strike","Deadly Poison"],"picked":"Die Die Die","floor":48}],"player_experience":66268,"relics_obtained":[{"floor":9,"key":"Boot"},{"floor":10,"key":"Ninja Scroll"},{"floor":24,"key":"Lantern"},{"floor":26,"key":"Pantograph"},{"floor":34,"key":"Toy Ornithopter"},{"floor":34,"key":"Kunai"},{"floor":34,"key":"Ginger"},{"floor":42,"key":"PreservedInsect"},{"floor":43,"key":"White Beast Statue"},{"floor":44,"key":"MealTicket"},{"floor":45,"key":"Bottled Lightning"}],"event_choices":[{"damage_healed":0,"gold_gain":0,"player_choice":"Entered Light","damage_taken":14,"max_hp_gain":0,"max_hp_loss":0,"event_name":"Shining Light","floor":5,"gold_loss":0,"cards_upgraded":["Strike_G","Defend_G"]},{"damage_healed":0,"gold_gain":0,"player_choice":"Success","damage_taken":12,"relics_obtained":["Question Card"],"max_hp_gain":0,"max_hp_loss":0,"event_name":"Scrap Ooze","floor":7,"gold_loss":0},{"damage_healed":0,"gold_gain":0,"player_choice":"Grow","damage_taken":0,"max_hp_gain":0,"max_hp_loss":0,"event_name":"Living Wall","floor":11,"gold_loss":0,"cards_upgraded":["Caltrops"]},{"damage_healed":0,"gold_gain":0,"player_choice":"Upgraded","damage_taken":0,"max_hp_gain":0,"max_hp_loss":0,"event_name":"Upgrade Shrine","floor":13,"gold_loss":0,"cards_upgraded":["Noxious Fumes"]},{"damage_healed":0,"gold_gain":0,"player_choice":"Bet on Murderer","damage_taken":0,"max_hp_gain":0,"max_hp_loss":0,"event_name":"The Joust","floor":20,"gold_loss":50},{"damage_healed":0,"gold_gain":100,"player_choice":"Pray","damage_taken":0,"max_hp_gain":0,"max_hp_loss":0,"event_name":"Golden Shrine","floor":27,"gold_loss":0},{"damage_healed":0,"gold_gain":0,"player_choice":"Memory 1","damage_taken":0,"max_hp_gain":0,"max_hp_loss":0,"event_name":"SensoryStone","floor":37,"gold_loss":0},{"damage_healed":0,"gold_gain":0,"player_choice":"1 cards matched","damage_taken":0,"max_hp_gain":0,"max_hp_loss":0,"event_name":"Match and Keep!","floor":38,"gold_loss":0,"cards_obtained":["Jack Of All Trades"]}],"is_beta":false,"boss_relics":[{"not_picked":["Runic Pyramid","Ring of the Serpent"],"picked":"Coffee Dripper"},{"not_picked":["Empty Cage","Velvet Choker"],"picked":"Calling Bell"}],"items_purged_floors":[4,22,39],"is_endless":false,"potions_floor_spawned":[1,2,14,16,18,19,21,28,31,35,44,47,48],"ascension_level":2}}