{"host":"yfjjw6nzi6ujtde1","time":1608292995,"event":{"mods":["2.2 Compatiblity","Act Like it!","BaseMod","Better Match","Colored Powertips","Downfall","Friendly Minions","Gensokyo","Hallownest","HololiveMod","Koishi","Marisa（F雨　魔理沙）","Minty Spire (QoL Compilation)","Quick Restart","Rare Cards Sparkle","Replay The Spire","StSLib","Td1madao Mod","The Gatherer","The Runesmith","The Senshi","The Servant 0.9.4","WarShipGirlsR/战舰少女R mod"],"gold_per_floor":[109,109,109,109,120,153,173,173,196,227,227,245,276,292,292,390,390,400,426,426,445,445,445,478,478,478,478,478,493,507,534,534,580,580,713,713,764,262,186,240,140,140,183,246,270,47,99,99,99,160,160,192,192],"floor_reached":52,"playtime":3271,"items_purged":["Specialist"],"score":587,"play_id":"4f374180-e9f5-4490-a23d-623b154fb3aa","local_time":"20201218200315","is_ascension_mode":false,"campfire_choices":[{"data":"KidneyShot","floor":8.0,"key":"SMITH"},{"data":"Unruled","floor":11.0,"key":"SMITH"},{"floor":15.0,"key":"REST"},{"data":"Sunlight","floor":23.0,"key":"SMITH"},{"floor":25.0,"key":"REST"},{"data":"Potential","floor":32.0,"key":"SMITH"},{"floor":34.0,"key":"REST"},{"floor":42.0,"key":"REST"},{"floor":48,"key":"REST"},{"data":"FloweringNight","floor":51,"key":"SMITH"}],"circlet_count":0,"master_deck":["Strike_S+1","Strike_S+1","Strike_S+1","Strike_S+1","Defend_S+1","Defend_S","Defend_S","Defend_S","KidneyShot+1","Exchange","Unruled+1","Snipe","Comet","TimeWarp","InstantArmor","Reset","FastForward","Sunlight+1","Spin","Shuttle","Potential+1","FloweringNight+1","Master of Strategy","Hallownest:skillKingdomsEdgeMap"],"relics":["SplendidAttire","NeowsBlessing","ReplayTheSpireMod:Lightbulb","Nunchaku","Bronze Scales","Strawberry","Replay:Grab Bag","Busted Crown","Philosopher\u0027s Stone","Ring of Chaos","Red Mask","CultistMask","CeramicFish","Potion Belt","Replay:Bandana","Replay:Bronze Core","Replay:Bottled Eggs","Ancient Tea Set","ReplayTheSpireMod:ShopPack","Hallownest:SoulVesselRelic","Toy Ornithopter","Akabeko"],"acts_visited":["Exordium","TheCity","Hallownest:KingdomsEdge"],"potions_floor_usage":[44,52,52,52],"damage_taken":[{"damage":0.0,"enemies":"Small Slimes","floor":1.0,"turns":1.0},{"damage":0.0,"enemies":"Jaw Worm","floor":5.0,"turns":1.0},{"damage":0.0,"enemies":"Lagavulin","floor":6.0,"turns":1.0},{"damage":0.0,"enemies":"Cultist","floor":7.0,"turns":3.0},{"damage":4.0,"enemies":"Gremlin Nob","floor":10.0,"turns":4.0},{"damage":0.0,"enemies":"2 Fungi Beasts","floor":12.0,"turns":2.0},{"damage":8.0,"enemies":"3 Sentries","floor":13.0,"turns":7.0},{"damage":7.0,"enemies":"Large Slime","floor":14.0,"turns":4.0},{"damage":46.0,"enemies":"Hexaghost","floor":16.0,"turns":11.0},{"damage":0.0,"enemies":"3 Byrds","floor":18.0,"turns":3.0},{"damage":0.0,"enemies":"Masked Bandits","floor":19.0,"turns":3.0},{"damage":9.0,"enemies":"2 Thieves","floor":21.0,"turns":2.0},{"damage":29.0,"enemies":"Book of Stabbing","floor":24.0,"turns":4.0},{"damage":11.0,"enemies":"Snake Plant","floor":29.0,"turns":4.0},{"damage":1.0,"enemies":"3 Cultists","floor":30.0,"turns":3.0},{"damage":0.0,"enemies":"Gremlin Leader","floor":31.0,"turns":4.0},{"damage":9.0,"enemies":"Snecko","floor":33.0,"turns":3.0},{"damage":27.0,"enemies":"Collector","floor":35.0,"turns":8.0},{"damage":9.0,"enemies":"Hallownest:Shield_Heavy","floor":37.0,"turns":5.0},{"damage":20.0,"enemies":"Hallownest:3_Siblings","floor":40.0,"turns":5.0},{"damage":5.0,"enemies":"Hallownest:Xero_Hu_Marmu","floor":43.0,"turns":4.0},{"damage":11,"enemies":"Hallownest:2_Soldiers_and_1_Guardian","floor":44,"turns":3},{"damage":0,"enemies":"Hallownest:2_Great","floor":47,"turns":4},{"damage":0,"enemies":"Hallownest:Xero_Hu_Marmu","floor":50,"turns":3},{"damage":88,"enemies":"Hallownest:BossHollowKnight","floor":52,"turns":5}],"seed_played":"6848068136038951475","potions_obtained":[{"floor":5.0,"key":"SpeedPotion"},{"floor":6.0,"key":"Swift Potion"},{"floor":7.0,"key":"PowerPotion"},{"floor":13.0,"key":"DuplicationPotion"},{"floor":14.0,"key":"Explosive Potion"},{"floor":29.0,"key":"Swift Potion"},{"floor":30.0,"key":"Energy Potion"},{"floor":35.0,"key":"SpeedPotion"},{"floor":37.0,"key":"LifebloodPotion"},{"floor":40.0,"key":"Elixir"},{"floor":44,"key":"champ:CounterPotion"}],"is_trial":false,"path_per_floor":["M","?","?","$","M","E","M","R","T","E","R","M","E","M","R","B",null,"M","?","?","M","?","R","E","R","PTL","PTL","T","M","M","E","R","M","R","B",null,"M","$","?","M","?","R","M","M","T","$","M","R","$","M","R","B"],"character_chosen":"THE_SERVANT","items_purchased":["Replay:Bottled Eggs","Ancient Tea Set","ReplayTheSpireMod:ShopPack","Akabeko"],"campfire_rested":5,"item_purchase_floors":[38,38,38,46],"current_hp_per_floor":[65,65,52,52,52,52,52,52,52,48,48,48,47,40,61,15,72,72,72,72,63,63,63,34,55,55,55,55,44,43,43,43,34,55,28,72,63,63,63,43,43,64,59,48,48,48,48,69,69,69,69,0,0],"gold":192,"neow_bonus":"THREE_ENEMY_KILL","is_daily":false,"chose_seed":false,"campfire_upgraded":5,"win_rate":0.0,"timestamp":1608292995,"path_taken":["M","?","?","?","?","E","M","R","T","E","R","M","E","M","R","BOSS","M","?","?","?","?","R","E","R","PTL","PTL","T","?","M","E","R","M","R","BOSS","M","$","?","M","?","R","M","M","T","$","M","R","?","M","R","BOSS"],"items_purchased_type":["Relic","Relic","Relic","Relic"],"build_version":"2020-12-13","purchased_purges":1,"victory":false,"max_hp_per_floor":[65,65,65,65,65,65,65,65,65,65,65,65,72,72,72,72,72,72,72,72,72,72,72,72,72,72,72,72,72,72,72,72,72,72,72,72,72,72,72,72,72,72,72,72,72,72,72,72,72,72,72,72,72],"card_choices":[{"not_picked":["Potential","Alleviate"],"picked":"Unruled","floor":1.0},{"not_picked":["StarChef","SilverBlades"],"picked":"Snipe","floor":5.0},{"not_picked":["RealityMarble","Defy"],"picked":"Comet","floor":6.0},{"not_picked":["DoubleEdge","Hightail"],"picked":"TimeWarp","floor":7.0},{"not_picked":["Snipe","Potential"],"picked":"InstantArmor","floor":10.0},{"not_picked":["ReturningBlade","Unruled"],"picked":"Reset","floor":12.0},{"not_picked":["Collapse","BottledTime"],"picked":"FastForward","floor":13.0},{"not_picked":["BottledTime","Advance","DualDimension"],"picked":"SKIP","floor":14.0},{"not_picked":["Solidify","FlawlessForm"],"picked":"Sunlight","floor":16.0},{"not_picked":[],"picked":"Spin","floor":18.0},{"not_picked":[],"picked":"Shuttle","floor":19.0},{"not_picked":[],"picked":"Potential","floor":21.0},{"not_picked":["Revamp"],"picked":"SKIP","floor":24.0},{"not_picked":["Rearm"],"picked":"SKIP","floor":29.0},{"not_picked":["Desolation"],"picked":"SKIP","floor":30.0},{"not_picked":["Replace"],"picked":"SKIP","floor":31.0},{"not_picked":["BestPractice"],"picked":"SKIP","floor":33.0},{"not_picked":[],"picked":"FloweringNight","floor":35.0},{"not_picked":["RealityMarble+1"],"picked":"SKIP","floor":37.0},{"not_picked":[],"picked":"Master of Strategy","floor":38.0},{"not_picked":[],"picked":"Specialist","floor":38.0},{"not_picked":["DoubleEdge+1"],"picked":"SKIP","floor":40.0},{"not_picked":["BottledTime"],"picked":"SKIP","floor":43.0},{"not_picked":["Sabotage"],"picked":"SKIP","floor":44},{"not_picked":["Contraction+1"],"picked":"SKIP","floor":47},{"not_picked":["Spin"],"picked":"SKIP","floor":50}],"player_experience":154771,"relics_obtained":[{"floor":6.0,"key":"ReplayTheSpireMod:Lightbulb"},{"floor":9.0,"key":"Nunchaku"},{"floor":10.0,"key":"Bronze Scales"},{"floor":13.0,"key":"Strawberry"},{"floor":19.0,"key":"Red Mask"},{"floor":24.0,"key":"CeramicFish"},{"floor":28.0,"key":"Potion Belt"},{"floor":31.0,"key":"Replay:Bandana"},{"floor":45,"key":"Toy Ornithopter"}],"event_choices":[{"damage_healed":0.0,"max_hp_gain":0.0,"max_hp_loss":0.0,"gold_gain":0.0,"event_name":"Golden Wing","player_choice":"Ignored","floor":2.0,"gold_loss":0.0,"damage_taken":0.0},{"damage_healed":0.0,"max_hp_gain":0.0,"max_hp_loss":0.0,"gold_gain":0.0,"event_name":"Shining Light","player_choice":"Entered Light","floor":3.0,"gold_loss":0.0,"damage_taken":13.0,"cards_upgraded":["Defend_S","Strike_S"]},{"damage_healed":0.0,"max_hp_gain":0.0,"max_hp_loss":0.0,"gold_gain":0.0,"event_name":"Masked Bandits","player_choice":"Fought Bandits","floor":19.0,"gold_loss":0.0,"damage_taken":0.0},{"damage_healed":0.0,"max_hp_gain":0.0,"max_hp_loss":0.0,"gold_gain":0.0,"event_name":"FaceTrader","player_choice":"Trade","floor":20.0,"gold_loss":0.0,"damage_taken":0.0,"relics_obtained":["CultistMask"]},{"damage_healed":0.0,"max_hp_gain":0.0,"max_hp_loss":0.0,"gold_gain":0.0,"event_name":"NoteForYourself","player_choice":"Ignored","floor":22.0,"gold_loss":0.0,"damage_taken":0.0}],"is_beta":false,"boss_relics":[{"not_picked":["Velvet Choker","SacredBark"],"picked":"Replay:Grab Bag"},{"not_picked":["ChewingGum","Runic Dome"],"picked":"Busted Crown"},{"not_picked":["Fusion Hammer","Coffee Dripper"],"picked":"Philosopher\u0027s Stone"},{"not_picked":["Black Star","Calling Bell"],"picked":"SplendidAttire"},{"not_picked":["Hololive_ChaosS","Runic Pyramid"],"picked":"Ring of Chaos"},{"not_picked":["Replay:Ancient Bell","ReplayTheSpireMod:DimensionalGlitch"],"picked":"Replay:Bronze Core"}],"items_purged_floors":[46],"is_endless":false,"potions_floor_spawned":[5,6,7,12,13,14,18,21,29,30,33,35,37,40,44],"killed_by":"Hallownest:BossHollowKnight","ascension_level":0}}