{"host":"usewcu4ohw2wtmxk","time":1608283512,"event":{"mods":["AchievementEnabler","BaseMod","Colored Powertips","Minty Spire (QoL Compilation)","Permanent Neow","Quick Restart","Relic Stats","StSLib"],"gold_per_floor":[110,121,137,137,153,153,153,153,153,78,96,113,113,113,113,191,191,208,228,241,257,271,271,271],"floor_reached":23,"playtime":641,"items_purged":[],"score":374,"play_id":"ab68241a-97c6-46d2-954b-08cbe2ccf8df","local_time":"20201218172512","is_ascension_mode":true,"campfire_choices":[{"data":"Defragment","floor":6.0,"key":"SMITH"},{"data":"Barrage","floor":8.0,"key":"SMITH"},{"floor":13.0,"key":"REST"},{"data":"Dualcast","floor":15.0,"key":"SMITH"}],"circlet_count":0,"master_deck":["AscendersBane","Strike_B","Strike_B","Defend_B","Defend_B","Defend_B","Defend_B","Zap+1","Dualcast+1","Glacier","Barrage+1","Defragment+1","Turbo","Lockon+1","Rainbow+1","Reboot+1","Coolheaded+1","Cold Snap"],"relics":["Cracked Core","Astrolabe"],"acts_visited":["Exordium","TheCity"],"potions_floor_usage":[23],"damage_taken":[{"damage":2.0,"enemies":"Cultist","floor":1.0,"turns":4.0},{"damage":0.0,"enemies":"Jaw Worm","floor":2.0,"turns":6.0},{"damage":3.0,"enemies":"2 Louse","floor":3.0,"turns":4.0},{"damage":20.0,"enemies":"Gremlin Gang","floor":5.0,"turns":5.0},{"damage":2.0,"enemies":"Blue Slaver","floor":11.0,"turns":4.0},{"damage":21.0,"enemies":"Large Slime","floor":12.0,"turns":5.0},{"damage":28.0,"enemies":"Slime Boss","floor":16.0,"turns":9.0},{"damage":8.0,"enemies":"Spheric Guardian","floor":18.0,"turns":6.0},{"damage":0.0,"enemies":"3 Byrds","floor":19.0,"turns":4.0},{"damage":2.0,"enemies":"Snecko","floor":20.0,"turns":4.0},{"damage":39.0,"enemies":"Shelled Parasite and Fungi","floor":21.0,"turns":6.0},{"damage":0.0,"enemies":"Centurion and Healer","floor":22.0,"turns":8.0},{"damage":20,"enemies":"Book of Stabbing","floor":23,"turns":5}],"seed_played":"1549001333329612893","potions_obtained":[{"floor":3.0,"key":"Fire Potion"},{"floor":16.0,"key":"Regen Potion"},{"floor":18.0,"key":"Dexterity Potion"},{"floor":20.0,"key":"AttackPotion"}],"is_trial":false,"path_per_floor":["M","M","M","?","M","R","?","R","T","?","M","M","R","?","R","B",null,"M","M","M","M","M","E"],"character_chosen":"DEFECT","items_purchased":[],"campfire_rested":1,"item_purchase_floors":[],"current_hp_per_floor":[62,62,59,52,32,32,32,32,32,32,30,9,30,30,30,2,54,61,61,59,20,20,0,0],"gold":271,"neow_bonus":"THREE_CARDS","is_daily":false,"chose_seed":false,"campfire_upgraded":3,"win_rate":0.0,"timestamp":1608283512,"path_taken":["M","M","M","?","M","R","?","R","T","?","M","M","R","?","R","BOSS","M","M","M","M","M","E"],"items_purchased_type":[],"build_version":"2020-12-13","purchased_purges":0,"victory":false,"max_hp_per_floor":[71,71,71,71,71,71,71,71,71,71,71,71,71,71,71,71,71,71,71,71,71,71,71,71],"relic_stats":{"counters":[13,70],"Astrolabe":["Lockon","Rainbow","Reboot"],"obtain_stats":[{"Astrolabe":17,"Cracked Core":0},{"Astrolabe":7,"Cracked Core":0},{"Astrolabe":37,"Cracked Core":0}]},"card_choices":[{"not_picked":["Stack","Steam Power"],"picked":"White Noise","floor":0.0},{"not_picked":["Conserve Battery","Stack"],"picked":"Glacier","floor":1.0},{"not_picked":["Beam Cell","Hologram"],"picked":"Barrage","floor":2.0},{"not_picked":["Capacitor","Hologram"],"picked":"Defragment","floor":3.0},{"not_picked":["Gash","Darkness","White Noise"],"picked":"SKIP","floor":5.0},{"not_picked":["Steam Power","Double Energy"],"picked":"Turbo","floor":11.0},{"not_picked":["Streamline","Gash"],"picked":"Ball Lightning","floor":12.0},{"not_picked":["Hyperbeam","Thunder Strike"],"picked":"Meteor Strike","floor":16.0},{"not_picked":["Conserve Battery+1","Heatsinks","Scrape"],"picked":"SKIP","floor":18.0},{"not_picked":["Gash","Rip and Tear"],"picked":"Coolheaded+1","floor":19.0},{"not_picked":["Redo","Rip and Tear","Steam Power"],"picked":"SKIP","floor":20.0},{"not_picked":["Compile Driver","Gash"],"picked":"Cold Snap","floor":21.0},{"not_picked":["Cold Snap","Leap","Glacier"],"picked":"SKIP","floor":22.0}],"player_experience":288511,"relics_obtained":[],"event_choices":[{"cards_removed":["Strike_B"],"damage_healed":0.0,"max_hp_gain":0.0,"max_hp_loss":0.0,"gold_gain":0.0,"event_name":"Golden Wing","player_choice":"Card Removal","floor":4.0,"gold_loss":0.0,"damage_taken":7.0},{"damage_healed":0.0,"max_hp_gain":0.0,"max_hp_loss":0.0,"gold_gain":0.0,"event_name":"Liars Game","player_choice":"Ignored","floor":7.0,"gold_loss":0.0,"damage_taken":0.0},{"cards_removed":["Strike_B"],"damage_healed":0.0,"max_hp_gain":0.0,"max_hp_loss":0.0,"gold_gain":0.0,"event_name":"The Cleric","player_choice":"Card Removal","floor":10.0,"gold_loss":75.0,"damage_taken":0.0},{"damage_healed":0.0,"max_hp_gain":0.0,"max_hp_loss":0.0,"gold_gain":0.0,"event_name":"Accursed Blacksmith","player_choice":"Forge","floor":14.0,"gold_loss":0.0,"damage_taken":0.0,"cards_upgraded":["Zap"]}],"is_beta":false,"boss_relics":[{"not_picked":["Tiny House","Fusion Hammer"],"picked":"Astrolabe"}],"items_purged_floors":[],"is_endless":false,"potions_floor_spawned":[3,16,18,20],"killed_by":"Book of Stabbing","ascension_level":20}}