{"host":"kiofj7470znkzgvo","time":1608281594,"event":{"mods":["2.2 Compatiblity","AchievementEnabler","BaseMod","Minty Spire (QoL Compilation)"],"gold_per_floor":[114,128,128,303,321,346,346,380,405,405,1,36,36,36,36,36,36],"floor_reached":16,"playtime":557,"items_purged":[],"score":145,"play_id":"5cb050d4-072a-43e0-94e1-5cd6757a8c7d","local_time":"20201218095314","is_ascension_mode":true,"campfire_choices":[{"floor":7,"key":"REST"},{"floor":10,"key":"REST"},{"floor":13,"key":"REST"},{"floor":15,"key":"RECALL"}],"circlet_count":0,"master_deck":["Strike_R","Strike_R","Strike_R","Strike_R","Defend_R","Defend_R","Defend_R","Defend_R","Bash","Metamorphosis","Clothesline","Perfected Strike","Doubt","Ghostly Armor","Wild Strike","Pommel Strike+1"],"relics":["Burning Blood","Art of War","Bronze Scales","Juzu Bracelet","Chemical X","Kunai","Molten Egg 2","Eternal Feather"],"acts_visited":["Exordium"],"potions_floor_usage":[8,16],"damage_taken":[{"damage":6,"enemies":"Cultist","floor":1,"turns":3},{"damage":7,"enemies":"Jaw Worm","floor":2,"turns":2},{"damage":10,"enemies":"Small Slimes","floor":5,"turns":4},{"damage":47,"enemies":"Gremlin Nob","floor":6,"turns":5},{"damage":41,"enemies":"Lagavulin","floor":8,"turns":8},{"damage":18,"enemies":"Gremlin Nob","floor":12,"turns":3},{"damage":74,"enemies":"Slime Boss","floor":16,"turns":7}],"seed_played":"-8000060997645449082","potions_obtained":[{"floor":1,"key":"BloodPotion"},{"floor":6,"key":"Strength Potion"},{"floor":8,"key":"Regen Potion"}],"is_trial":false,"path_per_floor":["M","M","?","?","M","E","R","E","T","R","$","E","R","?","R","B"],"character_chosen":"IRONCLAD","items_purchased":["Chemical X","Kunai"],"campfire_rested":3,"item_purchase_floors":[11,11],"current_hp_per_floor":[72,71,64,64,60,19,40,19,19,40,40,28,49,49,58,0,0],"gold":36,"neow_bonus":"RANDOM_COLORLESS_2","is_daily":false,"chose_seed":false,"campfire_upgraded":0,"win_rate":0.0,"timestamp":1608281594,"path_taken":["M","M","?","?","?","E","R","E","T","R","$","E","R","?","R","BOSS"],"items_purchased_type":["Relic","Relic"],"build_version":"2020-12-13","purchased_purges":0,"victory":false,"max_hp_per_floor":[72,72,72,72,72,72,72,72,72,72,72,72,72,72,72,72,72],"card_choices":[{"not_picked":["Sadistic Nature","Transmutation"],"picked":"Metamorphosis","floor":0},{"not_picked":["Twin Strike","Warcry"],"picked":"Clothesline","floor":1},{"not_picked":["Havoc","Headbutt"],"picked":"Perfected Strike","floor":2},{"not_picked":["Dark Embrace","Headbutt","Offering"],"picked":"SKIP","floor":5},{"not_picked":["Twin Strike","Entrench"],"picked":"Ghostly Armor","floor":6},{"not_picked":["Dual Wield","Headbutt"],"picked":"Wild Strike","floor":8},{"not_picked":["Perfected Strike+1","Thunderclap+1"],"picked":"Pommel Strike+1","floor":12}],"player_experience":106757,"relics_obtained":[{"floor":6,"key":"Art of War"},{"floor":8,"key":"Bronze Scales"},{"floor":9,"key":"Juzu Bracelet"},{"floor":12,"key":"Molten Egg 2"},{"floor":14,"key":"Eternal Feather"}],"event_choices":[{"cards_removed":["Strike_R"],"damage_healed":0,"gold_gain":0,"player_choice":"Card Removal","damage_taken":7,"max_hp_gain":0,"max_hp_loss":0,"event_name":"Golden Wing","floor":3,"gold_loss":0},{"damage_healed":0,"gold_gain":175,"player_choice":"AGREE","damage_taken":0,"max_hp_gain":0,"max_hp_loss":0,"event_name":"Liars Game","floor":4,"gold_loss":0,"cards_obtained":["Doubt"]},{"damage_healed":0,"gold_gain":0,"player_choice":"Relic","damage_taken":0,"max_hp_gain":0,"max_hp_loss":0,"event_name":"Wheel of Change","floor":14,"gold_loss":0}],"is_beta":false,"boss_relics":[],"items_purged_floors":[],"is_endless":false,"potions_floor_spawned":[1,6,8],"killed_by":"Slime Boss","ascension_level":5}}