{"host":"hoz3ngw650fbea07","time":1608250678,"event":{"mods":["AchievementEnabler","BaseMod","Better Altar","Better Match","Better Note","Better Sensory Stone","Better Skull","Better Third Choice","BetterRewards","CCEM","Colored Map","Downfall","GifTheSpireLib","Highlight Path","Infinite Spire","Minty Spire (QoL Compilation)","Permanent Neow","StSLib","Unceasing Turn Reminder","Waifu the Spire","everything is the same but u backflip on backflip","slay the spire mod where everything is the same but ironclad has a cowboy hat"],"gold_per_floor":[99,99,119,154,154,164,213,138,138,171,181,194,25,25,45,145,145,70,70,87,116,116,134,134,151,151,185,205,221,146,163,182,280,330,330,26,26,26,55,108,108,142,142,168,93,193,212,224,244,346,346,346,378,394,428,514,540,593,609,609,709,727,742,147,160,174,277,277,477,495,495,495,527,527,554,47,82,82,82,82,93,93,107,206,206,206,62,62,162,162],"floor_reached":89,"playtime":4268,"items_purged":["Regret","Parasite","Guardian:ArmoredProtocol","Guardian:DonusPower+1"],"score":1891,"play_id":"83b6a065-7108-4ba1-8b94-76a3806f0994","local_time":"20201217171758","is_ascension_mode":true,"campfire_choices":[{"floor":1.0,"key":"RECALL"},{"data":"Guardian:PiercingHide","floor":8,"key":"SMITH"},{"data":"Guardian:TwinSlam","floor":18,"key":"SMITH"},{"data":"Guardian:SpikerProtocol","floor":22,"key":"SMITH"},{"data":"Guardian:ChargeUp","floor":26,"key":"SMITH"},{"data":"Guardian:Orbwalk","floor":35,"key":"SMITH"},{"data":"Guardian:RevengeProtocol","floor":37,"key":"SMITH"},{"data":"Guardian:DonusPower","floor":43,"key":"SMITH"},{"data":"Guardian:SentryBeam","floor":52,"key":"SMITH"},{"floor":60,"key":"REST"},{"data":"infinitespire:UltimateForm","floor":69,"key":"SMITH"},{"data":"infinitespire:Gouge","floor":71,"key":"SMITH"},{"data":"infinitespire:FinalStrike","floor":74,"key":"SMITH"},{"data":"Guardian:AncientConstruct","floor":78,"key":"SMITH"},{"data":"Guardian:ExploitGems","floor":86,"key":"SMITH"}],"circlet_count":0,"master_deck":["Guardian:Strike_Guardian","Guardian:Defend_Guardian","Guardian:Defend_Guardian+1","Guardian:Defend_Guardian","Guardian:Defend_Guardian","Guardian:CurlUp","Guardian:TwinSlam+1","Guardian:PiercingHide+1","Guardian:PiercingHide","Guardian:SpikerProtocol+1","Guardian:PiercingHide","Guardian:RevengeProtocol+1","Guardian:SentryBeam+1","Guardian:ChargeUp+1","Guardian:EvasiveProtocol","Guardian:Orbwalk+1","Guardian:Clone+1","Guardian:GuardianWhirl","Guardian:AncientConstruct","infinitespire:FinalStrike+1","Guardian:DonusPower+1","Guardian:Preprogram+1","expansioncontent:Chronoboost+1","Guardian:FloatingOrbs+1","Guardian:WalkerClaw+1","Guardian:AncientConstruct+1","infinitespire:UltimateForm+1","Guardian:DecasProtection","Guardian:ChargeCore","infinitespire:Gouge+1","Guardian:Recover+1","Guardian:Emergency+1","Guardian:ExploitGems+1","infinitespire:DeathsTouch","infinitespire:FinalStrike","Guardian:ArmoredProtocol"],"relics":["Guardian:ModeShifter","infinitespire:ShieldingShard","Lantern","Bag of Marbles","downfall:HeartBlessingRed","Akabeko","Letter Opener","downfall:ShatteredFragment","Guardian:StasisSlotReductionRelic","downfall:HeartBlessingGreen","infinitespire:PuzzleCube","Sundial","infinitespire:Lucky Rock","Tiny House","CCEMRelics:SpiritsEdge","Vajra","Pocketwatch","Unceasing Top","Bird Faced Urn","CCEMRelics:OverlyComfyChair","CCEMRelics:DerglesHeadphones","Black Star","Guardian:BottledStasis","Omamori","downfall:GremlinWheel","Shuriken","PreservedInsect","Astrolabe","CCEMRelics:HistoryBook","Runic Dome","CCEMRelics:CocoNut","CCEMRelics:TransientCore","Bronze Scales","Lizard Tail"],"acts_visited":["Exordium","TheCity","TheBeyond","Exordium","TheCity","TheBeyond"],"potions_floor_usage":[4,6,10,10,16,21,27,31,32,36,36,36,44,50,55,67,67,67,84,84],"damage_taken":[{"damage":0,"enemies":"Jaw Worm","floor":3,"turns":4},{"damage":14,"enemies":"3 Sentries","floor":4,"turns":9},{"damage":0,"enemies":"2 Louse","floor":6,"turns":3},{"damage":0,"enemies":"Lagavulin","floor":10,"turns":4},{"damage":0,"enemies":"Cultist","floor":11,"turns":3},{"damage":0,"enemies":"Red Slaver","floor":12,"turns":1},{"damage":0,"enemies":"downfall:FleeingMerchant","floor":13,"turns":4},{"damage":0,"enemies":"Exordium Wildlife","floor":15,"turns":1},{"damage":15,"enemies":"downfall:Defect","floor":16,"turns":6},{"damage":2,"enemies":"Spheric Guardian","floor":20,"turns":4},{"damage":0,"enemies":"Nightmare","floor":21,"turns":4},{"damage":0,"enemies":"Chosen and Byrds","floor":23,"turns":5},{"damage":0,"enemies":"Centurion and Healer","floor":25,"turns":4},{"damage":0,"enemies":"Gremlin Leader","floor":27,"turns":5},{"damage":0,"enemies":"Snake Plant","floor":28,"turns":3},{"damage":0,"enemies":"Sentry and Sphere","floor":29,"turns":4},{"damage":0,"enemies":"Centurion and Healer","floor":31,"turns":5},{"damage":0,"enemies":"Cultist and Chosen","floor":32,"turns":4},{"damage":18,"enemies":"downfall:Watcher","floor":33,"turns":8},{"damage":0,"enemies":"downfall:FleeingMerchant","floor":36,"turns":4},{"damage":31,"enemies":"Giant Head","floor":39,"turns":8},{"damage":0,"enemies":"2 Orb Walkers","floor":40,"turns":3},{"damage":14,"enemies":"Reptomancer","floor":42,"turns":6},{"damage":0,"enemies":"Giant Head","floor":44,"turns":6},{"damage":0,"enemies":"Orb Walker","floor":47,"turns":2},{"damage":0,"enemies":"3 Shapes","floor":48,"turns":2},{"damage":4,"enemies":"Writhing Mass","floor":49,"turns":3},{"damage":14,"enemies":"downfall:Ironclad","floor":50,"turns":7},{"damage":67,"enemies":"Nightmare","floor":53,"turns":7},{"damage":2,"enemies":"Small Slimes","floor":54,"turns":2},{"damage":25,"enemies":"Lagavulin","floor":55,"turns":3},{"damage":0,"enemies":"downfall:FleeingMerchant","floor":56,"turns":2},{"damage":0,"enemies":"Gremlin Nob","floor":57,"turns":2},{"damage":0,"enemies":"Cultist","floor":59,"turns":2},{"damage":0,"enemies":"Cultist","floor":61,"turns":2},{"damage":0,"enemies":"2 Louse","floor":62,"turns":1},{"damage":0,"enemies":"Lots of Slimes","floor":63,"turns":1},{"damage":0,"enemies":"Large Slime","floor":65,"turns":2},{"damage":0,"enemies":"Blue Slaver","floor":66,"turns":1},{"damage":45,"enemies":"The Guardian","floor":67,"turns":6},{"damage":0,"enemies":"Spheric Guardian","floor":70,"turns":2},{"damage":0,"enemies":"Gremlin Leader","floor":73,"turns":3},{"damage":0,"enemies":"Book of Stabbing","floor":75,"turns":1},{"damage":11,"enemies":"Gremlin Leader","floor":77,"turns":2},{"damage":0,"enemies":"Snake Plant","floor":81,"turns":2},{"damage":0,"enemies":"Shelled Parasite and Fungi","floor":83,"turns":2},{"damage":27,"enemies":"Collector","floor":84,"turns":4},{"damage":5,"enemies":"infinitespire:Three Voidlings","floor":89,"turns":2},{"damage":95,"enemies":"Nightmare_Alpha","floor":89,"turns":4}],"seed_played":"1279335948876420472","potions_obtained":[{"floor":0.0,"key":"SkillPotion"},{"floor":0.0,"key":"BlessingOfTheForge"},{"floor":0.0,"key":"SmokeBomb"},{"floor":4,"key":"ColorlessPotion"},{"floor":6,"key":"Guardian:DefensiveModePotion"},{"floor":12,"key":"Guardian:AcceleratePotion"},{"floor":15,"key":"Strength Potion"},{"floor":20,"key":"infinitespire:BlackPotion"},{"floor":25,"key":"DuplicationPotion"},{"floor":28,"key":"Regen Potion"},{"floor":32,"key":"Explosive Potion"},{"floor":33,"key":"ColorlessPotion"},{"floor":34,"key":"Explosive Potion"},{"floor":42,"key":"Guardian:AcceleratePotion"},{"floor":44,"key":"SpeedPotion"},{"floor":47,"key":"Slimebound:ThreeZeroPotion"},{"floor":48,"key":"Fire Potion"},{"floor":54,"key":"Guardian:StasisDiscoveryPotion"},{"floor":57,"key":"Guardian:BlockOnCardUsePotion"},{"floor":63,"key":"BlessingOfTheForge"},{"floor":67,"key":"Guardian:DefensiveModePotion"},{"floor":73,"key":"champ:CounterPotion"},{"floor":89,"key":"Weak Potion"}],"is_trial":false,"path_per_floor":["R","?","M","E","?","M","T","R","T","E","M","M","$","?","M","B",null,"R","?","M","NM","R","M","T","M","R","E","M","M","?","M","M","B",null,"R","$","R","AVR","E","?","T","E","R","E","?","?","M","M","M","B",null,"R","NM","M","E","$","E","T","M","R","?","M","M","$","M","M","B",null,"R","M","R","AVR","E","R","E","$","E","R","?","$","M","?","M","B",null,"R","$","?","?"],"character_chosen":"GUARDIAN","items_purchased":["Guardian:SpikerProtocol","CCEMRelics:SpiritsEdge","Vajra","Guardian:BottledStasis","Shuriken","Guardian:ArmoredProtocol","PreservedInsect","CCEMRelics:CocoNut","FairyPotion","Bronze Scales"],"campfire_rested":1,"item_purchase_floors":[13,36,36,56,64,64,64,76,76,87],"current_hp_per_floor":[80,80,80,66,66,66,66,66,66,66,66,66,66,42,42,27,80,80,80,78,78,78,78,78,78,78,78,78,78,78,80,80,62,85,85,85,85,85,54,54,54,50,50,68,68,68,70,72,85,75,85,85,24,26,13,17,17,17,17,41,41,41,43,43,47,49,22,82,82,82,82,82,82,82,82,87,76,87,87,87,87,87,87,66,87,87,87,67,3,3],"gold":162,"neow_bonus":"THREE_SMALL_POTIONS","is_daily":false,"chose_seed":false,"campfire_upgraded":13,"win_rate":0.0,"timestamp":1608250678,"path_taken":["R","?","M","E","?","M","T","R","?","E","M","?","$","?","M","BOSS","R","?","M","NM","R","M","T","M","R","E","M","M","?","M","M","BOSS","R","$","R","AVR","E","?","T","E","R","E","?","?","?","M","M","BOSS","R","NM","M","E","$","E","T","M","R","?","M","M","$","M","M","BOSS","R","M","R","AVR","E","R","E","$","E","R","?","?","M","?","M","BOSS","R","$","?","?"],"items_purchased_type":["Card","Relic","Relic","Relic","Relic","Card","Relic","Relic","Potion","Relic"],"build_version":"2020-12-13","purchased_purges":4,"victory":false,"max_hp_per_floor":[80,80,80,80,80,80,80,80,80,80,80,80,80,80,80,80,80,80,80,80,80,80,80,80,80,80,80,80,80,80,80,80,80,85,85,85,85,85,85,85,85,85,85,85,85,85,85,85,85,85,85,85,85,85,85,82,82,82,82,82,82,82,82,82,82,82,82,82,82,82,82,82,82,82,82,87,87,87,87,87,87,87,87,87,87,87,87,87,93,93],"card_choices":[{"not_picked":["Guardian:RollAttack","Guardian:Repulse"],"picked":"Guardian:PiercingHide","floor":3},{"not_picked":["Guardian:ShieldCharger","Guardian:TemporalShield"],"picked":"Guardian:Gem_Crimson","floor":4},{"not_picked":["Guardian:ShieldCharger","Guardian:Recover"],"picked":"Guardian:Gem_Green","floor":6},{"not_picked":["Guardian:ChargeCore","Guardian:Recover","Guardian:TimeSifter"],"picked":"SKIP","floor":10},{"not_picked":["Guardian:WalkerClaw","Guardian:CrystalBeam"],"picked":"Guardian:PiercingHide","floor":11},{"not_picked":["Guardian:Recover","Guardian:Suspension","Guardian:TemporalStrike"],"picked":"SKIP","floor":12},{"not_picked":["Guardian:GuardianWhirl","Guardian:ChargeCore","Guardian:PrismaticBarrier"],"picked":"SKIP","floor":13},{"not_picked":["Guardian:ShieldCharger","Guardian:TemporalShield"],"picked":"Guardian:PiercingHide","floor":15},{"not_picked":["Guardian:ExploitGems","Guardian:FastForward"],"picked":"Guardian:RevengeProtocol","floor":16},{"not_picked":["Guardian:WalkerClaw","Guardian:ChargeCore","Guardian:PrimingBeam"],"picked":"SKIP","floor":20},{"not_picked":["Guardian:Gem_Green","Guardian:CrystalBeam","Guardian:Suspension"],"picked":"SKIP","floor":21},{"not_picked":["Guardian:PiercingHide","Guardian:ShieldCharger+1"],"picked":"Guardian:SentryBeam","floor":23},{"not_picked":["Guardian:Incinerate+1","Guardian:TemporalShield+1"],"picked":"Guardian:ChargeUp","floor":25},{"not_picked":["Guardian:Suspension+1","Guardian:Reroute","Guardian:TemporalStrike"],"picked":"SKIP","floor":27},{"not_picked":["Guardian:ChargeUp","Guardian:PrimingBeam+1","Guardian:Reroute"],"picked":"SKIP","floor":28},{"not_picked":["Guardian:Gem_Lightblue","Guardian:Gem_Crimson"],"picked":"Guardian:EvasiveProtocol","floor":29},{"not_picked":["Guardian:ShieldCharger+1","Guardian:CrystalBeam"],"picked":"Guardian:Orbwalk","floor":31},{"not_picked":["Guardian:WalkerClaw","Guardian:Gem_Orange"],"picked":"Guardian:Clone+1","floor":32},{"not_picked":["Guardian:BaubleBeam","Guardian:ConstructionForm"],"picked":"Guardian:Gem_Orange","floor":33},{"not_picked":["Guardian:PiercingHide","Guardian:MultiBeam"],"picked":"Guardian:GuardianWhirl","floor":34},{"not_picked":["Guardian:Clone","Guardian:PiercingHide+1"],"picked":"Guardian:AncientConstruct","floor":36},{"not_picked":["Guardian:Emergency+1","Guardian:RollAttack+1"],"picked":"Guardian:DonusPower","floor":39},{"not_picked":["Guardian:Gem_Cyan","Guardian:Gem_Red"],"picked":"Guardian:DonusPower+1","floor":40},{"not_picked":["Guardian:Planning+1","Guardian:Recover+1"],"picked":"Guardian:Preprogram+1","floor":42},{"not_picked":["Guardian:TemporalStrike+1","Guardian:Reroute"],"picked":"Guardian:Gem_Lightblue","floor":44},{"not_picked":["Flash of Steel+1","Good Instincts+1"],"picked":"expansioncontent:Chronoboost+1","floor":45},{"not_picked":["Guardian:TemporalStrike","Guardian:CrystalBeam+1"],"picked":"Guardian:FloatingOrbs+1","floor":47},{"not_picked":["Guardian:PrismaticBeam","Guardian:ChargeCore"],"picked":"Guardian:WalkerClaw+1","floor":48},{"not_picked":["Guardian:TemporalStrike+1","Guardian:MultiBeam","Guardian:PrismaticBeam+1"],"picked":"SKIP","floor":49},{"not_picked":["Guardian:ExploitGems","Guardian:StasisStrike"],"picked":"Guardian:AncientConstruct","floor":50},{"not_picked":["infinitespire:TheBestDefense","infinitespire:NeuralNetwork"],"picked":"infinitespire:UltimateForm","floor":53},{"not_picked":["Guardian:TemporalShield","Guardian:WalkerClaw","Guardian:Recover"],"picked":"SKIP","floor":53},{"not_picked":["Guardian:SentryBeam","Guardian:WalkerClaw"],"picked":"Guardian:DecasProtection","floor":54},{"not_picked":["Guardian:Clone","Guardian:Suspension","Guardian:Reroute"],"picked":"SKIP","floor":55},{"not_picked":["Guardian:ShieldCharger","Guardian:GuardianWhirl","Guardian:Suspension"],"picked":"SKIP","floor":56},{"not_picked":["Guardian:Suspension","Guardian:FloatingOrbs","Guardian:Orbwalk"],"picked":"SKIP","floor":57},{"not_picked":["Guardian:ShieldCharger","Guardian:TimeBomb"],"picked":"Guardian:ChargeCore","floor":59},{"not_picked":["Guardian:ShieldCharger","Guardian:ShieldSpikes","Guardian:Reroute"],"picked":"SKIP","floor":62},{"not_picked":["Guardian:PiercingHide","Guardian:TemporalStrike","Guardian:Gem_Cyan"],"picked":"SKIP","floor":63},{"not_picked":["Guardian:Gem_Cyan","Guardian:MultiBeam","Guardian:Preprogram"],"picked":"SKIP","floor":65},{"not_picked":["Guardian:PrismaticBeam","Guardian:FastForward","Guardian:Gem_Green"],"picked":"SKIP","floor":66},{"not_picked":["infinitespire:Punishment","infinitespire:Oblivion"],"picked":"infinitespire:Gouge","floor":67},{"not_picked":["Guardian:RollAttack+1","Guardian:CrystalBeam+1","Guardian:VentSteam"],"picked":"SKIP","floor":70},{"not_picked":["Guardian:FloatingOrbs","Guardian:Emergency","Guardian:PrismaticBarrier+1"],"picked":"SKIP","floor":73},{"not_picked":["Guardian:ChargeCore","Guardian:Recover","Guardian:RefractedBeam+1"],"picked":"SKIP","floor":75},{"not_picked":["Guardian:RefractedBeam+1","Guardian:ChargeCore","Guardian:ConstructionForm"],"picked":"SKIP","floor":77},{"not_picked":["Guardian:Planning","Guardian:Incinerate","Guardian:ChargeCore"],"picked":"SKIP","floor":81},{"not_picked":["Guardian:Gem_White","Guardian:PrimingBeam","Guardian:EvasiveProtocol"],"picked":"SKIP","floor":83},{"not_picked":["infinitespire:TheBestDefense","infinitespire:SealOfDarkness+"],"picked":"infinitespire:DeathsTouch","floor":88},{"not_picked":["infinitespire:Oblivion","infinitespire:UltimateForm"],"picked":"infinitespire:FinalStrike","floor":89},{"not_picked":["Guardian:DecasProtection","Guardian:ShieldCharger"],"picked":"Guardian:ArmoredProtocol","floor":89}],"player_experience":107432,"relics_obtained":[{"floor":4,"key":"infinitespire:ShieldingShard"},{"floor":7,"key":"Bag of Marbles"},{"floor":9,"key":"Akabeko"},{"floor":10,"key":"Letter Opener"},{"floor":21,"key":"infinitespire:PuzzleCube"},{"floor":24,"key":"Sundial"},{"floor":27,"key":"infinitespire:Lucky Rock"},{"floor":39,"key":"Pocketwatch"},{"floor":40,"key":"Unceasing Top"},{"floor":41,"key":"Bird Faced Urn"},{"floor":42,"key":"CCEMRelics:OverlyComfyChair"},{"floor":44,"key":"CCEMRelics:DerglesHeadphones"},{"floor":58,"key":"Omamori"},{"floor":61,"key":"downfall:GremlinWheel"},{"floor":89,"key":"Lizard Tail"}],"event_choices":[{"damage_healed":0,"gold_gain":0,"player_choice":"Box","damage_taken":0,"relics_obtained":["Lantern"],"max_hp_gain":0,"max_hp_loss":0,"event_name":"Big Fish","floor":5,"gold_loss":0,"cards_obtained":["Regret"]},{"damage_healed":0,"gold_gain":0,"player_choice":"Ignored","damage_taken":0,"max_hp_gain":0,"max_hp_loss":0,"event_name":"Vampires","floor":19,"gold_loss":0},{"damage_healed":0,"gold_gain":0,"player_choice":"3","damage_taken":0,"max_hp_gain":0,"max_hp_loss":0,"event_name":"betterMatch:BetterMatch","floor":30,"gold_loss":0,"cards_obtained":[]},{"damage_healed":0,"gold_gain":0,"player_choice":"Fight","damage_taken":0,"max_hp_gain":0,"max_hp_loss":0,"event_name":"Mysterious Sphere","floor":40,"gold_loss":0},{"damage_healed":0,"gold_gain":0,"player_choice":"2","damage_taken":0,"max_hp_gain":0,"max_hp_loss":0,"event_name":"betterMatch:BetterMatch","floor":45,"gold_loss":0,"cards_obtained":["betterMatch:ColorlessUncommonCard"]},{"damage_healed":0,"gold_gain":200,"player_choice":"Gold","damage_taken":0,"max_hp_gain":0,"max_hp_loss":0,"event_name":"Wheel of Change","floor":69,"gold_loss":0}],"is_beta":false,"boss_relics":[{"not_picked":["Runic Pyramid","Cursed Key"],"picked":"Guardian:StasisSlotReductionRelic"},{"not_picked":["Coffee Dripper","Pandora\u0027s Box"],"picked":"Tiny House"},{"not_picked":["Astrolabe","Busted Crown"],"picked":"Black Star"},{"not_picked":["Fusion Hammer","Philosopher\u0027s Stone"],"picked":"Astrolabe"},{"not_picked":["Coffee Dripper","CCEMRelics:GreenEgg"],"picked":"CCEMRelics:TransientCore"}],"items_purged_floors":[13,56,64,76],"is_endless":true,"potions_floor_spawned":[4,6,12,15,20,25,28,32,33,42,44,47,48,54,57,59,63,65,67,73,89],"killed_by":"Nightmare_Alpha","ascension_level":1}}