{"host":"6rmw1q50jy0xmvyl","time":1608288975,"event":{"mods":["BaseMod","BetterRewards","Clockwork Mod","Colored Map","Duelist Mod","Minty Spire (QoL Compilation)","Remove Card Discount Mod","StSLib","??????REMEMod"],"gold_per_floor":[142,142,317,335,141,141,169,169,196,222,202,216,216,216,216,287,287,301,320,320,338,338,338],"floor_reached":22,"playtime":1380,"items_purged":["theDuelist:CastleWalls","theDuelist:CastleWalls","theDuelist:Sparks","theDuelist:Sparks","theDuelist:ColossalFighter","theDuelist:FeedbackWarrior","theDuelist:CurseAnubis","Doubt"],"score":482,"play_id":"54c45351-bb7e-4fd2-b720-b37b162fa3e6","local_time":"20201218115615","is_ascension_mode":true,"campfire_choices":[{"floor":6,"key":"REST"},{"floor":8,"key":"REST"},{"floor":13,"key":"REST"},{"floor":15,"key":"REST"}],"circlet_count":0,"master_deck":["AscendersBane","theDuelist:CommandKnight","theDuelist:FeedbackWarrior","theDuelist:MightyWarrior","theDuelist:SuperheavySoulbuster","theDuelist:GhostSister","theDuelist:GauntletWarrior","theDuelist:SuperheavySoulhorns","theDuelist:Mudballman","theDuelist:SuperheavyDaihachi","theDuelist:SuperheavyBlueBrawler","theDuelist:SuperheavyBenkei","theDuelist:MillenniumGolem"],"relics":["theDuelist:MillenniumPuzzle","theDuelist:CardPoolRelic","theDuelist:CardPoolBasicRelic","theDuelist:BoosterPackPoolRelic","theDuelist:CardPoolAddRelic","theDuelist:CardPoolMinusRelic","theDuelist:CardPoolSaveRelic","theDuelist:CardPoolOptionsRelic","REME_ComplimentaryCards","Tiny Chest","Snake Skull","theDuelist:ShopToken","Pen Nib","PreservedInsect","theDuelist:DuelistTeaSet","Red Skull","MealTicket"],"acts_visited":["Exordium","TheCity"],"potions_floor_usage":[7,10,16,16,21],"damage_taken":[{"damage":0,"enemies":"Small Slimes","floor":1,"turns":3},{"damage":7,"enemies":"2 Louse","floor":4,"turns":5},{"damage":38,"enemies":"Lagavulin","floor":7,"turns":7},{"damage":34,"enemies":"3 Sentries","floor":10,"turns":5},{"damage":0,"enemies":"Cultist","floor":12,"turns":3},{"damage":3,"enemies":"Hexaghost","floor":16,"turns":8},{"damage":26,"enemies":"Spheric Guardian","floor":18,"turns":6},{"damage":0,"enemies":"Chosen","floor":19,"turns":6},{"damage":26,"enemies":"Centurion and Healer","floor":21,"turns":7},{"damage":41,"enemies":"Masked Bandits","floor":22,"turns":3}],"seed_played":"7934956793633067971","potions_obtained":[{"floor":1,"key":"theDuelist:FireBottle"},{"floor":7,"key":"AttackPotion"},{"floor":10,"key":"theDuelist:VoidBottle"},{"floor":11,"key":"LiquidBronze"},{"floor":19,"key":"AttackPotion"}],"is_trial":false,"path_per_floor":["M","?","?","M","$","R","E","R","T","E","?","M","R","T","R","B",null,"M","M","?","M","?"],"character_chosen":"THE_DUELIST","items_purchased":["theDuelist:GauntletWarrior","Tiny Chest","Snake Skull","theDuelist:ShopToken","Pen Nib"],"campfire_rested":4,"item_purchase_floors":[0,0,0,5,5],"current_hp_per_floor":[56,56,56,49,49,73,35,59,59,25,25,25,49,49,73,70,78,52,63,63,37,0,0],"gold":338,"neow_bonus":"","is_daily":false,"chose_seed":false,"campfire_upgraded":0,"win_rate":0.0,"timestamp":1608288975,"path_taken":["M","?","?","M","$","R","E","R","T","E","?","M","R","?","R","BOSS","M","M","?","M","?"],"items_purchased_type":["Card","Relic","Relic","Relic","Relic"],"build_version":"2020-12-13","purchased_purges":8,"victory":false,"max_hp_per_floor":[80,80,80,80,80,80,80,80,80,80,80,80,80,80,80,80,80,80,80,80,80,80,80],"card_choices":[{"not_picked":["theDuelist:CombinationAttack","theDuelist:BetaMagnet","theDuelist:Downbeat","theDuelist:BattleWarrior"],"picked":"theDuelist:SuperheavySoulhorns","floor":1},{"not_picked":["theDuelist:MeteorDestruction","theDuelist:CombinationAttack","theDuelist:OnslaughtFireKings","theDuelist:DarkBurningAttack","theDuelist:AdvanceForce"],"picked":"SKIP","floor":4},{"not_picked":["theDuelist:MightyWarrior","theDuelist:HardArmor","theDuelist:DarkBurningAttack","theDuelist:ChaosSeed"],"picked":"theDuelist:Mudballman","floor":7},{"not_picked":["theDuelist:DawnKnight","theDuelist:Mudballman","theDuelist:DarkOccultism","theDuelist:DokiDoki"],"picked":"theDuelist:SuperheavyDaihachi","floor":10},{"not_picked":["theDuelist:CrossAttack","theDuelist:EulerCircuit","theDuelist:SuperheavySwordsman","theDuelist:ReinforcementsArmy"],"picked":"theDuelist:SuperheavyBlueBrawler","floor":12},{"not_picked":["theDuelist:BrilliantSpark","theDuelist:GravityLash","theDuelist:GlowingCrossbow","theDuelist:LightningBlade"],"picked":"theDuelist:SuperheavyBenkei","floor":16},{"not_picked":["theDuelist:HammerShot","theDuelist:GemElephant","theDuelist:GaiaMidNightSun","theDuelist:TimeSeal"],"picked":"theDuelist:DianKeto","floor":18},{"not_picked":["theDuelist:AttackTheMoon","theDuelist:DarklordSuperbia","theDuelist:Mudora","theDuelist:DestroyerGolem"],"picked":"theDuelist:MillenniumGolem","floor":19},{"not_picked":["theDuelist:BattleguardKing","theDuelist:Fissure","theDuelist:PotGreed","theDuelist:WormBarses","theDuelist:Sangan"],"picked":"SKIP","floor":21}],"player_experience":575872,"relics_obtained":[{"floor":7,"key":"PreservedInsect"},{"floor":9,"key":"theDuelist:DuelistTeaSet"},{"floor":10,"key":"Red Skull"},{"floor":14,"key":"MealTicket"}],"event_choices":[{"damage_healed":0,"gold_gain":0,"player_choice":"Leave","duelist":true,"damage_taken":0,"max_hp_gain":0,"max_hp_loss":0,"event_name":"Card Trader","floor":2,"gold_loss":0},{"damage_healed":0,"gold_gain":175,"player_choice":"AGREE","damage_taken":0,"max_hp_gain":0,"max_hp_loss":0,"event_name":"Liars Game","floor":3,"gold_loss":0,"cards_obtained":["Doubt"]},{"damage_healed":0,"gold_gain":0,"player_choice":"Bought 1 Potion","damage_taken":0,"max_hp_gain":0,"max_hp_loss":0,"event_name":"The Woman in Blue","floor":11,"gold_loss":0},{"damage_healed":0,"gold_gain":0,"player_choice":"Leave","duelist":true,"damage_taken":0,"max_hp_gain":0,"max_hp_loss":0,"event_name":"Egyptian Village","floor":20,"gold_loss":0},{"damage_healed":0,"gold_gain":0,"player_choice":"Fought Bandits","damage_taken":0,"max_hp_gain":0,"max_hp_loss":0,"event_name":"Masked Bandits","floor":22,"gold_loss":0}],"is_beta":false,"boss_relics":[{"not_picked":["Astrolabe","theDuelist:HauntedRelic","REME_DuelDisc"]}],"items_purged_floors":[0,0,0,0,0,0,0,5],"is_endless":false,"potions_floor_spawned":[1,7,10,19],"killed_by":"Masked Bandits","ascension_level":13}}