{"host":"usewcu4ohw2wtmxk","time":1608282655,"event":{"mods":["AchievementEnabler","BaseMod","Colored Powertips","Minty Spire (QoL Compilation)","Permanent Neow","Quick Restart","Relic Stats","StSLib"],"gold_per_floor":[116,126,126,147,162,162,205,205,205,236,265,290,315,355,355,460,460,473,473,500,258,308,339,339,373,418,62,77,96,121,140,140,226,226,239,258,278,278,303,336,336,336],"floor_reached":41,"playtime":1112,"items_purged":["Defend_P","Defend_P"],"score":1448,"play_id":"940555d7-893e-4bdd-bc07-82db81d809ce","local_time":"20201218171055","is_ascension_mode":true,"campfire_choices":[{"data":"Eruption","floor":6.0,"key":"SMITH"},{"data":"Wallop","floor":8.0,"key":"SMITH"},{"data":"WheelKick","floor":15.0,"key":"SMITH"},{"floor":24.0,"key":"RECALL"},{"data":"Adaptation","floor":32.0,"key":"SMITH"}],"circlet_count":0,"master_deck":["AscendersBane","Strike_P","Strike_P+1","Strike_P+1","Eruption+1","Vigilance+1","CutThroughFate","Adaptation+1","Wallop+1","Indignation","WheelKick+1","DeusExMachina+1","Ghostly+1","Ghostly+1","Ghostly+1","LessonLearned","Blasphemy+1","ForeignInfluence+1","Scrawl"],"relics":["HolyWater","Bloody Idol","CeramicFish","Bag of Preparation","Ornamental Fan","Odd Mushroom","Orichalcum","Nunchaku","Omamori","Smiling Mask","Dream Catcher","Ancient Tea Set","Runic Dome","GoldenEye","Shuriken"],"acts_visited":["Exordium","TheCity","TheBeyond"],"potions_floor_usage":[],"damage_taken":[{"damage":1.0,"enemies":"Small Slimes","floor":1.0,"turns":3.0},{"damage":2.0,"enemies":"2 Louse","floor":2.0,"turns":2.0},{"damage":0.0,"enemies":"Jaw Worm","floor":4.0,"turns":3.0},{"damage":12.0,"enemies":"3 Louse","floor":5.0,"turns":3.0},{"damage":2.0,"enemies":"Gremlin Nob","floor":7.0,"turns":3.0},{"damage":12.0,"enemies":"Lagavulin","floor":10.0,"turns":4.0},{"damage":6.0,"enemies":"The Mushroom Lair","floor":11.0,"turns":3.0},{"damage":0.0,"enemies":"Looter","floor":13.0,"turns":2.0},{"damage":0.0,"enemies":"Gremlin Nob","floor":14.0,"turns":3.0},{"damage":0.0,"enemies":"Slime Boss","floor":16.0,"turns":4.0},{"damage":0.0,"enemies":"Chosen","floor":18.0,"turns":2.0},{"damage":0.0,"enemies":"Book of Stabbing","floor":23.0,"turns":4.0},{"damage":0.0,"enemies":"Gremlin Leader","floor":25.0,"turns":3.0},{"damage":4.0,"enemies":"3 Byrds","floor":28.0,"turns":3.0},{"damage":0.0,"enemies":"Sentry and Sphere","floor":29.0,"turns":3.0},{"damage":0.0,"enemies":"Slavers","floor":30.0,"turns":4.0},{"damage":0.0,"enemies":"Shelled Parasite and Fungi","floor":31.0,"turns":3.0},{"damage":0.0,"enemies":"Automaton","floor":33.0,"turns":7.0},{"damage":0.0,"enemies":"3 Shapes","floor":35.0,"turns":3.0},{"damage":0.0,"enemies":"Orb Walker","floor":36.0,"turns":4.0},{"damage":0.0,"enemies":"Maw","floor":37.0,"turns":3.0},{"damage":0.0,"enemies":"Mind Bloom Boss Battle","floor":39.0,"turns":3.0},{"damage":1.0,"enemies":"Nemesis","floor":40.0,"turns":3.0},{"damage":100000,"enemies":"4 Shapes","floor":41,"turns":2}],"seed_played":"-2858166942801539981","potions_obtained":[{"floor":4.0,"key":"DuplicationPotion"},{"floor":5.0,"key":"GamblersBrew"},{"floor":16.0,"key":"DistilledChaos"},{"floor":28.0,"key":"SkillPotion"},{"floor":30.0,"key":"Ambrosia"},{"floor":35.0,"key":"BottledMiracle"}],"is_trial":false,"path_per_floor":["M","M","?","M","M","R","E","R","T","E","?","T","M","E","R","B",null,"M","?","?","$","?","E","R","E","T","$","M","M","E","M","R","B",null,"M","M","M","?","?","E","M"],"character_chosen":"WATCHER","items_purchased":["Omamori","LessonLearned","Blasphemy"],"campfire_rested":0,"item_purchase_floors":[21,27,27],"current_hp_per_floor":[60,58,56,56,44,44,42,42,42,30,24,24,24,24,24,24,48,48,48,28,28,28,28,28,28,28,28,28,28,28,28,28,28,28,28,28,28,28,28,28,0,0],"gold":336,"neow_bonus":"REMOVE_TWO","is_daily":false,"chose_seed":false,"campfire_upgraded":4,"win_rate":0.0,"timestamp":1608282655,"path_taken":["M","M","?","M","M","R","E","R","T","E","?","?","M","E","R","BOSS","M","?","?","$","?","E","R","E","T","$","?","M","E","M","R","BOSS","M","M","?","?","?","E","M"],"items_purchased_type":["Relic","Card","Card"],"build_version":"2020-12-13","purchased_purges":2,"victory":false,"max_hp_per_floor":[62,62,56,56,56,56,56,56,56,56,56,56,56,56,56,56,56,56,56,28,28,28,28,28,28,28,28,28,28,28,28,28,28,28,28,28,28,28,28,28,28,28],"relic_stats":{"Nunchaku":[12],"Dream Catcher":0,"counters":[24,76],"Ornamental Fan":[116],"Shuriken":[1],"Bloody Idol":5,"CeramicFish":90,"Bag of Preparation":[36],"Orichalcum":[84],"Smiling Mask":50,"GoldenEye":[4],"obtain_stats":[{"Golden Idol":3,"CeramicFish":7,"Bag of Preparation":9,"Omamori":21,"Odd Mushroom":11,"Orichalcum":12,"Smiling Mask":23,"Ancient Tea Set":30,"GoldenEye":39,"Runic Dome":34,"Nunchaku":14,"Dream Catcher":25,"Ornamental Fan":10,"Shuriken":40,"Bloody Idol":19,"HolyWater":17,"PureWater":0},{"Golden Idol":2,"CeramicFish":5,"Bag of Preparation":5,"Omamori":11,"Odd Mushroom":7,"Orichalcum":7,"Smiling Mask":12,"Ancient Tea Set":16,"GoldenEye":22,"Runic Dome":18,"Nunchaku":9,"Dream Catcher":13,"Ornamental Fan":6,"Shuriken":23,"Bloody Idol":11,"HolyWater":10,"PureWater":0},{"Golden Idol":5,"CeramicFish":14,"Bag of Preparation":14,"Omamori":32,"Odd Mushroom":21,"Orichalcum":21,"Smiling Mask":36,"Ancient Tea Set":49,"GoldenEye":72,"Runic Dome":59,"Nunchaku":26,"Dream Catcher":39,"Ornamental Fan":18,"Shuriken":75,"Bloody Idol":32,"HolyWater":30,"PureWater":0}]},"card_choices":[{"not_picked":["DeceiveReality","SignatureMove"],"picked":"CutThroughFate","floor":1.0},{"not_picked":["Protect","Indignation"],"picked":"Adaptation","floor":2.0},{"not_picked":["Halt","EmptyBody","FlyingSleeves"],"picked":"SKIP","floor":4.0},{"not_picked":["Vengeance","Collect"],"picked":"Wallop","floor":5.0},{"not_picked":["ClearTheMind","Protect"],"picked":"Indignation","floor":7.0},{"not_picked":["Weave","Wireheading","PathToVictory"],"picked":"SKIP","floor":10.0},{"not_picked":["Prostrate","Consecrate","Weave"],"picked":"SKIP","floor":13.0},{"not_picked":["Consecrate","Halt"],"picked":"WheelKick","floor":14.0},{"not_picked":["ConjureBlade","Scrawl"],"picked":"DeusExMachina","floor":16.0},{"not_picked":["Evaluate","Halt","Collect"],"picked":"SKIP","floor":18.0},{"not_picked":["Crescendo","Alpha","SashWhip"],"picked":"SKIP","floor":23.0},{"not_picked":["WheelKick","Study","SashWhip"],"picked":"SKIP","floor":25.0},{"not_picked":["BattleHymn+1","PathToVictory+1","WindmillStrike"],"picked":"SKIP","floor":28.0},{"not_picked":["PathToVictory","WindmillStrike","FollowUp"],"picked":"SKIP","floor":29.0},{"not_picked":["EmptyBody","Vengeance","Halt"],"picked":"SKIP","floor":30.0},{"not_picked":["BattleHymn","ConjureBlade"],"picked":"ForeignInfluence+1","floor":31.0},{"not_picked":["Alpha","ConjureBlade"],"picked":"Scrawl","floor":33.0},{"not_picked":["SashWhip","PathToVictory","DeceiveReality+1"],"picked":"SKIP","floor":35.0},{"not_picked":["EmptyBody+1","Prostrate+1","Collect"],"picked":"SKIP","floor":36.0},{"not_picked":["Indignation","Consecrate","MasterReality"],"picked":"SKIP","floor":37.0},{"not_picked":["MentalFortress","FollowUp","LessonLearned"],"picked":"SKIP","floor":40.0}],"player_experience":287397,"relics_obtained":[{"floor":7.0,"key":"CeramicFish"},{"floor":9.0,"key":"Bag of Preparation"},{"floor":10.0,"key":"Ornamental Fan"},{"floor":11.0,"key":"Odd Mushroom"},{"floor":12.0,"key":"Orichalcum"},{"floor":14.0,"key":"Nunchaku"},{"floor":23.0,"key":"Smiling Mask"},{"floor":25.0,"key":"Dream Catcher"},{"floor":30.0,"key":"Ancient Tea Set"},{"floor":39.0,"key":"GoldenEye"},{"floor":40.0,"key":"Shuriken"}],"event_choices":[{"damage_healed":0.0,"max_hp_gain":0.0,"max_hp_loss":6.0,"gold_gain":0.0,"event_name":"Golden Idol","player_choice":"Lose Max HP","floor":3.0,"gold_loss":0.0,"damage_taken":0.0,"relics_obtained":["Golden Idol"]},{"damage_healed":0.0,"max_hp_gain":0.0,"max_hp_loss":0.0,"gold_gain":0.0,"event_name":"Mushrooms","player_choice":"Fought Mushrooms","floor":11.0,"gold_loss":0.0,"damage_taken":0.0},{"damage_healed":0.0,"max_hp_gain":0.0,"max_hp_loss":0.0,"gold_gain":0.0,"event_name":"Forgotten Altar","player_choice":"Gave Idol","floor":19.0,"relics_lost":["Golden Idol"],"gold_loss":0.0,"damage_taken":0.0,"relics_obtained":["Bloody Idol"]},{"damage_healed":0.0,"max_hp_gain":0.0,"max_hp_loss":28.0,"gold_gain":0.0,"event_name":"Ghosts","player_choice":"Became a Ghost","floor":20.0,"gold_loss":0.0,"damage_taken":0.0,"cards_obtained":["Ghostly","Ghostly","Ghostly"]},{"damage_healed":0.0,"max_hp_gain":0.0,"max_hp_loss":0.0,"gold_gain":100.0,"event_name":"The Joust","player_choice":"Bet on Murderer","floor":22.0,"gold_loss":50.0,"damage_taken":0.0},{"cards_removed":["Strike_P"],"damage_healed":0.0,"max_hp_gain":0.0,"max_hp_loss":0.0,"gold_gain":0.0,"event_name":"Falling","player_choice":"Removed Attack","floor":38.0,"gold_loss":0.0,"damage_taken":0.0},{"damage_healed":0.0,"max_hp_gain":0.0,"max_hp_loss":0.0,"gold_gain":0.0,"event_name":"MindBloom","player_choice":"Fight","floor":39.0,"gold_loss":0.0,"damage_taken":0.0}],"is_beta":false,"boss_relics":[{"not_picked":["Calling Bell","Fusion Hammer"],"picked":"HolyWater"},{"not_picked":["Sozu","Busted Crown"],"picked":"Runic Dome"}],"items_purged_floors":[21,27],"is_endless":false,"potions_floor_spawned":[4,5,7,13,16,23,28,30,31,35],"killed_by":"4 Shapes","ascension_level":20}}