{"host":"wdiovb6uv7szux0m","time":1608322024,"event":{"mods":["BaseMod","Minty Spire (QoL Compilation)","StSLib","The Bug Knight","The Druid"],"gold_per_floor":[119,131,147,97,97,124,139,139,139,150,162,180,198,198,198,318,318,338,263,263,274,19,44,44,62,117,117,127,142,142,157,157,258,308,328,17,17,17,32,32,43,43,67,80,80,80,92,92,92,92,92],"floor_reached":50,"playtime":2712,"items_purged":["Strike_G","Strike_G","Injury"],"score":518,"play_id":"61e97f67-dddd-48e8-8d48-ef7e5cc08244","local_time":"20201218110704","is_ascension_mode":false,"campfire_choices":[{"floor":8,"key":"REST"},{"floor":15,"key":"REST"},{"floor":24,"key":"REST"},{"floor":27,"key":"REST"},{"floor":32,"key":"REST"},{"floor":40,"key":"RECALL"},{"floor":49,"key":"REST"}],"circlet_count":0,"master_deck":["Strike_G","Defend_G+1","Defend_G","Defend_G","Survivor","Neutralize","Poisoned Stab","Deflect","Bane+1","Skewer+1","Venomology+1","Crippling Poison","Dodge and Roll+1","Poisoned Stab+1","Backflip","Skewer+1","Slice+1","Quick Slash+1"],"relics":["Ring of the Snake","Ice Cream","Bottled Flame","Molten Egg 2","Velvet Choker","Nloth\u0027s Gift","Chemical X","Juzu Bracelet","Tiny House","ClockworkSouvenir","Dream Catcher"],"acts_visited":["Exordium","TheCity","TheBeyond"],"potions_floor_usage":[10,16,16,18,21,23,23,25,28,33,33,33,35,39,39,41,41,41,44,47,50,50,50],"damage_taken":[{"damage":0,"enemies":"Jaw Worm","floor":1,"turns":5},{"damage":0,"enemies":"Cultist","floor":2,"turns":3},{"damage":0,"enemies":"Small Slimes","floor":3,"turns":2},{"damage":50,"enemies":"3 Sentries","floor":6,"turns":13},{"damage":0,"enemies":"Exordium Wildlife","floor":7,"turns":4},{"damage":4,"enemies":"Lots of Slimes","floor":10,"turns":7},{"damage":0,"enemies":"3 Louse","floor":11,"turns":3},{"damage":7,"enemies":"Looter","floor":12,"turns":2},{"damage":17,"enemies":"Gremlin Gang","floor":13,"turns":6},{"damage":0,"enemies":"Slime Boss","floor":16,"turns":6},{"damage":10,"enemies":"Spheric Guardian","floor":18,"turns":3},{"damage":12,"enemies":"2 Thieves","floor":21,"turns":4},{"damage":35,"enemies":"Gremlin Leader","floor":23,"turns":4},{"damage":1,"enemies":"Snecko","floor":25,"turns":3},{"damage":20,"enemies":"Sentry and Sphere","floor":28,"turns":6},{"damage":10,"enemies":"Shelled Parasite and Fungi","floor":29,"turns":6},{"damage":8,"enemies":"Centurion and Healer","floor":31,"turns":6},{"damage":30,"enemies":"Champ","floor":33,"turns":9},{"damage":2,"enemies":"3 Shapes","floor":35,"turns":8},{"damage":5,"enemies":"Orb Walker","floor":39,"turns":3},{"damage":1,"enemies":"3 Darklings","floor":41,"turns":5},{"damage":11,"enemies":"Sphere and 2 Shapes","floor":44,"turns":4},{"damage":14,"enemies":"4 Shapes","floor":47,"turns":5},{"damage":116,"enemies":"Donu and Deca","floor":50,"turns":9}],"seed_played":"7059520923119919792","potions_obtained":[{"floor":3,"key":"DuplicationPotion"},{"floor":7,"key":"Regen Potion"},{"floor":11,"key":"CultistPotion"},{"floor":13,"key":"CunningPotion"},{"floor":16,"key":"PowerPotion"},{"floor":18,"key":"ColorlessPotion"},{"floor":28,"key":"Fruit Juice"},{"floor":31,"key":"SkillPotion"},{"floor":33,"key":"FairyPotion"},{"floor":34,"key":"Weak Potion"},{"floor":41,"key":"Weak Potion"},{"floor":42,"key":"Energy Potion"},{"floor":47,"key":"BlessingOfTheForge"}],"is_trial":false,"path_per_floor":["M","M","M","?","?","E","M","R","T","M","M","M","M","?","R","B",null,"M","$","?","M","$","E","R","M","T","R","M","M","?","M","R","B",null,"M","$","?","?","M","R","M","?","T","M","$","?","M","?","R","B"],"character_chosen":"THE_SILENT","items_purchased":["Chemical X","Skewer+1","ClockworkSouvenir"],"campfire_rested":6,"item_purchase_floors":[22,36,36],"current_hp_per_floor":[63,63,63,63,63,13,13,31,31,42,42,35,18,18,36,36,63,53,53,53,41,41,6,24,23,23,41,26,16,38,30,50,20,73,71,71,71,71,66,66,65,65,65,54,54,54,40,40,61,0,0],"gold":92,"neow_bonus":"REMOVE_TWO","is_daily":false,"chose_seed":false,"campfire_upgraded":0,"win_rate":0.0,"timestamp":1608322024,"path_taken":["M","M","M","?","?","E","M","R","T","M","?","M","M","?","R","BOSS","M","$","?","M","$","E","R","M","T","R","M","M","?","M","R","BOSS","M","$","?","?","M","R","M","?","T","M","$","?","M","?","R","BOSS"],"items_purchased_type":["Relic","Card","Relic"],"build_version":"2020-12-13","purchased_purges":3,"victory":false,"max_hp_per_floor":[63,63,63,63,63,63,63,63,63,63,63,63,63,63,63,63,63,63,63,63,63,63,63,63,63,63,63,68,68,68,68,68,68,73,73,73,73,73,73,73,73,73,73,73,73,73,73,73,73,73,73],"card_choices":[{"not_picked":["All Out Attack","Cloak And Dagger"],"picked":"Poisoned Stab","floor":1},{"not_picked":["Concentrate","Sucker Punch","Prepared"],"picked":"SKIP","floor":2},{"not_picked":["Blade Dance","Sucker Punch","Flying Knee"],"picked":"SKIP","floor":3},{"not_picked":["Quick Slash","Cloak And Dagger"],"picked":"Deflect","floor":6},{"not_picked":["Flying Knee","Envenom","Calculated Gamble"],"picked":"SKIP","floor":7},{"not_picked":["Tactician","Calculated Gamble"],"picked":"PiercingWail","floor":10},{"not_picked":["Expertise","Prepared"],"picked":"Bane+1","floor":11},{"not_picked":["Slice+1","Tactician","Backstab+1"],"picked":"SKIP","floor":12},{"not_picked":["Dagger Spray+1","Tactician"],"picked":"Skewer+1","floor":13},{"not_picked":["Glass Knife+1","After Image"],"picked":"Venomology","floor":16},{"not_picked":["Reflex","Masterful Stab+1","Sucker Punch+1"],"picked":"SKIP","floor":18},{"not_picked":["Sucker Punch+1","Prepared+1","Dodge and Roll"],"picked":"SKIP","floor":21},{"not_picked":["After Image","Prepared"],"picked":"Crippling Poison","floor":23},{"not_picked":["Dodge and Roll","Blade Dance","Outmaneuver"],"picked":"SKIP","floor":25},{"not_picked":["Bane+1","Distraction"],"picked":"Dodge and Roll+1","floor":28},{"not_picked":["Leg Sweep","Deflect"],"picked":"Poisoned Stab+1","floor":29},{"not_picked":["Underhanded Strike+1","Accuracy+1"],"picked":"Backflip","floor":31},{"not_picked":["Dagger Throw+1","Underhanded Strike+1","Cloak And Dagger"],"picked":"SKIP","floor":35},{"not_picked":["Underhanded Strike+1","Quick Slash+1","Caltrops+1"],"picked":"SKIP","floor":39},{"not_picked":["Setup","Bane+1","Blade Dance"],"picked":"SKIP","floor":41},{"not_picked":["Accuracy+1","Masterful Stab+1"],"picked":"Slice+1","floor":44},{"not_picked":["Slice+1","Wraith Form v2"],"picked":"Quick Slash+1","floor":47}],"player_experience":1499223,"relics_obtained":[{"floor":6,"key":"Bottled Flame"},{"floor":9,"key":"Molten Egg 2"},{"floor":23,"key":"Juzu Bracelet"},{"floor":43,"key":"Dream Catcher"}],"event_choices":[{"cards_removed":["Strike_G"],"damage_healed":0,"gold_gain":0,"player_choice":"Card Removal","damage_taken":0,"max_hp_gain":0,"max_hp_loss":0,"event_name":"The Cleric","floor":4,"gold_loss":50},{"damage_healed":0,"gold_gain":0,"player_choice":"Gave Potion","damage_taken":0,"relics_obtained":["Ice Cream"],"max_hp_gain":0,"max_hp_loss":0,"event_name":"WeMeetAgain","floor":5,"gold_loss":0},{"damage_healed":0,"gold_gain":0,"player_choice":"Take Wound","damage_taken":0,"relics_obtained":["Golden Idol"],"max_hp_gain":0,"max_hp_loss":0,"event_name":"Golden Idol","floor":14,"gold_loss":0,"cards_obtained":["Injury"]},{"damage_healed":0,"gold_gain":0,"player_choice":"Traded Relic","damage_taken":0,"relics_obtained":["Nloth\u0027s Gift"],"max_hp_gain":0,"max_hp_loss":0,"event_name":"N\u0027loth","floor":20,"relics_lost":["Golden Idol"],"gold_loss":0},{"damage_healed":22,"gold_gain":0,"player_choice":"Heal","damage_taken":0,"max_hp_gain":0,"max_hp_loss":0,"event_name":"The Library","floor":30,"gold_loss":0},{"cards_removed":["PiercingWail"],"damage_healed":0,"gold_gain":0,"player_choice":"Removed Skill","damage_taken":0,"max_hp_gain":0,"max_hp_loss":0,"event_name":"Falling","floor":37,"gold_loss":0},{"cards_removed":["Defend_G"],"damage_healed":0,"gold_gain":0,"player_choice":"Offered Basic","damage_taken":0,"max_hp_gain":0,"max_hp_loss":0,"event_name":"Bonfire Elementals","floor":38,"gold_loss":0},{"damage_healed":0,"gold_gain":0,"player_choice":"Got Potions","damage_taken":0,"max_hp_gain":0,"max_hp_loss":0,"event_name":"Lab","floor":42,"gold_loss":0},{"damage_healed":0,"gold_gain":0,"player_choice":"Ignored","damage_taken":0,"max_hp_gain":0,"max_hp_loss":0,"event_name":"Mysterious Sphere","floor":46,"gold_loss":0},{"damage_healed":0,"gold_gain":0,"player_choice":"Upgraded","damage_taken":0,"max_hp_gain":0,"max_hp_loss":0,"event_name":"Upgrade Shrine","floor":48,"gold_loss":0,"cards_upgraded":["Venomology"]}],"is_beta":false,"boss_relics":[{"not_picked":["SacredBark","Runic Pyramid"],"picked":"Velvet Choker"},{"not_picked":["Fusion Hammer","Cursed Key"],"picked":"Tiny House"}],"items_purged_floors":[19,22,36],"is_endless":false,"potions_floor_spawned":[3,7,11,13,16,18,28,31,33,41,47],"killed_by":"Donu and Deca","ascension_level":0}}