{"host":"a61r67bv2jut9r88","time":1608256821,"event":{"mods":["BaseMod","Minty Spire (QoL Compilation)","Replay The Spire","Shop Mod","StSLib","SuperFastMode","The Runesmith"],"gold_per_floor":[109,34,34,34,34,34,34,34,83,95,121,162,192,224,236,248,248],"floor_reached":16,"playtime":750,"items_purged":["Strike_G"],"score":98,"play_id":"bf1edd21-241e-4957-949e-940ffe6b99e1","local_time":"20201218100021","is_ascension_mode":false,"campfire_choices":[{"data":"Strike_G","floor":6,"key":"SMITH"},{"data":"Strike_G","floor":8,"key":"SMITH"},{"floor":15,"key":"REST"}],"circlet_count":0,"master_deck":["Strike_G+1","Strike_G+1","Strike_G","Strike_G","Defend_G","Defend_G","Defend_G","Defend_G+1","Defend_G","Survivor+1","Neutralize","Prepared+1","Dodge and Roll"],"relics":["Sizzling Blood","MawBank","Pen Nib"],"acts_visited":["Exordium"],"potions_floor_usage":[12,12,16],"damage_taken":[{"damage":7,"enemies":"Small Slimes","floor":1,"turns":4},{"damage":0,"enemies":"2 Louse","floor":11,"turns":3},{"damage":40,"enemies":"Lagavulin","floor":12,"turns":11},{"damage":0,"enemies":"Jaw Worm","floor":13,"turns":4},{"damage":2,"enemies":"Lots of Slimes","floor":14,"turns":5},{"damage":57,"enemies":"The Guardian","floor":16,"turns":22}],"seed_played":"-8703242513418313093","potions_obtained":[{"floor":1,"key":"LiquidMemories"},{"floor":11,"key":"SkillPotion"},{"floor":14,"key":"SkillPotion"}],"is_trial":false,"path_per_floor":["M","$","?","$","?","R","?","R","T","$","M","E","M","M","R","B"],"character_chosen":"THE_SILENT","items_purchased":[],"campfire_rested":1,"item_purchase_floors":[],"current_hp_per_floor":[70,70,70,70,55,55,59,59,59,59,63,27,31,33,57,0,0],"gold":248,"neow_bonus":"TEN_PERCENT_HP_BONUS","is_daily":false,"chose_seed":false,"campfire_upgraded":2,"win_rate":0.0,"timestamp":1608256821,"path_taken":["M","$","?","$","?","R","?","R","T","?","?","E","M","M","R","BOSS"],"items_purchased_type":[],"build_version":"2020-12-13","purchased_purges":1,"victory":false,"max_hp_per_floor":[77,77,77,77,77,77,81,81,81,81,81,81,81,81,81,81,81],"card_choices":[{"not_picked":["Reflex","Predator"],"picked":"Prepared","floor":1},{"not_picked":["Outmaneuver","Concentrate","Poisoned Stab"],"picked":"SKIP","floor":11},{"not_picked":["Deflect","Quick Slash"],"picked":"Dodge and Roll","floor":12},{"not_picked":["Underhanded Strike","Outmaneuver","Tactician"],"picked":"SKIP","floor":13},{"not_picked":["Blade Dance","Predator","Masterful Stab"],"picked":"SKIP","floor":14}],"player_experience":345246,"relics_obtained":[{"floor":9,"key":"MawBank"},{"floor":12,"key":"Pen Nib"}],"event_choices":[{"damage_healed":0,"gold_gain":0,"player_choice":"Entered Light","damage_taken":15,"max_hp_gain":0,"max_hp_loss":0,"event_name":"Shining Light","floor":5,"gold_loss":0,"cards_upgraded":["Prepared","Survivor"]}],"is_beta":false,"boss_relics":[],"items_purged_floors":[2],"is_endless":false,"potions_floor_spawned":[1,11,14],"killed_by":"The Guardian","ascension_level":0}}