{"host":"hgkb2zpbo2dcws21","time":1608301540,"event":{"mods":["AchievementEnabler","BaseMod","Colored Map","Colored Powertips","Custom Start","DeckTracker","KOR Keyword Fix","Minty Spire (QoL Compilation)","StSLib","SuperFastMode"],"gold_per_floor":[114,127,138,151,151,151,183,183,207,207,236,236,252,262,262,336,336,351,351,276,276,293,293,313,313,313,313,327,342,376,276,276,355,355,369,100,0,100,117,117,142,154,179,191,218,230,230],"floor_reached":46,"playtime":1593,"items_purged":["Defend_P","Defend_P","FollowUp"],"score":944,"play_id":"fcf9a9d3-f6be-48d2-859e-2d002f86f70a","local_time":"20201218232540","is_ascension_mode":true,"campfire_choices":[{"data":"Eruption","floor":6,"key":"SMITH"},{"data":"Adaptation","floor":8,"key":"SMITH"},{"data":"Scrawl","floor":10,"key":"SMITH"},{"data":"InnerPeace","floor":12,"key":"SMITH"},{"data":"Meditate","floor":15,"key":"SMITH"},{"data":"Pray","floor":23,"key":"SMITH"},{"data":"Prostrate","floor":25,"key":"SMITH"},{"data":"Brilliance","floor":27,"key":"SMITH"},{"data":"EmptyMind","floor":32,"key":"SMITH"},{"data":"DevaForm","floor":40,"key":"SMITH"}],"circlet_count":0,"master_deck":["AscendersBane","Strike_P+1","Strike_P+1","Defend_P","Defend_P+1","Eruption+1","Vigilance+1","Pray+1","Meditate+1","Scrawl+1","Adaptation+1","InnerPeace+1","Wallop","Brilliance+1","Prostrate+1","EmptyMind+1","WheelKick","TalkToTheHand+1","Worship+1","Sanctity+1","DevaForm+1"],"relics":["PureWater","NeowsBlessing","Art of War","Whetstone","Toy Ornithopter","VioletLotus","Pantograph","Matryoshka","Sozu","War Paint","Red Mask","HornCleat","Dream Catcher","MawBank"],"acts_visited":["Exordium","TheCity","TheBeyond"],"potions_floor_usage":[7,16,24],"damage_taken":[{"damage":0,"enemies":"Cultist","floor":1,"turns":1},{"damage":0,"enemies":"2 Louse","floor":2,"turns":1},{"damage":0,"enemies":"Small Slimes","floor":3,"turns":1},{"damage":2,"enemies":"2 Fungi Beasts","floor":4,"turns":3},{"damage":14,"enemies":"3 Sentries","floor":7,"turns":8},{"damage":8,"enemies":"Gremlin Nob","floor":11,"turns":3},{"damage":0,"enemies":"Large Slime","floor":13,"turns":3},{"damage":13,"enemies":"Exordium Thugs","floor":14,"turns":2},{"damage":0,"enemies":"Slime Boss","floor":16,"turns":5},{"damage":0,"enemies":"Spheric Guardian","floor":18,"turns":1},{"damage":8,"enemies":"Chosen","floor":22,"turns":2},{"damage":7,"enemies":"Sentry and Sphere","floor":24,"turns":3},{"damage":0,"enemies":"Chosen and Byrds","floor":28,"turns":4},{"damage":0,"enemies":"Cultist and Chosen","floor":29,"turns":4},{"damage":5,"enemies":"Book of Stabbing","floor":30,"turns":3},{"damage":65,"enemies":"Automaton","floor":33,"turns":7},{"damage":0,"enemies":"3 Shapes","floor":35,"turns":3},{"damage":10,"enemies":"3 Darklings","floor":39,"turns":4},{"damage":29,"enemies":"Nemesis","floor":41,"turns":3},{"damage":12,"enemies":"Sphere and 2 Shapes","floor":42,"turns":4},{"damage":0,"enemies":"Maw","floor":45,"turns":4},{"damage":2,"enemies":"4 Shapes","floor":46,"turns":1}],"seed_played":"1533718902580105799","potions_obtained":[{"floor":1,"key":"AttackPotion"},{"floor":4,"key":"Explosive Potion"},{"floor":11,"key":"SpeedPotion"},{"floor":16,"key":"Fire Potion"},{"floor":24,"key":"EssenceOfSteel"}],"is_trial":false,"path_per_floor":["M","M","M","M","?","R","E","R","T","R","E","R","M","M","R","B",null,"M","?","$","?","M","R","M","R","T","R","M","M","E","$","R","B",null,"M","$","?","?","M","R","E","M","T","?","M","M"],"character_chosen":"WATCHER","items_purchased":["War Paint"],"campfire_rested":0,"item_purchase_floors":[36],"current_hp_per_floor":[61,61,61,59,59,59,45,45,45,45,37,37,37,24,24,29,58,58,58,58,58,50,50,48,48,48,48,48,48,43,43,43,3,52,52,52,52,52,42,42,13,1,1,1,1,0,0],"gold":230,"neow_bonus":"THREE_ENEMY_KILL","is_daily":false,"chose_seed":false,"campfire_upgraded":10,"win_rate":0.0,"timestamp":1608301540,"path_taken":["M","M","M","?","?","R","E","R","T","R","E","R","?","M","R","BOSS","M","?","$","?","M","R","M","R","T","R","M","M","E","$","R","BOSS","M","$","?","?","?","R","E","M","T","?","M","M"],"items_purchased_type":["Relic"],"build_version":"2020-12-13","purchased_purges":3,"victory":false,"max_hp_per_floor":[68,68,68,68,68,68,68,68,68,68,68,68,68,68,68,68,68,68,68,68,68,68,68,68,68,68,68,68,68,68,68,68,68,68,68,68,68,68,68,68,68,68,68,68,68,68,68],"card_choices":[{"not_picked":["WreathOfFlame","FlyingSleeves","Crescendo"],"picked":"SKIP","floor":1},{"not_picked":["WaveOfTheHand","Evaluate"],"picked":"Pray","floor":2},{"not_picked":["Consecrate","Wireheading"],"picked":"EmptyFist","floor":3},{"not_picked":["ThirdEye","Halt","ForeignInfluence"],"picked":"SKIP","floor":4},{"not_picked":["CrushJoints","Consecrate"],"picked":"Adaptation","floor":7},{"not_picked":["JustLucky","EmptyBody"],"picked":"InnerPeace","floor":11},{"not_picked":["Ragnarok","ThirdEye"],"picked":"Wallop","floor":13},{"not_picked":["BowlingBash","Weave"],"picked":"FollowUp","floor":14},{"not_picked":["Wish","DevaForm"],"picked":"Brilliance","floor":16},{"not_picked":["Halt","FlyingSleeves"],"picked":"Prostrate","floor":18},{"not_picked":["FollowUp","Halt+1","Conclude+1"],"picked":"SKIP","floor":22},{"not_picked":["FollowUp","Halt+1","Conclude+1"],"picked":"SKIP","floor":22},{"not_picked":["Conclude+1","Protect"],"picked":"TalkToTheHand+1","floor":24},{"not_picked":["Halt+1","Wireheading"],"picked":"Worship+1","floor":28},{"not_picked":["CutThroughFate","CrushJoints"],"picked":"Sanctity+1","floor":29},{"not_picked":["BowlingBash","CrushJoints","Nirvana"],"picked":"SKIP","floor":30},{"not_picked":["Ragnarok","Blasphemy"],"picked":"DevaForm","floor":33},{"not_picked":["EmptyFist+1","CutThroughFate+1","Perseverance+1"],"picked":"SKIP","floor":35},{"not_picked":["Consecrate","Prostrate","ClearTheMind"],"picked":"SKIP","floor":39},{"not_picked":["WindmillStrike","PathToVictory","SashWhip+1"],"picked":"SKIP","floor":41},{"not_picked":["Meditate","SashWhip+1","Omniscience"],"picked":"SKIP","floor":42},{"not_picked":["Crescendo","CutThroughFate","BowlingBash"],"picked":"SKIP","floor":45}],"player_experience":1085025,"relics_obtained":[{"floor":7,"key":"Art of War"},{"floor":9,"key":"Whetstone"},{"floor":11,"key":"Toy Ornithopter"},{"floor":26,"key":"Pantograph"},{"floor":30,"key":"Matryoshka"},{"floor":41,"key":"HornCleat"},{"floor":43,"key":"Dream Catcher"},{"floor":43,"key":"MawBank"}],"event_choices":[{"damage_healed":0,"gold_gain":0,"player_choice":"2 cards matched","damage_taken":0,"max_hp_gain":0,"max_hp_loss":0,"event_name":"Match and Keep!","floor":5,"gold_loss":0,"cards_obtained":["Meditate","Scrawl"]},{"damage_healed":0,"gold_gain":0,"cards_transformed":["Strike_P","Strike_P"],"player_choice":"Became Test Subject","damage_taken":0,"max_hp_gain":0,"max_hp_loss":0,"event_name":"Drug Dealer","floor":19,"gold_loss":0,"cards_obtained":["EmptyMind","WheelKick"]},{"damage_healed":0,"gold_gain":0,"player_choice":"Ignored","damage_taken":0,"max_hp_gain":0,"max_hp_loss":0,"event_name":"The Mausoleum","floor":21,"gold_loss":0},{"damage_healed":0,"gold_gain":0,"player_choice":"Paid","damage_taken":0,"relics_obtained":["Red Mask"],"max_hp_gain":0,"max_hp_loss":0,"event_name":"Tomb of Lord Red Mask","floor":37,"gold_loss":100},{"damage_healed":0,"gold_gain":100,"player_choice":"Pray","damage_taken":0,"max_hp_gain":0,"max_hp_loss":0,"event_name":"Golden Shrine","floor":38,"gold_loss":0},{"cards_removed":["EmptyFist"],"damage_healed":0,"gold_gain":0,"player_choice":"Removed Attack","damage_taken":0,"max_hp_gain":0,"max_hp_loss":0,"event_name":"Falling","floor":44,"gold_loss":0}],"is_beta":false,"boss_relics":[{"not_picked":["Velvet Choker","Fusion Hammer"],"picked":"VioletLotus"},{"not_picked":["Coffee Dripper","Runic Dome"],"picked":"Sozu"}],"items_purged_floors":[20,31,36],"is_endless":false,"potions_floor_spawned":[1,4,11,16,18,24,29,33,35,41,42],"killed_by":"4 Shapes","ascension_level":14}}