{"host":"i09pxcjttd31eh4q","time":1608306664,"event":{"mods":["AchievementEnabler","BaseMod","Colored Map","Keyboard Shortcuts","Minty Spire (QoL Compilation)","StSLib","SuperFastMode"],"gold_per_floor":[13,13,13,33,54,54,54,54,106,121,46,46,3,18,18,117,117,131,147,147,147,47,47,86,86,86,100,100,131,6,46,46,137,137,156,174,190,23,47,47,80,94,167,185,219,280,130,169,169,169,169,169,169,7,45,45],"floor_reached":57,"playtime":3757,"items_purged":["Strike_G","Defend_G","Strike_G","Defend_G"],"score":3386,"play_id":"a7459cc6-df36-47cb-aef1-22b41f1b06ab","local_time":"20201219005104","is_ascension_mode":true,"campfire_choices":[{"data":"Apotheosis","floor":6.0,"key":"SMITH"},{"data":"Prepared","floor":12.0,"key":"SMITH"},{"data":"Tactician","floor":15.0,"key":"SMITH"},{"data":"Footwork","floor":23.0,"key":"SMITH"},{"data":"Reflex","floor":25.0,"key":"SMITH"},{"floor":28.0,"key":"RECALL"},{"data":"Prepared","floor":32,"key":"SMITH"},{"data":"Calculated Gamble","floor":40,"key":"SMITH"},{"floor":49,"key":"REST"},{"floor":53,"key":"REST"}],"circlet_count":0,"master_deck":["AscendersBane","Defend_G","Defend_G","Survivor","Neutralize","Apotheosis+1","Deadly Poison","Backflip","Tactician+1","Prepared+1","Footwork+1","Bouncing Flask","Malaise","Blur+1","Reflex+1","Deflect","Heel Hook","Prepared+1","Adrenaline","Backflip+1","Tactician+1","Calculated Gamble+1","Escape Plan+1","Catalyst","Escape Plan","Backflip+1"],"relics":["Ring of the Serpent","Golden Idol","Gambling Chip","Empty Cage","Blood Vial","White Beast Statue","Nunchaku","Red Mask","DollysMirror","Tough Bandages","Ornamental Fan","HornCleat","Pocketwatch","Anchor","Orrery","Bottled Flame"],"acts_visited":["Exordium","TheCity","TheBeyond","TheEnding"],"potions_floor_usage":[29,31,41,50],"damage_taken":[{"damage":0.0,"enemies":"Cultist","floor":1.0,"turns":4.0},{"damage":8.0,"enemies":"Small Slimes","floor":4.0,"turns":4.0},{"damage":0.0,"enemies":"Jaw Worm","floor":5.0,"turns":5.0},{"damage":0.0,"enemies":"Lots of Slimes","floor":10.0,"turns":6.0},{"damage":0.0,"enemies":"Large Slime","floor":14.0,"turns":7.0},{"damage":0.0,"enemies":"Hexaghost","floor":16.0,"turns":8.0},{"damage":0.0,"enemies":"3 Byrds","floor":18.0,"turns":6.0},{"damage":0.0,"enemies":"Chosen","floor":19.0,"turns":4.0},{"damage":0.0,"enemies":"Book of Stabbing","floor":24.0,"turns":5.0},{"damage":24.0,"enemies":"3 Cultists","floor":27.0,"turns":9.0},{"damage":0,"enemies":"Gremlin Leader","floor":29,"turns":8},{"damage":8,"enemies":"Masked Bandits","floor":31,"turns":5},{"damage":15,"enemies":"Automaton","floor":33,"turns":10},{"damage":0,"enemies":"3 Darklings","floor":35,"turns":5},{"damage":0,"enemies":"Orb Walker","floor":36,"turns":3},{"damage":0,"enemies":"Sphere and 2 Shapes","floor":37,"turns":4},{"damage":0,"enemies":"4 Shapes","floor":39,"turns":8},{"damage":18,"enemies":"Nemesis","floor":41,"turns":11},{"damage":0,"enemies":"Spire Growth","floor":42,"turns":5},{"damage":0,"enemies":"Transient","floor":44,"turns":6},{"damage":0,"enemies":"Giant Head","floor":45,"turns":7},{"damage":21,"enemies":"2 Orb Walkers","floor":46,"turns":6},{"damage":0,"enemies":"Nemesis","floor":48,"turns":5},{"damage":0,"enemies":"Awakened One","floor":50,"turns":11},{"damage":0,"enemies":"Time Eater","floor":51,"turns":9},{"damage":0,"enemies":"Shield and Spear","floor":55,"turns":9},{"damage":0,"enemies":"The Heart","floor":56,"turns":8}],"seed_played":"-8121345171340272444","potions_obtained":[{"floor":4.0,"key":"CunningPotion"},{"floor":10.0,"key":"SmokeBomb"},{"floor":16.0,"key":"BlessingOfTheForge"},{"floor":18.0,"key":"PowerPotion"},{"floor":27.0,"key":"Swift Potion"},{"floor":29,"key":"PowerPotion"},{"floor":31,"key":"Strength Potion"},{"floor":33,"key":"Dexterity Potion"},{"floor":35,"key":"LiquidMemories"},{"floor":39,"key":"DistilledChaos"},{"floor":41,"key":"SpeedPotion"},{"floor":46,"key":"LiquidBronze"},{"floor":55,"key":"GamblersBrew"}],"is_trial":false,"path_per_floor":["M","$","?","M","M","R","?","?","T","M","$","R","$","M","R","B",null,"M","M","?","?","$","R","E","R","T","M","R","E","$","?","R","B",null,"M","M","M","$","M","R","E","M","T","M","E","?","$","E","R","B","B",null,"R","$","E","B",null],"character_chosen":"THE_SILENT","items_purchased":["Footwork","DollysMirror","Orrery"],"campfire_rested":2,"item_purchase_floors":[13,38,54],"current_hp_per_floor":[59,59,59,51,51,51,51,51,51,51,51,51,51,51,51,51,58,58,58,58,58,58,58,58,58,58,36,36,38,38,32,32,19,50,52,54,56,56,58,58,42,44,44,46,48,29,29,31,49,51,53,58,60,60,60,60],"gold":45,"neow_bonus":"RANDOM_COLORLESS_2","is_daily":false,"chose_seed":false,"campfire_upgraded":7,"win_rate":0.0,"timestamp":1608306664,"path_taken":["M","$","?","M","M","R","?","?","T","M","?","R","$","M","R","BOSS","M","?","?","?","$","R","E","R","T","M","R","E","$","?","R","BOSS","M","M","M","$","M","R","E","M","T","M","E","?","$","E","R","BOSS","BOSS","R","$","E","BOSS"],"items_purchased_type":["Card","Relic","Relic"],"build_version":"2020-12-13","purchased_purges":4,"victory":true,"max_hp_per_floor":[66,66,60,60,60,60,60,60,60,60,60,60,60,60,60,60,60,60,60,60,60,60,60,60,60,60,60,60,60,60,60,60,60,60,60,60,60,60,60,60,60,60,60,60,60,60,60,60,60,60,60,60,60,60,60,60],"card_choices":[{"not_picked":["HandOfGreed","Metamorphosis"],"picked":"Apotheosis","floor":0.0},{"not_picked":["Dagger Throw","Calculated Gamble"],"picked":"Deadly Poison","floor":1.0},{"not_picked":["Escape Plan","Terror"],"picked":"Backflip","floor":4.0},{"not_picked":["Noxious Fumes","Terror"],"picked":"Tactician","floor":5.0},{"not_picked":["Flying Knee","Expertise"],"picked":"Prepared","floor":10.0},{"not_picked":["PiercingWail","Dagger Spray"],"picked":"Bouncing Flask","floor":14.0},{"not_picked":["Bullet Time","Glass Knife"],"picked":"Malaise","floor":16.0},{"not_picked":["Footwork","Prepared"],"picked":"Blur+1","floor":18.0},{"not_picked":["Finisher+1","Masterful Stab"],"picked":"Reflex","floor":19.0},{"not_picked":["Finisher","Dodge and Roll+1","PiercingWail"],"picked":"SKIP","floor":24.0},{"not_picked":["Dodge and Roll","Prepared"],"picked":"Deflect","floor":27.0},{"not_picked":["Deadly Poison","Outmaneuver"],"picked":"Heel Hook","floor":29},{"not_picked":["Dagger Spray+1","Noxious Fumes"],"picked":"Prepared","floor":31},{"not_picked":["Malaise","Night Terror"],"picked":"Adrenaline","floor":33},{"not_picked":["Prepared","Leg Sweep","Dagger Spray"],"picked":"SKIP","floor":35},{"not_picked":["Deadly Poison","Sucker Punch+1"],"picked":"Backflip+1","floor":36},{"not_picked":["Footwork+1","Outmaneuver","Endless Agony"],"picked":"SKIP","floor":37},{"not_picked":["Endless Agony","Deadly Poison"],"picked":"Calculated Gamble","floor":39},{"not_picked":["Underhanded Strike","Poisoned Stab+1","Blade Dance"],"picked":"SKIP","floor":41},{"not_picked":["Underhanded Strike","Poisoned Stab+1","Blade Dance"],"picked":"SKIP","floor":41},{"not_picked":["Expertise+1","Dagger Throw+1"],"picked":"Escape Plan+1","floor":42},{"not_picked":["Tactician","Venomology","Quick Slash"],"picked":"SKIP","floor":44},{"not_picked":["Blade Dance","Flying Knee"],"picked":"Catalyst","floor":45},{"not_picked":["Distraction","Expertise","Flechettes"],"picked":"SKIP","floor":48},{"not_picked":["Dagger Throw","Tactician+1"],"picked":"Escape Plan","floor":54},{"not_picked":["Blade Dance","Distraction+1"],"picked":"Backflip+1","floor":54},{"not_picked":["Crippling Poison","Storm of Steel","Dagger Throw"],"picked":"SKIP","floor":55}],"player_experience":743023,"relics_obtained":[{"floor":24.0,"key":"Blood Vial"},{"floor":26.0,"key":"White Beast Statue"},{"floor":29,"key":"Nunchaku"},{"floor":31,"key":"Red Mask"},{"floor":41,"key":"Tough Bandages"},{"floor":43,"key":"Ornamental Fan"},{"floor":45,"key":"HornCleat"},{"floor":46,"key":"Pocketwatch"},{"floor":48,"key":"Anchor"},{"floor":55,"key":"Bottled Flame"}],"event_choices":[{"damage_healed":0.0,"max_hp_gain":0.0,"max_hp_loss":6.0,"gold_gain":0.0,"event_name":"Golden Idol","player_choice":"Lose Max HP","floor":3.0,"gold_loss":0.0,"damage_taken":0.0,"relics_obtained":["Golden Idol"]},{"damage_healed":0.0,"max_hp_gain":0.0,"max_hp_loss":0.0,"gold_gain":0.0,"event_name":"Dead Adventurer","player_choice":"Searched \u00271\u0027 times","floor":7.0,"gold_loss":0.0,"damage_taken":0.0,"relics_obtained":["Gambling Chip"]},{"cards_removed":["Strike_G"],"damage_healed":0.0,"max_hp_gain":0.0,"max_hp_loss":0.0,"gold_gain":0.0,"event_name":"Living Wall","player_choice":"Forget","floor":8.0,"gold_loss":0.0,"damage_taken":0.0},{"damage_healed":0.0,"max_hp_gain":0.0,"max_hp_loss":0.0,"gold_gain":0.0,"event_name":"Ghosts","player_choice":"Ignored","floor":20.0,"gold_loss":0.0,"damage_taken":0.0},{"cards_removed":["Strike_G"],"damage_healed":0.0,"max_hp_gain":0.0,"max_hp_loss":0.0,"gold_gain":0.0,"event_name":"Back to Basics","player_choice":"Elegance","floor":21.0,"gold_loss":0.0,"damage_taken":0.0},{"damage_healed":0,"gold_gain":0,"player_choice":"Fought Bandits","damage_taken":0,"max_hp_gain":0,"max_hp_loss":0,"event_name":"Masked Bandits","floor":31,"gold_loss":0},{"damage_healed":0,"gold_gain":0,"player_choice":"Fight","damage_taken":0,"max_hp_gain":0,"max_hp_loss":0,"event_name":"Mysterious Sphere","floor":46,"gold_loss":0}],"is_beta":false,"boss_relics":[{"not_picked":["Black Star","Sozu"],"picked":"Empty Cage"},{"not_picked":["Pandora\u0027s Box","Astrolabe"],"picked":"Ring of the Serpent"}],"items_purged_floors":[11,22,30,47],"is_endless":false,"potions_floor_spawned":[4,10,16,18,27,29,31,33,35,36,37,39,41,42,44,45,46,48,55],"ascension_level":20}}