{"host":"m3qxensetu6036ua","time":1608313834,"event":{"mods":["2.2 Compatiblity","AchievementEnabler","BaseMod","Better Altar","Better Skull","Better Third Choice","Block Reminder","Colored Powertips","Displayed Cursed Tome","Downfall","Hubris","Minty Spire (QoL Compilation)","Rare Cards Sparkle","Remove Card Discount Mod","Replay The Spire","Spicy Shops","StSLib"],"gold_per_floor":[117,117,127,144,161,161,61,128,128,203,203,203,217,13,13,112,112,126,146,146,146,146],"floor_reached":21,"playtime":1372,"items_purged":["Parasite"],"score":169,"play_id":"513eebb4-96e8-400d-9cf1-7def7827fc55","local_time":"20201218185034","is_ascension_mode":false,"campfire_choices":[{"data":"Armaments","floor":6,"key":"SMITH"},{"data":"Demonic Infusion","floor":12,"key":"SMITH"},{"data":"Bloodletting","floor":15,"key":"SMITH"}],"circlet_count":0,"master_deck":["Strike_R","Strike_R","Strike_R","Strike_R","Strike_R","Defend_R","Defend_R","Defend_R","Defend_R","Bash","Demonic Infusion+1","Searing Blow","Inflame","Armaments+1","Reaper+1","Bloodletting+1","Demon Form","Burning Pact"],"relics":["Burning Blood","Ring of Hypnosis","Question Card","Chemical X","Runic Pyramid"],"acts_visited":["Exordium","TheCity"],"potions_floor_usage":[16],"damage_taken":[{"damage":7,"enemies":"Small Slimes","floor":1,"turns":4},{"damage":2,"enemies":"2 Louse","floor":3,"turns":3},{"damage":17,"enemies":"Cultist","floor":4,"turns":4},{"damage":10,"enemies":"2 Fungi Beasts","floor":5,"turns":3},{"damage":9,"enemies":"Blue Slaver","floor":13,"turns":5},{"damage":20,"enemies":"Hexaghost","floor":16,"turns":9},{"damage":21,"enemies":"Spheric Guardian","floor":18,"turns":5},{"damage":14,"enemies":"Chosen","floor":19,"turns":5},{"damage":25,"enemies":"Snecko","floor":21,"turns":4}],"seed_played":"-5391170638568374857","potions_obtained":[{"floor":1,"key":"SneckoOil"},{"floor":13,"key":"Energy Potion"}],"is_trial":false,"path_per_floor":["M","?","M","M","M","R","$","?","T","?","?","R","M","$","R","B",null,"M","M","?","M"],"character_chosen":"IRONCLAD","items_purchased":["Question Card","Chemical X","Swift Potion"],"campfire_rested":0,"item_purchase_floors":[7,14,14],"current_hp_per_floor":[79,79,80,69,65,65,65,65,65,54,54,54,56,56,56,47,77,62,63,63,51,51],"gold":146,"neow_bonus":"ONE_RANDOM_RARE_CARD","is_daily":false,"chose_seed":false,"campfire_upgraded":3,"win_rate":0.0,"timestamp":1608313834,"path_taken":["M","?","M","M","M","R","$","?","T","?","?","R","M","?","R","BOSS","M","M","?","M"],"items_purchased_type":["Relic","Relic","Potion"],"build_version":"2020-12-13","purchased_purges":1,"victory":false,"max_hp_per_floor":[80,80,80,80,80,80,77,77,77,77,77,77,77,77,77,77,77,77,77,77,77,77],"card_choices":[{"not_picked":["Evolve","Body Slam"],"picked":"Searing Blow","floor":1},{"not_picked":["Anger","Havoc"],"picked":"Inflame","floor":3},{"not_picked":["Massacre","Life Link"],"picked":"Whirlwind","floor":4},{"not_picked":["ReplayTheSpireMod:Corrosion Curse","Massacre"],"picked":"Armaments","floor":5},{"not_picked":["Headbutt","Pommel Strike","ReplayTheSpireMod:LeadingStrike"],"picked":"Bloodletting","floor":13},{"not_picked":["Demonic Infusion","Bludgeon","Berserk"],"picked":"Demon Form","floor":16},{"not_picked":["Sentinel+1","Wild Strike","Perfected Strike"],"picked":"Burning Pact","floor":18},{"not_picked":["Replay:Undeath\u0027s Touch","Sever Soul","Abandon","True Grit"],"picked":"SKIP","floor":19}],"player_experience":131420,"relics_obtained":[{"floor":2,"key":"Ring of Hypnosis"}],"event_choices":[{"damage_healed":0,"gold_gain":67,"player_choice":"Gained Gold","damage_taken":0,"max_hp_gain":0,"max_hp_loss":0,"event_name":"Golden Wing","floor":8,"gold_loss":0},{"damage_healed":0,"gold_gain":75,"player_choice":"Gold","damage_taken":11,"max_hp_gain":0,"max_hp_loss":0,"event_name":"betterThird:BetterGoop","floor":10,"gold_loss":0},{"damage_healed":0,"gold_gain":0,"player_choice":"Ignored","damage_taken":0,"max_hp_gain":0,"max_hp_loss":0,"event_name":"Duplicator","floor":20,"gold_loss":0}],"is_beta":false,"boss_relics":[{"not_picked":["Pandora\u0027s Box","SacredBark"],"picked":"Runic Pyramid"}],"items_purged_floors":[7],"is_endless":false,"potions_floor_spawned":[1,13],"killed_by":"Snecko","ascension_level":0}}