{"host":"3j2m8n0ywf988fwb","time":1608279391,"event":{"mods":["2.2 Compatiblity","Act Like it!","Aspiration","BaseMod","Beaked The Cultist","Better Altar","Better Match","Better Note","Better Sensory Stone","Better Skull","Better Third Choice","CCEM","Colored Map","Colored Powertips","Conspire","Energized Spire","GifTheSpireLib","Googly Eyes","Halation","Hallownest","Highlight Path","Hubris","Infinite Spire","Jedi Mod","Marisa????????","Marked Mod","Mimic Mod","Minty Spire (QoL Compilation)","Random Character Button","Relic Stats","Replay The Spire","Robot Space Explorer","Shop Mod","Somnambulant","StSLib","Stuff the Spire","The Bug Knight","The Hierophant","The Runesmith","TheFirefly","Unceasing Turn Reminder","everything is the same but u backflip on backflip"],"gold_per_floor":[112,9,9,9,19,54,64,82,109,121,221,239,255,255,255,255,255],"floor_reached":16,"playtime":781,"items_purged":[],"score":131,"play_id":"e261f352-7643-4fa5-bb51-aee44a2266fd","local_time":"20201218021631","is_ascension_mode":false,"campfire_choices":[],"circlet_count":0,"master_deck":["Strike_P","Strike_P","Strike_P","Defend_P","Defend_P","Defend_P","Defend_P","Eruption","Vigilance","FlyingSleeves","MarkedMod:OneThousandNeedles","JustLucky+1","Replay:AtTheReady+1","Replay:Battleflow","Prostrate","Pray","PathToVictory","jedi:nirvanicrebirth"],"relics":["PureWater","NeowsBlessing","hubris:Metronome","hubris:TenFootPole"],"acts_visited":["Exordium"],"potions_floor_usage":[8,14,14],"damage_taken":[{"damage":0,"enemies":"Small Slimes","floor":1,"turns":1},{"damage":0,"enemies":"2 Louse","floor":5,"turns":1},{"damage":0,"enemies":"HollowMod:MossKnight","floor":6,"turns":1},{"damage":0,"enemies":"Cultist","floor":7,"turns":4},{"damage":17,"enemies":"Looter","floor":8,"turns":2},{"damage":41,"enemies":"Lots of Slimes","floor":10,"turns":7},{"damage":0,"enemies":"conspire:2 RoseBushes","floor":12,"turns":8},{"damage":9,"enemies":"2 Fungi Beasts","floor":13,"turns":5},{"damage":1,"enemies":"Gremlin Gang","floor":14,"turns":2},{"damage":29,"enemies":"The Guardian","floor":16,"turns":9}],"seed_played":"-7271589255699719976","potions_obtained":[{"floor":4,"key":"SmokeBomb"},{"floor":4,"key":"Venom Potion"},{"floor":4,"key":"ColorlessPotion"},{"floor":6,"key":"Fire Potion"},{"floor":10,"key":"DuplicationPotion"}],"is_trial":false,"path_per_floor":["M","$","?","?","M","E","M","M","T","M","?","M","M","M","R_BF","B"],"character_chosen":"WATCHER","items_purchased":["MarkedMod:OneThousandNeedles","JustLucky+1"],"campfire_rested":0,"item_purchase_floors":[2,2],"current_hp_per_floor":[72,72,72,72,72,72,72,55,55,14,14,14,5,4,25,0,0],"gold":255,"neow_bonus":"THREE_ENEMY_KILL","is_daily":false,"chose_seed":false,"campfire_upgraded":0,"win_rate":0.0,"timestamp":1608279391,"path_taken":["M","$","?","?","M","E","M","M","T","?","?","?","M","?","R_BF","BOSS"],"items_purchased_type":["Card","Card"],"build_version":"2020-12-13","purchased_purges":0,"victory":false,"max_hp_per_floor":[72,72,72,72,72,72,72,72,72,72,72,72,72,72,72,72,72],"relic_stats":{"counters":[10,40],"obtain_stats":[{"hubris:Metronome":6,"NeowsBlessing":0,"hubris:TenFootPole":9,"PureWater":0},{"hubris:Metronome":3,"NeowsBlessing":0,"hubris:TenFootPole":5,"PureWater":0},{"hubris:Metronome":3,"NeowsBlessing":0,"hubris:TenFootPole":9,"PureWater":0}]},"card_choices":[{"not_picked":["Nirvana","Halt"],"picked":"FlyingSleeves","floor":1},{"not_picked":["Evaluate","Halt"],"picked":"Replay:AtTheReady","floor":5},{"not_picked":["Perseverance","Pray"],"picked":"Replay:Battleflow","floor":6},{"not_picked":["FlyingSleeves","MarkedMod:Acupuncture"],"picked":"Prostrate","floor":7},{"not_picked":["Replay:BluntJabs","Protect","Prostrate"],"picked":"SKIP","floor":8},{"not_picked":["FearNoEvil","ClearTheMind"],"picked":"Pray","floor":10},{"not_picked":["WindmillStrike","Replay:ManipulateFuture"],"picked":"PathToVictory","floor":12},{"not_picked":["FlurryOfBlows","Replay:ManipulateFuture"],"picked":"jedi:nirvanicrebirth","floor":13}],"player_experience":987807,"relics_obtained":[{"floor":6,"key":"hubris:Metronome"},{"floor":9,"key":"hubris:TenFootPole"}],"event_choices":[{"damage_healed":0,"gold_gain":0,"player_choice":"Got Potions","damage_taken":0,"max_hp_gain":0,"max_hp_loss":0,"event_name":"Lab","floor":4,"gold_loss":0},{"damage_healed":0,"gold_gain":100,"player_choice":"Pray","damage_taken":0,"max_hp_gain":0,"max_hp_loss":0,"event_name":"Golden Shrine","floor":11,"gold_loss":0}],"is_beta":false,"boss_relics":[],"items_purged_floors":[],"is_endless":false,"potions_floor_spawned":[6,10,14],"killed_by":"The Guardian","ascension_level":0}}