{"host":"2lrkmsuh7nz013qb","time":1608268896,"event":{"mods":["BaseMod","Colored Map","DeckTracker","Minty Spire (QoL Compilation)","SuperFastMode","everything is the same but u backflip on backflip"],"gold_per_floor":[113,38,88,4,16,16,27,27,54,71,71,84,84,100,100,177,177,189,89,103,123,123,123],"floor_reached":22,"playtime":600,"items_purged":["Strike_G","Strike_G"],"score":356,"play_id":"0745132f-4633-490f-beca-d188be89b5ef","local_time":"20201218142136","is_ascension_mode":true,"campfire_choices":[{"data":"Catalyst","floor":6,"key":"SMITH"},{"data":"Bouncing Flask","floor":11,"key":"SMITH"},{"data":"Noxious Fumes","floor":13,"key":"SMITH"},{"data":"Crippling Poison","floor":15,"key":"SMITH"}],"circlet_count":0,"master_deck":["AscendersBane","Strike_G","Strike_G","Strike_G","Defend_G","Defend_G","Defend_G","Defend_G","Defend_G","Survivor","Neutralize","Bouncing Flask+1","Noxious Fumes+1","Catalyst+1","Crippling Poison+1","Blur","Escape Plan","Malaise","Bouncing Flask"],"relics":["Ring of the Snake","Ginger","Bag of Preparation","Philosopher\u0027s Stone"],"acts_visited":["Exordium","TheCity"],"potions_floor_usage":[10,10,20,20,21],"damage_taken":[{"damage":4,"enemies":"Small Slimes","floor":1,"turns":6},{"damage":0,"enemies":"Cultist","floor":5,"turns":3},{"damage":2,"enemies":"2 Louse","floor":7,"turns":3},{"damage":4,"enemies":"Looter","floor":10,"turns":2},{"damage":19,"enemies":"Gremlin Gang","floor":12,"turns":4},{"damage":2,"enemies":"3 Louse","floor":14,"turns":3},{"damage":8,"enemies":"Hexaghost","floor":16,"turns":6},{"damage":8,"enemies":"Shell Parasite","floor":18,"turns":2},{"damage":11,"enemies":"2 Thieves","floor":20,"turns":4},{"damage":33,"enemies":"Centurion and Healer","floor":21,"turns":7},{"damage":0,"enemies":"Cultist and Chosen","floor":22,"turns":1}],"seed_played":"-1487886644893047486","potions_obtained":[{"floor":1,"key":"EssenceOfSteel"},{"floor":5,"key":"SkillPotion"},{"floor":14,"key":"PowerPotion"},{"floor":18,"key":"LiquidBronze"},{"floor":20,"key":"Poison Potion"}],"is_trial":false,"path_per_floor":["M","$","?","$","M","R","M","?","T","M","R","M","R","M","R","B",null,"M","$","M","M","M"],"character_chosen":"THE_SILENT","items_purchased":["Noxious Fumes"],"campfire_rested":0,"item_purchase_floors":[4],"current_hp_per_floor":[55,55,55,55,55,55,53,58,58,54,54,35,35,33,33,25,55,47,47,36,3,3,3],"gold":123,"neow_bonus":"ONE_RARE_RELIC","is_daily":false,"chose_seed":false,"campfire_upgraded":4,"win_rate":0.0,"timestamp":1608268896,"path_taken":["M","$","?","?","M","R","M","?","T","M","R","M","R","M","R","BOSS","M","$","M","M","M"],"items_purchased_type":["Card"],"build_version":"2020-12-13","purchased_purges":2,"victory":false,"max_hp_per_floor":[60,60,60,60,60,60,60,65,65,65,65,65,65,65,65,65,65,65,65,65,65,65,65],"card_choices":[{"not_picked":["Catalyst","Noxious Fumes"],"picked":"Bouncing Flask","floor":1},{"not_picked":["Endless Agony","Dash"],"picked":"Catalyst","floor":5},{"not_picked":["Backflip","Flying Knee"],"picked":"Crippling Poison","floor":7},{"not_picked":["Deflect","Prepared"],"picked":"Blur","floor":10},{"not_picked":["Reflex","Dash"],"picked":"Escape Plan","floor":12},{"not_picked":["Caltrops","Infinite Blades","Dagger Throw"],"picked":"SKIP","floor":14},{"not_picked":["Caltrops","Infinite Blades","Dagger Throw"],"picked":"SKIP","floor":14},{"not_picked":["Envenom","Night Terror"],"picked":"Malaise","floor":16},{"not_picked":["Concentrate","Crippling Poison","Poisoned Stab"],"picked":"SKIP","floor":18},{"not_picked":["Terror","Dodge and Roll"],"picked":"Bouncing Flask","floor":20},{"not_picked":["Poisoned Stab+1","Bane","PiercingWail"],"picked":"SKIP","floor":21}],"player_experience":669429,"relics_obtained":[{"floor":9,"key":"Bag of Preparation"}],"event_choices":[{"damage_healed":0,"gold_gain":50,"player_choice":"Pray","damage_taken":0,"max_hp_gain":0,"max_hp_loss":0,"event_name":"Golden Shrine","floor":3,"gold_loss":0},{"damage_healed":0,"gold_gain":0,"player_choice":"Donut","damage_taken":0,"max_hp_gain":5,"max_hp_loss":0,"event_name":"Big Fish","floor":8,"gold_loss":0}],"is_beta":false,"boss_relics":[{"not_picked":["Tiny House","Snecko Eye"],"picked":"Philosopher\u0027s Stone"}],"items_purged_floors":[2,19],"is_endless":false,"potions_floor_spawned":[1,5,14,18,20],"killed_by":"Cultist and Chosen","ascension_level":20}}