{"host":"y3iy5gb13b300rns","time":1608320603,"event":{"mods":["BaseMod","Bestiary","Curses Come First","Downfall","Minty Spire (QoL Compilation)","Replay The Spire","StSLib","The Runesmith"],"gold_per_floor":[99,99,99,99,99,199,199,231,231,257,46,46,65,75,88,88,88],"floor_reached":16,"playtime":676,"items_purged":[],"score":131,"play_id":"234395c7-8f04-4ed4-8225-bb5dc6b90d67","local_time":"20201218134323","is_ascension_mode":false,"campfire_choices":[{"data":"Slimebound:Defend_Slimebound","floor":3,"key":"SMITH"},{"data":"Slimebound:GoopSpray","floor":9,"key":"SMITH"}],"circlet_count":0,"master_deck":["Slimebound:Strike_Slimebound","Slimebound:Strike_Slimebound","Slimebound:Strike_Slimebound","Slimebound:Tackle+1","Slimebound:Defend_Slimebound","Slimebound:Defend_Slimebound","Slimebound:Defend_Slimebound","Slimebound:Defend_Slimebound","Slimebound:Split","Slimebound:CorrosiveSpit","Slimebound:RollThrough+1","Slimebound:GoopSpray+1","Slimebound:ItLooksTasty","Slimebound:ViciousTackle","Slimebound:WasteNot","Slimebound:SlimeSpikes+1","Slimebound:GoopSpray","Slimebound:SplitMire","Slimebound:Grow+1"],"relics":["Slimebound:AbsorbEndCombat","downfall:HeartsMalice","Whetstone","Simple Rune","Frozen Egg 2","Sling"],"acts_visited":["Exordium"],"potions_floor_usage":[11,16],"damage_taken":[{"damage":0,"enemies":"Small Slimes","floor":2,"turns":1},{"damage":0,"enemies":"Jaw Worm","floor":5,"turns":1},{"damage":0,"enemies":"Lagavulin","floor":8,"turns":1},{"damage":14,"enemies":"Gremlin Nob","floor":10,"turns":3},{"damage":12,"enemies":"downfall:FleeingMerchant","floor":11,"turns":4},{"damage":0,"enemies":"2 Louse","floor":13,"turns":2},{"damage":3,"enemies":"Gremlin Gang","floor":14,"turns":3},{"damage":31,"enemies":"Exordium Wildlife","floor":15,"turns":4},{"damage":61,"enemies":"downfall:Watcher","floor":16,"turns":6}],"seed_played":"-5984752816242493194","potions_obtained":[{"floor":10,"key":"ColorlessPotion"},{"floor":13,"key":"Adrenaline Potion"},{"floor":15,"key":"Doom Potion"}],"is_trial":false,"path_per_floor":["R","M","R","?","M","?","T","E","R","E","$","?","M","M","M","B"],"character_chosen":"SLIMEBOUND","items_purchased":["Sling","Slimebound:SlimeSpikes"],"campfire_rested":0,"item_purchase_floors":[11,11],"current_hp_per_floor":[60,60,60,60,60,60,60,60,60,50,58,58,60,60,41,0,0],"gold":88,"neow_bonus":"THREE_ENEMY_KILL","is_daily":false,"chose_seed":false,"campfire_upgraded":2,"win_rate":0.0,"timestamp":1608320603,"path_taken":["R","M","R","?","M","?","T","E","R","E","$","?","M","M","M","BOSS"],"items_purchased_type":["Relic","Card"],"build_version":"2020-12-13","purchased_purges":0,"victory":false,"max_hp_per_floor":[60,60,60,60,60,60,60,60,60,60,60,60,60,60,60,60,60],"card_choices":[{"not_picked":["Slimebound:DisruptingSlam","Slimebound:Schlurp"],"picked":"Slimebound:RollThrough","floor":2},{"not_picked":["Slimebound:RollThrough","Slimebound:OneTwoCombo"],"picked":"Slimebound:GoopSpray","floor":5},{"not_picked":["Slimebound:ComboTackle","Slimebound:TongueLash"],"picked":"Slimebound:ItLooksTasty","floor":8},{"not_picked":["Slimebound:FinishingTackle","Slimebound:SamplingLick"],"picked":"Slimebound:ViciousTackle","floor":10},{"not_picked":["Slimebound:SlimeBrawl","Slimebound:MinionMaster+1"],"picked":"Slimebound:WasteNot","floor":11},{"not_picked":["Slimebound:RollThrough","Slimebound:LeechEnergy"],"picked":"Slimebound:GoopSpray","floor":13},{"not_picked":["Slimebound:SamplingLick","Slimebound:ComboTackle"],"picked":"Slimebound:SplitMire","floor":14},{"not_picked":["Slimebound:LeechEnergy","Slimebound:SplitLeeching"],"picked":"Slimebound:Grow+1","floor":15}],"player_experience":336182,"relics_obtained":[{"floor":7,"key":"Whetstone"},{"floor":8,"key":"Simple Rune"},{"floor":10,"key":"Frozen Egg 2"}],"event_choices":[{"damage_healed":0,"gold_gain":0,"player_choice":"Grow","damage_taken":0,"max_hp_gain":0,"max_hp_loss":0,"event_name":"Living Wall","floor":12,"gold_loss":0,"cards_upgraded":["Slimebound:SlimeSpikes"]}],"is_beta":false,"boss_relics":[],"items_purged_floors":[],"is_endless":false,"potions_floor_spawned":[10,13,15],"killed_by":"downfall:Watcher","ascension_level":0}}