{"host":"i39dbljnp2r9g04i","time":1608304671,"event":{"mods":["BaseMod","Minty Spire (QoL Compilation)","StSLib"],"gold_per_floor":[117,57,74,94,94,94,119,119,145,155,7,21,49,49,49,49,49],"floor_reached":16,"playtime":307,"items_purged":["Strike_G"],"score":182,"play_id":"d77ee5aa-d6b4-4086-84a1-b9891dd03882","local_time":"20201218231751","is_ascension_mode":true,"campfire_choices":[{"data":"Storm of Steel","floor":6.0,"key":"SMITH"},{"data":"Backflip","floor":15,"key":"SMITH"}],"circlet_count":0,"master_deck":["AscendersBane","Strike_G","Strike_G","Defend_G","Defend_G","Defend_G","Defend_G","Defend_G","Survivor","Neutralize","Storm of Steel+1","Backflip+1","Footwork+1","Infinite Blades"],"relics":["Ring of the Snake","NeowsBlessing","Nunchaku","Dream Catcher","Bag of Preparation","Boot"],"acts_visited":["Exordium"],"potions_floor_usage":[],"damage_taken":[{"damage":0.0,"enemies":"Cultist","floor":1.0,"turns":1.0},{"damage":0.0,"enemies":"Jaw Worm","floor":3.0,"turns":1.0},{"damage":0.0,"enemies":"Small Slimes","floor":4.0,"turns":1.0},{"damage":18.0,"enemies":"Gremlin Nob","floor":7.0,"turns":3.0},{"damage":0.0,"enemies":"Blue Slaver","floor":10.0,"turns":1.0},{"damage":0.0,"enemies":"Exordium Thugs","floor":12.0,"turns":2.0},{"damage":27.0,"enemies":"Lagavulin","floor":13.0,"turns":7.0},{"damage":0,"enemies":"Slime Boss","floor":16,"turns":3}],"seed_played":"2444586558753412716","potions_obtained":[{"floor":3.0,"key":"BlessingOfTheForge"},{"floor":4.0,"key":"FearPotion"},{"floor":10.0,"key":"Dexterity Potion"}],"is_trial":false,"path_per_floor":["M","?","M","M","?","R","E","?","T","M","$","M","E","?","R","B"],"character_chosen":"THE_SILENT","items_purchased":["Footwork"],"campfire_rested":0,"item_purchase_floors":[11],"current_hp_per_floor":[63,63,63,63,63,63,45,38,38,38,38,38,11,11,11,11,11],"gold":49,"neow_bonus":"THREE_ENEMY_KILL","is_daily":false,"chose_seed":false,"campfire_upgraded":2,"win_rate":0.0,"timestamp":1608304671,"path_taken":["M","?","M","?","?","R","E","?","T","M","?","?","E","?","R","BOSS"],"items_purchased_type":["Card"],"build_version":"2020-12-13","purchased_purges":1,"victory":false,"max_hp_per_floor":[70,70,70,70,70,70,70,70,70,70,70,70,70,70,70,70,70],"card_choices":[{"not_picked":["Prepared","Dash","Dagger Throw"],"picked":"SKIP","floor":1.0},{"not_picked":["Distraction","Bane","Riddle With Holes"],"picked":"SKIP","floor":3.0},{"not_picked":["Dodge and Roll","Slice","Flying Knee"],"picked":"SKIP","floor":4.0},{"not_picked":["Flying Knee","Sucker Punch","Eviscerate"],"picked":"SKIP","floor":7.0},{"not_picked":["Deflect","Reflex"],"picked":"Backflip","floor":10.0},{"not_picked":["Underhanded Strike","Prepared","Deadly Poison"],"picked":"SKIP","floor":12.0},{"not_picked":["Escape Plan","Riddle With Holes"],"picked":"Infinite Blades","floor":13.0}],"player_experience":419998,"relics_obtained":[{"floor":7.0,"key":"Dream Catcher"},{"floor":9.0,"key":"Bag of Preparation"},{"floor":13.0,"key":"Boot"}],"event_choices":[{"damage_healed":0.0,"max_hp_gain":0.0,"max_hp_loss":0.0,"gold_gain":0.0,"event_name":"WeMeetAgain","player_choice":"Paid Gold","floor":2.0,"gold_loss":60.0,"damage_taken":0.0,"relics_obtained":["Nunchaku"]},{"damage_healed":0.0,"max_hp_gain":0.0,"max_hp_loss":0.0,"gold_gain":0.0,"cards_transformed":["Strike_G"],"event_name":"Living Wall","player_choice":"Change","floor":5.0,"gold_loss":0.0,"damage_taken":0.0,"cards_obtained":["Storm of Steel"]},{"cards_removed":["Strike_G"],"damage_healed":0.0,"max_hp_gain":0.0,"max_hp_loss":0.0,"gold_gain":0.0,"event_name":"Golden Wing","player_choice":"Card Removal","floor":8.0,"gold_loss":0.0,"damage_taken":7.0},{"damage_healed":0.0,"max_hp_gain":0.0,"max_hp_loss":0.0,"gold_gain":0.0,"event_name":"Accursed Blacksmith","player_choice":"Forge","floor":14.0,"gold_loss":0.0,"damage_taken":0.0,"cards_upgraded":["Footwork"]}],"is_beta":false,"boss_relics":[],"items_purged_floors":[11],"is_endless":false,"potions_floor_spawned":[3,4,10],"killed_by":"Slime Boss","ascension_level":13}}