{"host":"kw4o7b3ro2ktmmbe","time":1608267866,"event":{"mods":["BaseMod","Lobotomy","Minty Spire (QoL Compilation)","Robot Space Explorer","StSLib","Treasure Hunter"],"gold_per_floor":[259,259,280,293,368,408,378,378,432,432,446,472,472,509,509,638,638,658,579,604,306,581,581,627,627,627,627,649,665,665,712,712,713,713],"floor_reached":33,"playtime":5328,"items_purged":[],"score":312,"play_id":"dedf3098-2002-474d-b4ad-e1ad666905dc","local_time":"20201218180426","is_ascension_mode":true,"campfire_choices":[],"circlet_count":0,"master_deck":["SpecialBullet","SpecialBullet","SpecialBullet","SpecialBullet","SpecialBullet","SpecialBullet","SpecialBullet","SpecialBullet","InformationCode","SecurityCode","TrainingCode","TH:PixieDust","TH:CopperCoins","CENSORED_ego","Trip","Lamp+10","TH:PixieDust","TH:ArmorSpikes","Ecstasy+1","RecordCode","TH:DeckOfManyThings","RecordCode","TH:EnergyPotion","Doubt","TH:Mimic"],"relics":["RabbitCall","Busted Crown","Golden Idol","Boot","Art of War","Frozen Egg 2","Cursed Key","Bag of Preparation","PrismaticShard","Toy Ornithopter","Ornamental Fan","Oddly Smooth Stone"],"acts_visited":["Exordium","TheCity"],"potions_floor_usage":[24,28,29,33],"damage_taken":[{"damage":11.0,"enemies":"Jaw Worm","floor":1.0,"turns":2.0},{"damage":0.0,"enemies":"Small Slimes","floor":3.0,"turns":2.0},{"damage":6.0,"enemies":"Cultist","floor":4.0,"turns":3.0},{"damage":18.0,"enemies":"Lagavulin","floor":6.0,"turns":5.0},{"damage":12.0,"enemies":"3 Louse","floor":11.0,"turns":3.0},{"damage":21.0,"enemies":"Lots of Slimes","floor":12.0,"turns":4.0},{"damage":8.0,"enemies":"Gremlin Nob","floor":14.0,"turns":3.0},{"damage":17.0,"enemies":"Hexaghost","floor":16.0,"turns":8.0},{"damage":29.0,"enemies":"Shell Parasite","floor":18.0,"turns":5.0},{"damage":27.0,"enemies":"2 Thieves","floor":20.0,"turns":5.0},{"damage":30,"enemies":"Slavers","floor":24,"turns":7},{"damage":38,"enemies":"Snake Plant","floor":28,"turns":3},{"damage":15,"enemies":"Centurion and Healer","floor":29,"turns":8},{"damage":76,"enemies":"Automaton","floor":33,"turns":6}],"seed_played":"9134902593060444946","potions_obtained":[{"floor":1.0,"key":"FearPotion"},{"floor":6.0,"key":"FearPotion"},{"floor":7.0,"key":"SneckoOil"},{"floor":7.0,"key":"EssenceOfSteel"},{"floor":11.0,"key":"Energy Potion"},{"floor":16.0,"key":"Swift Potion"},{"floor":18.0,"key":"Block Potion"},{"floor":24,"key":"PowerPotion"},{"floor":28,"key":"SteroidPotion"}],"is_trial":false,"path_per_floor":["M","?","M","M","?","E","?","R","T","R","M","M","?","E","R","B",null,"M","$","M","$","?","R","E","R","T","R","M","M","R","T","R","B"],"character_chosen":"Angela","items_purchased":["Ecstasy+1","Bag of Preparation","PrismaticShard"],"campfire_rested":0,"item_purchase_floors":[19,21,21],"current_hp_per_floor":[67,67,70,70,59,49,49,49,49,49,49,40,40,40,40,35,70,53,53,38,38,38,38,38,38,38,38,23,46,46,46,46,0,0],"gold":713,"neow_bonus":"BOSS_RELIC","is_daily":false,"chose_seed":false,"campfire_upgraded":0,"win_rate":0.0,"timestamp":1608267866,"path_taken":["M","?","M","M","?","E","?","R","T","R","M","?","?","E","R","BOSS","M","?","M","$","?","R","E","R","T","R","?","M","R","?","R","BOSS"],"items_purchased_type":["Card","Relic","Relic"],"build_version":"2020-12-13","purchased_purges":0,"victory":false,"max_hp_per_floor":[70,70,70,70,70,70,70,70,70,70,70,70,70,70,70,70,70,70,70,70,70,70,70,70,70,70,70,70,70,70,70,70,70,70],"card_choices":[{"not_picked":[],"picked":"TH:PixieDust","floor":6.0},{"not_picked":[],"picked":"TH:CopperCoins","floor":9.0},{"not_picked":[],"picked":"TH:PixieDust","floor":14.0},{"not_picked":[],"picked":"TH:ArmorSpikes","floor":16.0},{"not_picked":[],"picked":"TH:DeckOfManyThings","floor":24},{"not_picked":[],"picked":"TH:EnergyPotion","floor":26},{"not_picked":[],"picked":"TH:Mimic","floor":31}],"player_experience":1783675,"relics_obtained":[{"floor":6.0,"key":"Boot"},{"floor":9.0,"key":"Art of War"},{"floor":14.0,"key":"Frozen Egg 2"},{"floor":24,"key":"Toy Ornithopter"},{"floor":26,"key":"Ornamental Fan"},{"floor":31,"key":"Oddly Smooth Stone"}],"event_choices":[{"damage_healed":0.0,"max_hp_gain":0.0,"max_hp_loss":0.0,"gold_gain":0.0,"event_name":"Golden Idol","player_choice":"Take Wound","floor":2.0,"gold_loss":0.0,"damage_taken":0.0,"relics_obtained":["Golden Idol"],"cards_obtained":["Injury"]},{"damage_healed":0.0,"max_hp_gain":0.0,"max_hp_loss":0.0,"gold_gain":75.0,"event_name":"World of Goop","player_choice":"Gather Gold","floor":5.0,"gold_loss":0.0,"damage_taken":11.0},{"damage_healed":0.0,"max_hp_gain":0.0,"max_hp_loss":0.0,"gold_gain":0.0,"event_name":"The Woman in Blue","player_choice":"Bought 2 Potions","floor":7.0,"gold_loss":0.0,"damage_taken":0.0},{"damage_healed":0.0,"max_hp_gain":0.0,"max_hp_loss":0.0,"gold_gain":0.0,"event_name":"Match and Keep!","player_choice":"3 cards matched","floor":13.0,"gold_loss":0.0,"damage_taken":0.0,"cards_obtained":["CENSORED_ego","Trip","Lamp"]},{"damage_healed":0.0,"max_hp_gain":0.0,"max_hp_loss":0.0,"gold_gain":275.0,"event_name":"Golden Shrine","player_choice":"Desecrate","floor":22.0,"gold_loss":0.0,"damage_taken":0.0,"cards_obtained":["Regret"]}],"is_beta":false,"boss_relics":[{"not_picked":["Black Star","Astrolabe"],"picked":"Cursed Key"}],"items_purged_floors":[],"is_endless":false,"potions_floor_spawned":[1,6,11,16,18,24,28],"killed_by":"Automaton","ascension_level":1}}