{"host":"yhemb00fn7g5zwp1","time":1608277475,"event":{"mods":["AchievementEnabler","Act Like it!","BaseMod","CapriCore","Gensokyo","Hallownest","Highlight Path","KinomotoSakuraMod(Ä¾Ö®±¾Ó£)","Koishi","KomeijiMod","Marisa£¨ìFÓê¡¡Ä§ÀíÉ³£©","Minty Spire (QoL Compilation)","MostiFishMod","Pale of the Ancients","Prisma Mod","Reimu£¨²©ÀöÁéÃÎ£©","Remilia£¨ÀÙÃ×ÀòÑÇ£©","StSLib","Td1madao Mod","The Hayseed","The Servant 0.9.4","Youmu£¨»êÆÇÑýÃÎ£©","Yuyuko","¡¾¶«·½¶þ´Î´´×÷¡¿°ËÔÆ×Ïmod","¡¾ÒÅÎï¿¨ÅÆ¡¿REMEMod"],"gold_per_floor":[118,129,142,142,142,142,153,212,212,223,223,258,168,180,180,257,257,270,570,595,610,627,652,667,513,513,547,547,547,0,0,0,77,77,89,1088,1088,1098,1125,1160,1175,1192,1192,1056,1056,1071,1122,569,569,569,569,569],"floor_reached":51,"playtime":1665,"items_purged":["Greed_TH","Normality","Normality"],"score":2155,"play_id":"841d9d07-9079-4f71-bc47-c3bfdb6956e7","local_time":"20201218154435","is_ascension_mode":true,"campfire_choices":[{"data":"Armaments","floor":6,"key":"SMITH"},{"data":"Armaments","floor":11,"key":"SMITH"},{"data":"Iron Wave","floor":15,"key":"SMITH"},{"data":"Body Slam","floor":29,"key":"SMITH"},{"data":"Body Slam","floor":32,"key":"SMITH"},{"floor":45,"key":"RECALL"},{"floor":49,"key":"REST"}],"circlet_count":0,"master_deck":["Strike_R","Strike_R","Strike_R","Strike_R","Strike_R","Defend_R","Defend_R","Defend_R+1","Defend_R","Bash","DependentForm:ReiMu","Panacea","Iron Wave+1","Cleave","Armaments+1","Armaments+1","Seeing Red+1","Searing Blow","Seeing Red","Offering","Body Slam+1","Clothesline","Body Slam+1","Disarm","Metallicize","Warcry+1","VanishingEverything+1","Juggernaut","Madness","Madness","Armaments+1","Body Slam","Good Instincts","Armaments","Metallicize","Apotheosis","Muse"],"relics":["Black Blood","REME_ComplimentaryCards","DaveBox","PatriotShield","Question Card","Gremlin Horn","Centennial Puzzle","Nunchaku","Torii","ImportantClient","Bronze Scales","Ancient Tea Set","Toy Ornithopter","Singing Bowl","War Paint","Lee\u0027s Waffle","Strawberry","Nilry\u0027s Codex","Fusion Hammer","MealTicket","Smiling Mask","StrikeDummy","CatCart","ChiLing","Chi","Ling"],"acts_visited":["Exordium","TheCity","TheBeyond"],"potions_floor_usage":[8,26,27,47],"damage_taken":[{"damage":1,"enemies":"Cultist","floor":1,"turns":2},{"damage":1,"enemies":"Small Slimes","floor":2,"turns":2},{"damage":2,"enemies":"Jaw Worm","floor":3,"turns":2},{"damage":1,"enemies":"Looter","floor":7,"turns":2},{"damage":3,"enemies":"3 Sentries","floor":8,"turns":3},{"damage":1,"enemies":"Exordium Wildlife","floor":10,"turns":1},{"damage":2,"enemies":"3 Sentries","floor":12,"turns":2},{"damage":0,"enemies":"Lots of Slimes","floor":14,"turns":1},{"damage":4,"enemies":"Slime Boss","floor":16,"turns":4},{"damage":6,"enemies":"Shell Parasite","floor":18,"turns":1},{"damage":8,"enemies":"Spheric Guardian","floor":21,"turns":3},{"damage":9,"enemies":"3 Cultists","floor":22,"turns":2},{"damage":10,"enemies":"Book of Stabbing","floor":23,"turns":4},{"damage":1,"enemies":"Snake Plant","floor":24,"turns":2},{"damage":9,"enemies":"REME_1_Revenger","floor":27,"turns":4},{"damage":2,"enemies":"Automaton","floor":33,"turns":4},{"damage":6,"enemies":"3 Shapes","floor":35,"turns":2},{"damage":6,"enemies":"3 Darklings","floor":38,"turns":5},{"damage":4,"enemies":"Giant Head","floor":40,"turns":4},{"damage":2,"enemies":"4 Shapes","floor":41,"turns":5},{"damage":1,"enemies":"Sphere and 2 Shapes","floor":42,"turns":2},{"damage":6,"enemies":"Spire Growth","floor":46,"turns":3},{"damage":13,"enemies":"Orin","floor":47,"turns":6},{"damage":6,"enemies":"Awakened One","floor":50,"turns":5},{"damage":0,"enemies":"Time Eater","floor":51,"turns":1}],"seed_played":"-8714367783168504050","potions_obtained":[{"floor":1,"key":"Weak Potion"},{"floor":3,"key":"GrandPatriotsElixir:ReiMu"},{"floor":8,"key":"Block Potion"},{"floor":23,"key":"SkillPotion"},{"floor":24,"key":"BlessingOfTheForge"},{"floor":33,"key":"AttackPotion"},{"floor":38,"key":"LiquidBronze"}],"is_trial":false,"path_per_floor":["M","M","M","?","?","R","M","?","T","M","R","E","$","M","R","B",null,"M","?","T","M","M","E","M","$","T","E","?","R","$","?","R","B",null,"M","?","?","M","T","E","M","M","T","$","R","M","?","$","R","B","B"],"character_chosen":"IRONCLAD","items_purchased":["Searing Blow","Fruit Juice","Metallicize","War Paint","Lee\u0027s Waffle","Strawberry","AttackPotion","Good Instincts","Metallicize","ChiLing","Apotheosis","EssenceOfSteel","Muse"],"campfire_rested":1,"item_purchase_floors":[13,25,25,30,30,30,30,44,48,48,48,48,48],"current_hp_per_floor":[73,75,75,75,57,57,62,65,65,70,70,74,74,75,75,75,75,75,75,75,75,75,75,75,65,75,80,80,80,79,58,58,68,88,96,96,79,87,87,97,100,100,100,100,100,100,102,102,102,102,102,102],"gold":569,"neow_bonus":"RANDOM_COLORLESS","is_daily":false,"chose_seed":false,"campfire_upgraded":5,"win_rate":0.0,"timestamp":1608277475,"path_taken":["M","?","M","?","?","R","M","?","T","M","R","E","$","?","R","BOSS","M","?","?","?","M","E","M","$","T","E","?","R","$","?","R","BOSS","M","?","?","M","?","E","M","M","T","$","R","?","?","$","R","BOSS","BOSS"],"items_purchased_type":["Card","Potion","Card","Relic","Relic","Relic","Potion","Card","Card","Relic","Card","Potion","Card"],"build_version":"2020-12-13","purchased_purges":3,"victory":false,"max_hp_per_floor":[75,75,75,75,75,75,75,75,75,75,75,75,75,75,75,75,75,75,75,75,75,75,75,75,75,80,80,80,80,94,94,94,94,94,96,96,96,98,98,100,100,100,100,100,100,100,102,102,102,102,102,102],"card_choices":[{"not_picked":["Jack Of All Trades","REME_ShortnessOfBreath"],"picked":"Panacea","floor":0},{"not_picked":["Clash","Heavy Blade"],"picked":"Iron Wave","floor":1},{"not_picked":["Bloodletting","Flex","Thunderclap"],"picked":"Cleave","floor":2},{"not_picked":["Burning Pact","Headbutt","Twin Strike"],"picked":"Armaments","floor":3},{"not_picked":["Uppercut","Infernal Blade","Inflame","Thunderclap"],"picked":"SKIP","floor":7},{"not_picked":["Pommel Strike","Bloodletting","Battle Trance"],"picked":"Armaments","floor":8},{"not_picked":["Armaments","Havoc","Flex"],"picked":"Seeing Red","floor":10},{"not_picked":["Uppercut","Sword Boomerang","Carnage","Fiend Fire"],"picked":"SKIP","floor":12},{"not_picked":["Anger","Headbutt","True Grit"],"picked":"Seeing Red","floor":14},{"not_picked":["REME_Fury","MostiFishMod:CullingBlade","Fiend Fire"],"picked":"Offering","floor":16},{"not_picked":["Whirlwind","Shrug It Off","Warcry"],"picked":"Body Slam","floor":18},{"not_picked":["Infernal Blade+1","Anger","Searing Blow"],"picked":"Clothesline","floor":21},{"not_picked":["Clash","Perfected Strike","Pommel Strike"],"picked":"Body Slam","floor":22},{"not_picked":["Battle Trance","Searing Blow","REME_Cut","Combust"],"picked":"SKIP","floor":23},{"not_picked":["REME_SingleHolding","Sword Boomerang","Cleave"],"picked":"Disarm","floor":24},{"not_picked":["Combust","Pommel Strike","Battle Trance"],"picked":"Warcry+1","floor":27},{"not_picked":["MostiFishMod:FireWorks","REME_TheLastStrike","MostiFishMod:CullingBlade"],"picked":"Juggernaut","floor":33},{"not_picked":["Dual Wield+1","Warcry+1","Twin Strike","Armaments"],"picked":"Singing Bowl","floor":35},{"not_picked":["Warcry","Double Tap","Heavy Blade","Perfected Strike"],"picked":"Singing Bowl","floor":38},{"not_picked":["Seeing Red+1","Perfected Strike","Power Through+1","Carnage+1"],"picked":"Singing Bowl","floor":40},{"not_picked":["Whirlwind+1","Shrug It Off","Iron Wave"],"picked":"Armaments+1","floor":41},{"not_picked":["Twin Strike","Headbutt","Clothesline"],"picked":"Body Slam","floor":42},{"not_picked":["Fire Breathing","Uppercut","MostiFishMod:NewArrival"],"picked":"Armaments","floor":46},{"not_picked":["Clash","Iron Wave+1","True Grit","Shrug It Off"],"picked":"Singing Bowl","floor":47}],"player_experience":433815,"relics_obtained":[{"floor":1,"key":"Question Card"},{"floor":8,"key":"Centennial Puzzle"},{"floor":9,"key":"Nunchaku"},{"floor":12,"key":"Torii"},{"floor":16,"key":"ImportantClient"},{"floor":20,"key":"Bronze Scales"},{"floor":23,"key":"Ancient Tea Set"},{"floor":26,"key":"Toy Ornithopter"},{"floor":27,"key":"Singing Bowl"},{"floor":31,"key":"Nilry\u0027s Codex"},{"floor":39,"key":"MealTicket"},{"floor":40,"key":"Smiling Mask"},{"floor":43,"key":"StrikeDummy"},{"floor":47,"key":"CatCart"}],"event_choices":[{"damage_healed":0,"gold_gain":0,"player_choice":"Success","damage_taken":18,"relics_obtained":["Gremlin Horn"],"max_hp_gain":0,"max_hp_loss":0,"event_name":"Scrap Ooze","floor":5,"gold_loss":0},{"damage_healed":0,"gold_gain":0,"player_choice":"Searched \u00271\u0027 times","damage_taken":0,"max_hp_gain":0,"max_hp_loss":0,"event_name":"Dead Adventurer","floor":8,"gold_loss":0},{"damage_healed":0,"gold_gain":0,"player_choice":"Obtained Book","damage_taken":21,"max_hp_gain":0,"max_hp_loss":0,"event_name":"Cursed Tome","floor":31,"gold_loss":0},{"damage_healed":0,"gold_gain":999,"player_choice":"Gold","damage_taken":0,"max_hp_gain":0,"max_hp_loss":0,"event_name":"MindBloom","floor":36,"gold_loss":0,"cards_obtained":["Normality","Normality"]},{"damage_healed":0,"gold_gain":0,"player_choice":"Embrace Madness","damage_taken":17,"max_hp_gain":0,"max_hp_loss":0,"event_name":"Winding Halls","floor":37,"gold_loss":0,"cards_obtained":["Madness","Madness"]},{"damage_healed":0,"gold_gain":0,"player_choice":"Fight","damage_taken":0,"max_hp_gain":0,"max_hp_loss":0,"event_name":"OrinTheCat","floor":47,"gold_loss":0}],"is_beta":false,"boss_relics":[{"not_picked":["BloodWine","GuanYuAspect"],"picked":"Black Blood"},{"not_picked":["OneHitWonderSystem","RedLine:ReiMu"],"picked":"Fusion Hammer"}],"items_purged_floors":[30,44,48],"is_endless":false,"potions_floor_spawned":[1,3,8,14,23,24,33,38,40,41],"killed_by":"Time Eater","ascension_level":20}}