{"host":"fqbvzz8m91xtcrjw","time":1608266434,"event":{"mods":["BaseMod","Better Third Choice","BetterRewards","Displayed Cursed Tome","Downfall","Hermit","Highlight Path","JesterMod","Marisa????????","Minty Spire (QoL Compilation)","READ ME - Snecko Mod","Replay The Spire","Shade Mod","Spicy Shops","StSLib","The Construct","The Cursed","The Hierophant","The Runesmith","The Servant 0.9.4"],"gold_per_floor":[119,119,74,74,84,110,198,229,279,279,279,229,244,264,264,364,364,380,392,411,411,113,113,123,138,161,161,121,121,138,150,150,247,247,263,275,275,290,340,340,370,248,248],"floor_reached":42,"playtime":1099,"items_purged":[],"score":638,"play_id":"4ccd3390-ff15-4887-84e8-fab73c6b5242","local_time":"20201217204034","daily_mods":["SealedDeck"],"is_ascension_mode":false,"campfire_choices":[{"floor":11,"key":"REST"},{"data":"Armaments","floor":15,"key":"SMITH"},{"data":"Armaments","floor":23,"key":"SMITH"},{"floor":27,"key":"REST"},{"data":"Demon Form","floor":32,"key":"SMITH"},{"floor":40,"key":"REST"}],"circlet_count":0,"master_deck":["ReplayTheSpireMod:Limb From Limb","ReplayTheSpireMod:Limb From Limb","Thunderclap","Shrug It Off","Clash","Flex","Inflame","Flex","Pummel","Flex","Armaments+1","Armaments+1","ReplayTheSpireMod:LeadingStrike","Heavy Blade+1","Barricade","Ragnarok","Flex","Flex","Pummel+1","Demon Form+1","Heavy Blade+1","Hemogenesis","Madness","Madness","Sword Boomerang+1"],"relics":["Burning Blood","PreservedInsect","Juzu Bracelet","Omamori","Cursed Key","Blood Vial","Strawberry","Regal Pillow","Painkiller Herb","Another Sword","Calipers","Meat on the Bone"],"acts_visited":["Exordium","TheCity","TheBeyond"],"potions_floor_usage":[6,33,33,38,41,41],"damage_taken":[{"damage":0,"enemies":"2 Louse","floor":1,"turns":2},{"damage":1,"enemies":"Cultist","floor":5,"turns":3},{"damage":0,"enemies":"Gremlin Nob","floor":6,"turns":2},{"damage":13,"enemies":"Lagavulin","floor":8,"turns":3},{"damage":3,"enemies":"Small Slimes","floor":13,"turns":2},{"damage":0,"enemies":"Looter","floor":14,"turns":1},{"damage":52,"enemies":"The Guardian","floor":16,"turns":6},{"damage":12,"enemies":"Shell Parasite","floor":18,"turns":2},{"damage":5,"enemies":"Chosen","floor":19,"turns":3},{"damage":15,"enemies":"Snecko","floor":20,"turns":3},{"damage":27,"enemies":"Centurion and Healer","floor":24,"turns":3},{"damage":34,"enemies":"Snake Plant","floor":25,"turns":3},{"damage":7,"enemies":"Snecko","floor":30,"turns":4},{"damage":0,"enemies":"Chosen and Byrds","floor":31,"turns":2},{"damage":9,"enemies":"Automaton","floor":33,"turns":4},{"damage":15,"enemies":"Orb Walker","floor":35,"turns":3},{"damage":29,"enemies":"3 Darklings","floor":36,"turns":3},{"damage":35,"enemies":"Writhing Mass","floor":38,"turns":5},{"damage":16,"enemies":"Mind Bloom Boss Battle","floor":39,"turns":4},{"damage":16,"enemies":"R_Hoarder","floor":41,"turns":5}],"seed_played":"6308214976421641287","potions_obtained":[{"floor":1,"key":"FairyPotion"},{"floor":4,"key":"Milkshake"},{"floor":4,"key":"Strength Potion"},{"floor":13,"key":"Energy Potion"},{"floor":14,"key":"EntropicBrew"},{"floor":33,"key":"DuplicationPotion"},{"floor":38,"key":"SteroidPotion"}],"is_trial":true,"path_per_floor":["M","?","$","?","M","E","?","E","T","?","R","$","M","M","R","B",null,"M","M","M","?","$","R","M","M","T","R","?","?","M","M","R","B",null,"?","?","?","?","?","T","E","T"],"character_chosen":"IRONCLAD","items_purchased":["Armaments","Flex","Blood Vial","Strawberry","Meat on the Bone"],"campfire_rested":3,"item_purchase_floors":[3,12,22,22,42],"current_hp_per_floor":[80,80,80,80,80,80,48,41,41,36,60,60,63,69,69,23,80,74,75,66,66,73,73,54,28,28,69,69,69,70,78,78,77,87,78,57,46,24,16,57,54,54,54],"gold":248,"neow_bonus":"","is_daily":false,"chose_seed":false,"campfire_upgraded":3,"win_rate":0.0,"timestamp":1608266434,"path_taken":["M","?","?","?","?","E","?","E","T","?","R","$","M","M","R","BOSS","M","M","M","?","$","R","M","M","T","R","?","?","M","M","R","BOSS","?","?","?","?","?","T","E","T"],"items_purchased_type":["Card","Card","Relic","Relic","Relic"],"build_version":"2020-12-13","purchased_purges":0,"victory":false,"max_hp_per_floor":[80,80,80,80,80,80,80,80,80,80,80,80,80,80,80,80,80,80,80,80,80,87,87,87,87,87,87,87,87,87,87,87,87,87,87,87,87,87,87,87,87,87,87],"card_choices":[{"not_picked":["Life Link","Ghostly Armor"],"picked":"Flex","floor":1},{"not_picked":["Sever Soul","Headbutt"],"picked":"Armaments","floor":5},{"not_picked":["Warcry","Headbutt","Body Slam"],"picked":"SKIP","floor":6},{"not_picked":["Headbutt","Armaments"],"picked":"ReplayTheSpireMod:LeadingStrike","floor":7},{"not_picked":["Replay:Undeath\u0027s Touch","Evolve"],"picked":"Heavy Blade","floor":7},{"not_picked":["Life Link","Rupture","Barricade"],"picked":"SKIP","floor":8},{"not_picked":["Life Link","Rupture"],"picked":"Barricade","floor":8},{"not_picked":["Rampage","Sentinel"],"picked":"Flex","floor":13},{"not_picked":["Disarm","Run Through"],"picked":"Pummel","floor":14},{"not_picked":["Corruption","Reaper"],"picked":"Demon Form","floor":16},{"not_picked":["Cleave","Entrench+1","Searing Blow"],"picked":"SKIP","floor":18},{"not_picked":["Rage","Clothesline"],"picked":"Heavy Blade+1","floor":19},{"not_picked":["Power Through","Flex","Heavy Blade+1"],"picked":"SKIP","floor":20},{"not_picked":["Warcry","Whirlwind+1","Flex"],"picked":"SKIP","floor":24},{"not_picked":["Rampage+1","Armaments","Feel No Pain"],"picked":"SKIP","floor":25},{"not_picked":["Clash+1","Wild Strike","Ghostly Armor+1"],"picked":"SKIP","floor":30},{"not_picked":["Shrug It Off","Thunderclap","Twin Strike+1"],"picked":"SKIP","floor":31},{"not_picked":["Berserk","Barricade"],"picked":"Hemogenesis","floor":33},{"not_picked":["Uppercut","Dark Embrace+1","Havoc+1"],"picked":"SKIP","floor":35},{"not_picked":["Cleave+1","Anger","Shrug It Off+1"],"picked":"SKIP","floor":36},{"not_picked":["Metallicize","Perfected Strike+1","Power Through"],"picked":"SKIP","floor":38},{"not_picked":["Heavy Blade","Anger"],"picked":"Sword Boomerang+1","floor":39},{"not_picked":["Headbutt+1","Fiend Fire","Cleave+1"],"picked":"SKIP","floor":41}],"player_experience":450952,"relics_obtained":[{"floor":6,"key":"PreservedInsect"},{"floor":8,"key":"Juzu Bracelet"},{"floor":9,"key":"Omamori"},{"floor":26,"key":"Regal Pillow"},{"floor":39,"key":"Another Sword"},{"floor":41,"key":"Calipers"}],"event_choices":[{"damage_healed":0,"gold_gain":0,"player_choice":"Ignored","damage_taken":0,"max_hp_gain":0,"max_hp_loss":0,"event_name":"NoteForYourself","floor":2,"gold_loss":0},{"damage_healed":0,"gold_gain":0,"player_choice":"Got Potions","damage_taken":0,"max_hp_gain":0,"max_hp_loss":0,"event_name":"Lab","floor":4,"gold_loss":0},{"damage_healed":0,"gold_gain":0,"player_choice":"Card ","damage_taken":5,"max_hp_gain":0,"max_hp_loss":0,"event_name":"betterThird:BetterScrap","floor":10,"gold_loss":0,"cards_obtained":["Ragnarok"]},{"cards_removed":["Run Through"],"damage_healed":0,"gold_gain":0,"player_choice":"Elegance","damage_taken":0,"max_hp_gain":0,"max_hp_loss":0,"event_name":"betterThird:BetterWriting","floor":21,"gold_loss":0},{"damage_healed":0,"gold_gain":0,"player_choice":"Upgraded Two","damage_taken":0,"max_hp_gain":0,"max_hp_loss":0,"event_name":"Designer","floor":28,"gold_loss":40,"cards_upgraded":["Pummel","Heavy Blade"]},{"damage_healed":0,"gold_gain":0,"player_choice":"Embrace Madness","damage_taken":11,"max_hp_gain":0,"max_hp_loss":0,"event_name":"Winding Halls","floor":37,"gold_loss":0,"cards_obtained":["Madness","Madness"]},{"damage_healed":0,"gold_gain":0,"player_choice":"Fight","damage_taken":0,"max_hp_gain":0,"max_hp_loss":0,"event_name":"MindBloom","floor":39,"gold_loss":0}],"is_beta":false,"boss_relics":[{"not_picked":["Kintsugi","Replay:Drink Me"],"picked":"Cursed Key"},{"not_picked":["ChewingGum","Runic Pyramid"],"picked":"Painkiller Herb"}],"items_purged_floors":[],"is_endless":true,"potions_floor_spawned":[1,5,13,14,20,25,30,33,38],"ascension_level":0}}