{"host":"zekcc3vicrep0och","time":1608311834,"event":{"mods":["AchievementEnabler","BaseMod","Colored Map","Colored Powertips","Displayed Cursed Tome","Minty Spire (QoL Compilation)","Relic Stats","StSLib"],"gold_per_floor":[113,132,148,148,162,162,190,190,214,214,164,194,41,41,41,142,142,160,179,179,198,198,198,229,239,239,20,20,20],"floor_reached":28,"playtime":1258,"items_purged":["Parasite"],"score":394,"play_id":"a84fe8ca-6e4a-4055-ab93-0e21254a8a8a","local_time":"20201218201714","is_ascension_mode":true,"campfire_choices":[{"data":"Defragment","floor":6.0,"key":"SMITH"},{"data":"Go for the Eyes","floor":8.0,"key":"SMITH"},{"data":"Capacitor","floor":15.0,"key":"SMITH"},{"floor":23.0,"key":"REST"}],"circlet_count":0,"master_deck":["AscendersBane","Strike_B+1","Strike_B+1","Defend_B","Defend_B","Defend_B","Zap","Dualcast","Defragment+1","Go for the Eyes+1","Steam","Genetic Algorithm","Static Discharge","Glacier","Echo Form","Undo","Electrodynamics","Conserve Battery","Auto Shields","Capacitor+1","Hologram","Fission","CurseOfTheBell","Ball Lightning","Lockon","Coolheaded+1"],"relics":["Cracked Core","Pen Nib","Whetstone","Regal Pillow","Orrery","Orichalcum","Calling Bell","Akabeko","Frozen Egg 2","Calipers","Boot","Gambling Chip","Strange Spoon"],"acts_visited":["TheCity"],"potions_floor_usage":[25,25,28],"damage_taken":[{"damage":0.0,"enemies":"Jaw Worm","floor":1.0,"turns":3.0},{"damage":5.0,"enemies":"Small Slimes","floor":2.0,"turns":3.0},{"damage":4.0,"enemies":"2 Louse","floor":3.0,"turns":3.0},{"damage":6.0,"enemies":"Blue Slaver","floor":5.0,"turns":4.0},{"damage":10.0,"enemies":"Gremlin Nob","floor":7.0,"turns":5.0},{"damage":4.0,"enemies":"Lagavulin","floor":12.0,"turns":7.0},{"damage":12.0,"enemies":"Slime Boss","floor":16.0,"turns":7.0},{"damage":7.0,"enemies":"3 Byrds","floor":18.0,"turns":4.0},{"damage":20.0,"enemies":"Spheric Guardian","floor":19.0,"turns":6.0},{"damage":3.0,"enemies":"Snake Plant","floor":21.0,"turns":7.0},{"damage":18.0,"enemies":"Gremlin Leader","floor":24.0,"turns":9.0},{"damage":34,"enemies":"Chosen and Byrds","floor":25,"turns":7},{"damage":11,"enemies":"Sentry and Sphere","floor":28,"turns":2}],"seed_played":"-3071569511033324113","potions_obtained":[{"floor":2.0,"key":"ColorlessPotion"},{"floor":3.0,"key":"SpeedPotion"},{"floor":7.0,"key":"Swift Potion"},{"floor":18.0,"key":"FocusPotion"},{"floor":24.0,"key":"Weak Potion"},{"floor":25,"key":"AttackPotion"}],"is_trial":false,"path_per_floor":["M","M","M","?","M","R","E","R","T","?","?","E","$","?","R","B",null,"M","M","?","M","?","R","E","M","T","$","M"],"character_chosen":"DEFECT","items_purchased":["Orrery","Strange Spoon"],"campfire_rested":1,"item_purchase_floors":[13,27],"current_hp_per_floor":[50,45,41,41,35,35,25,25,25,43,43,39,39,21,21,9,59,52,32,32,29,15,54,36,2,2,2,0,0],"gold":20,"neow_bonus":"TRANSFORM_TWO_CARDS","is_daily":false,"chose_seed":false,"campfire_upgraded":3,"win_rate":0.0,"timestamp":1608311834,"path_taken":["M","M","M","?","M","R","E","R","T","?","?","E","?","?","R","BOSS","M","M","?","M","?","R","E","M","T","$","M"],"items_purchased_type":["Relic","Relic"],"build_version":"2020-12-13","purchased_purges":1,"victory":false,"max_hp_per_floor":[75,75,75,75,75,75,75,75,75,75,75,75,75,75,75,75,75,75,75,75,75,80,80,80,80,80,77,77,77],"relic_stats":{"Strange Spoon":[0],"Regal Pillow":15,"counters":[13,67],"Gambling Chip":[4],"Pen Nib":[3],"Whetstone":["Strike_B","Strike_B"],"Orichalcum":[60],"Boot":[3],"obtain_stats":[{"Regal Pillow":12,"Calipers":17,"Pen Nib":7,"Whetstone":9,"Orichalcum":14,"Frozen Egg 2":17,"Boot":24,"Akabeko":17,"Calling Bell":17,"Strange Spoon":27,"Gambling Chip":26,"Orrery":13,"Cracked Core":0},{"Regal Pillow":6,"Calipers":7,"Pen Nib":5,"Whetstone":5,"Orichalcum":6,"Frozen Egg 2":7,"Boot":11,"Akabeko":7,"Calling Bell":7,"Strange Spoon":12,"Gambling Chip":12,"Orrery":6,"Cracked Core":0},{"Regal Pillow":25,"Calipers":32,"Pen Nib":18,"Whetstone":18,"Orichalcum":25,"Frozen Egg 2":32,"Boot":58,"Akabeko":32,"Calling Bell":32,"Strange Spoon":65,"Gambling Chip":65,"Orrery":25,"Cracked Core":0}]},"card_choices":[{"not_picked":["Leap","Consume"],"picked":"Steam","floor":1.0},{"not_picked":["Glacier","Rebound"],"picked":"Genetic Algorithm","floor":2.0},{"not_picked":["Compile Driver","Rip and Tear"],"picked":"Static Discharge","floor":3.0},{"not_picked":["Sweeping Beam","Hologram"],"picked":"Glacier","floor":5.0},{"not_picked":["Turbo","Skim"],"picked":"Echo Form","floor":7.0},{"not_picked":["Barrage","Stack"],"picked":"Undo","floor":12.0},{"not_picked":["Stack","Defragment"],"picked":"Electrodynamics","floor":13.0},{"not_picked":["Go for the Eyes","Coolheaded"],"picked":"Conserve Battery","floor":13.0},{"not_picked":["Streamline","Darkness"],"picked":"Auto Shields","floor":13.0},{"not_picked":["Reinforced Body","Genetic Algorithm"],"picked":"Capacitor","floor":13.0},{"not_picked":["Genetic Algorithm","Biased Cognition"],"picked":"Hologram","floor":13.0},{"not_picked":["Seek","Rainbow"],"picked":"Fission","floor":16.0},{"not_picked":["Compile Driver","Barrage"],"picked":"Ball Lightning","floor":18.0},{"not_picked":["Go for the Eyes+1","Ball Lightning","Gash"],"picked":"SKIP","floor":19.0},{"not_picked":["Streamline","Hologram","Leap"],"picked":"SKIP","floor":21.0},{"not_picked":["Compile Driver","Rebound"],"picked":"Lockon","floor":24.0},{"not_picked":["Ball Lightning","Chaos"],"picked":"Coolheaded+1","floor":25}],"player_experience":441156,"relics_obtained":[{"floor":7.0,"key":"Pen Nib"},{"floor":9.0,"key":"Whetstone"},{"floor":12.0,"key":"Regal Pillow"},{"floor":17.0,"key":"Akabeko"},{"floor":17.0,"key":"Frozen Egg 2"},{"floor":17.0,"key":"Calipers"},{"floor":24.0,"key":"Boot"},{"floor":26,"key":"Gambling Chip"}],"event_choices":[{"damage_healed":0.0,"max_hp_gain":0.0,"max_hp_loss":0.0,"gold_gain":0.0,"event_name":"Golden Wing","player_choice":"Ignored","floor":4.0,"gold_loss":0.0,"damage_taken":0.0},{"damage_healed":18.0,"max_hp_gain":0.0,"max_hp_loss":0.0,"gold_gain":0.0,"event_name":"Mushrooms","player_choice":"Healed and dodged fight","floor":10.0,"gold_loss":0.0,"damage_taken":0.0,"cards_obtained":["Parasite"]},{"cards_removed":["Strike_B"],"damage_healed":0.0,"max_hp_gain":0.0,"max_hp_loss":0.0,"gold_gain":0.0,"event_name":"The Cleric","player_choice":"Card Removal","floor":11.0,"gold_loss":50.0,"damage_taken":0.0},{"damage_healed":0.0,"max_hp_gain":0.0,"max_hp_loss":0.0,"gold_gain":0.0,"event_name":"Scrap Ooze","player_choice":"Success","floor":14.0,"gold_loss":0.0,"damage_taken":18.0,"relics_obtained":["Orichalcum"]},{"damage_healed":0.0,"max_hp_gain":0.0,"max_hp_loss":0.0,"gold_gain":0.0,"event_name":"Ghosts","player_choice":"Ignored","floor":20.0,"gold_loss":0.0,"damage_taken":0.0},{"damage_healed":0.0,"max_hp_gain":5.0,"max_hp_loss":0.0,"gold_gain":0.0,"event_name":"Forgotten Altar","player_choice":"Shed Blood","floor":22.0,"gold_loss":0.0,"damage_taken":19.0}],"is_beta":false,"boss_relics":[{"not_picked":["FrozenCore","Ectoplasm"],"picked":"Calling Bell"}],"items_purged_floors":[27],"is_endless":false,"potions_floor_spawned":[2,3,7,18,24,25],"killed_by":"Sentry and Sphere","ascension_level":12}}