{"host":"jgyoyy5iuhtvyvtg","time":1608262701,"event":{"mods":["2.2 Compatiblity","BaseMod","Challenge The Spire","Colored Map","Conspire","Downfall","Hermit","Highlight Path","Infinite Spire","Lobotomy","LobotomyExtend","Minty Spire (QoL Compilation)","Quick Restart","Replay The Spire","Spikes Relics","StSLib","The Construct","The Disciple","The Jungle","Yuri Mod"],"gold_per_floor":[109,109,37,37,50,50,61,61,61,79,105,105,131,151,151,254,254,266,266,285,298,298,298,329,329,329,329,346,346,82,92,92,194,194,208,118,37,49,67,96,96,125,150,150,1,1,1,6,6,13,13],"floor_reached":50,"playtime":3290,"items_purged":["Funeral","sneckomod:Bewildered"],"score":689,"play_id":"f8863763-1d8f-4533-aa96-e3a0af6b796c","local_time":"20201217193821","is_ascension_mode":true,"campfire_choices":[{"data":"hermit:Determination","floor":6,"key":"SMITH"},{"data":"hermit:Vantage","floor":8,"key":"SMITH"},{"data":"hermit:TakeAim","floor":12,"key":"SMITH"},{"data":"hermit:CalledShot","floor":15,"key":"SMITH"},{"data":"hermit:Roughhouse","floor":23,"key":"SMITH"},{"data":"hermit:Quickdraw","floor":25,"key":"SMITH"},{"data":"Specialist","floor":32,"key":"SMITH"},{"data":"hermit:HeroicBravado","floor":41,"key":"SMITH"},{"data":"hermit:Combo","floor":44,"key":"SMITH"},{"data":"hermit:WideOpen","floor":46,"key":"SMITH"},{"data":"hermit:Scavenge","floor":49,"key":"SMITH"}],"circlet_count":0,"master_deck":["WhiteNight","hermit:Strike_Hermit","HereticApostle","hermit:Defend_Hermit","hermit:Defend_Hermit","hermit:Defend_Hermit","hermit:Defend_Hermit","hermit:Snapshot","hermit:Covet+1","hermit:Deadeye+1","hermit:Determination+1","hermit:Vantage+1","hermit:GhostlyPresence","hermit:TakeAim+1","hermit:TrackingShot","hermit:CalledShot+1","UniverseFragment","hermit:Roughhouse+1","hermit:GoldenBullet","hermit:Quickdraw+1","hermit:Combo+1","hermit:Gestalt","hermit:LowProfile","Specialist+1","hermit:Ricochet","LongBird","hermit:HeroicBravado+1","hermit:Virtue+1","hermit:Magnum","RedShoes","hermit:Scavenge+1","hermit:Glare+1"],"relics":["sneckomod:SneckoSoul","CogitoBucket","RabbitCall","LetterFromLob","infinitespire:Cubic Diamond","Replay:Bottled Eggs","Nunchaku","Eternal Feather","LuminousBracelet","Empty Cage","conspire:Flyswatter","Cursed Key","SolemnVow_r","SnailShell","Bottled Lightning","SkinProphecy","Philosopher\u0027s Stone","BehaviorAdjustment","AtMidnight","conspire:Flyswatter","RollingBoulder","Centennial Puzzle","DeathAngel"],"acts_visited":["Exordium","Exordium","TheBeyond"],"potions_floor_usage":[10,11,14,28,40,42,48,48,50],"damage_taken":[{"damage":1,"enemies":"Jaw Worm","floor":1,"turns":4},{"damage":8,"enemies":"Small Slimes","floor":5,"turns":4},{"damage":0,"enemies":"2 Louse","floor":7,"turns":3},{"damage":4,"enemies":"Gremlin Gang","floor":10,"turns":6},{"damage":17,"enemies":"3 Sentries","floor":11,"turns":10},{"damage":20,"enemies":"Gremlin Nob","floor":13,"turns":5},{"damage":7,"enemies":"Looter","floor":14,"turns":4},{"damage":35,"enemies":"Hexaghost","floor":16,"turns":14},{"damage":22,"enemies":"theJungle:MUSHROOMGANG","floor":18,"turns":6},{"damage":1,"enemies":"theJungle:5_Spyders","floor":20,"turns":6},{"damage":12,"enemies":"theJungle:Lyon","floor":21,"turns":4},{"damage":20,"enemies":"theJungle:Cassacara","floor":24,"turns":11},{"damage":0,"enemies":"theJungle:2_Snecko_Cultists","floor":28,"turns":1},{"damage":9,"enemies":"theJungle:2_Flameangoes","floor":31,"turns":7},{"damage":0,"enemies":"theJungle:FunGuy","floor":33,"turns":8},{"damage":0,"enemies":"Orb Walker","floor":35,"turns":3},{"damage":13,"enemies":"3 Darklings","floor":38,"turns":6},{"damage":7,"enemies":"Writhing Mass","floor":39,"turns":14},{"damage":85,"enemies":"Reptomancer","floor":40,"turns":7},{"damage":3,"enemies":"Giant Head","floor":42,"turns":7},{"damage":8,"enemies":"Sphere and 2 Shapes","floor":48,"turns":12},{"damage":105,"enemies":"Awakened One","floor":50,"turns":6}],"seed_played":"-4446745570084657689","potions_obtained":[{"floor":5,"key":"LifebloodPotion"},{"floor":10,"key":"PowerPotion"},{"floor":13,"key":"sneckomod:MuddlingPotion"},{"floor":14,"key":"hermit:BlackBile"},{"floor":20,"key":"LiquidMemories"},{"floor":22,"key":"infinitespire:BlackPotion"},{"floor":28,"key":"Weak Potion"},{"floor":38,"key":"Dexterity Potion"},{"floor":40,"key":"Energy Potion"}],"is_trial":false,"path_per_floor":["M","?","$","?","M","R","M","R","T","M","E","R","E","M","R","B",null,"M","AVR","M","M","?","R","E","R","T","M","M","?","$","M","R","B",null,"M","?","$","M","M","E","R","E","T","R","$","R","?","M","R","B"],"character_chosen":"HERMIT","items_purchased":["hermit:Determination","hermit:Gestalt","hermit:LowProfile","Specialist","hermit:Magnum","Energy Potion"],"campfire_rested":0,"item_purchase_floors":[3,30,30,30,37,45],"current_hp_per_floor":[74,74,74,74,66,66,66,66,66,62,45,45,25,33,42,26,90,76,76,78,68,68,77,53,65,65,65,66,66,66,57,57,64,64,66,66,66,68,62,13,13,58,58,58,58,58,58,57,57,0,0],"gold":13,"neow_bonus":"","is_daily":false,"chose_seed":false,"campfire_upgraded":11,"win_rate":0.0,"timestamp":1608262701,"path_taken":["M","?","$","?","M","R","M","R","T","M","E","R","E","M","R","BOSS","M","AVR","M","M","?","R","E","R","T","M","M","?","?","?","R","BOSS","M","?","?","M","M","E","R","E","T","R","$","R","?","M","R","BOSS"],"items_purchased_type":["Card","Card","Card","Card","Card","Potion"],"build_version":"2020-12-13","purchased_purges":2,"victory":false,"max_hp_per_floor":[75,75,75,75,75,75,75,75,75,75,75,75,75,90,90,90,90,90,90,90,80,80,80,70,70,70,70,70,70,70,72,72,64,64,66,66,66,68,62,64,64,66,66,66,66,66,66,70,70,74,74],"card_choices":[{"not_picked":["Alriune","FieryBird","PunishingBird"],"picked":"Singing Bowl","floor":1},{"not_picked":["hermit:Shortfuse","hermit:ItchyTrigger"],"picked":"hermit:Deadeye","floor":1},{"not_picked":["Bloodbath","Murderer","MeatLantern"],"picked":"Singing Bowl","floor":5},{"not_picked":["hermit:ItchyTrigger","hermit:Dive"],"picked":"hermit:Vantage","floor":5},{"not_picked":["Scorched","DespairKnight","SpiderBud"],"picked":"Singing Bowl","floor":7},{"not_picked":["hermit:Cheat","hermit:Feint"],"picked":"hermit:GhostlyPresence","floor":7},{"not_picked":["VoidDream","BeautyBeast","WhitesApple"],"picked":"Singing Bowl","floor":10},{"not_picked":["hermit:TrackingShot","hermit:Shortfuse"],"picked":"hermit:TakeAim","floor":10},{"not_picked":["Wellcheers","OldLady","HappyTeddy"],"picked":"Singing Bowl","floor":11},{"not_picked":["hermit:Vantage","hermit:Misfire","hermit:TakeCover"],"picked":"SKIP","floor":11},{"not_picked":["BlackSwan","CherryBlossoms","LaLuna"],"picked":"Singing Bowl","floor":13},{"not_picked":["hermit:LuckOfTheDraw","hermit:GhostlyPresence"],"picked":"hermit:TrackingShot","floor":13},{"not_picked":["Scarecrow","BlackSwan","LittlePrince"],"picked":"Singing Bowl","floor":14},{"not_picked":["hermit:Roulette","hermit:Snipe"],"picked":"hermit:CalledShot","floor":14},{"not_picked":["OldLady","QueenBee"],"picked":"UniverseFragment","floor":16},{"not_picked":["hermit:FinalCanter","hermit:BlackWind"],"picked":"hermit:Roughhouse","floor":16},{"not_picked":["FieryBird","MeatLantern"],"picked":"Funeral","floor":18},{"not_picked":["hermit:Snipe","hermit:Misfire","hermit:Vantage"],"picked":"SKIP","floor":18},{"not_picked":["Freischutz","FairyFestival","LongBird"],"picked":"Singing Bowl","floor":20},{"not_picked":["hermit:Manifest","hermit:Snipe"],"picked":"hermit:GoldenBullet","floor":20},{"not_picked":["Yin","SnowQueen","LaLuna"],"picked":"Singing Bowl","floor":21},{"not_picked":["hermit:Roulette+1","hermit:Coalescence","hermit:FinalCanter"],"picked":"SKIP","floor":21},{"not_picked":["WhitesApple","LittlePrince","FieryBird"],"picked":"Singing Bowl","floor":24},{"not_picked":["hermit:HoleUp+1","hermit:LowProfile"],"picked":"hermit:Quickdraw","floor":24},{"not_picked":["GreedKing","VoidDream","NakedNest"],"picked":"Singing Bowl","floor":28},{"not_picked":["hermit:Vantage","hermit:HoleUp+1"],"picked":"hermit:Combo","floor":28},{"not_picked":["FieryBird","DespairKnight"],"picked":"WhiteNight","floor":31},{"not_picked":["hermit:TrackingShot","hermit:HighCaliber"],"picked":"hermit:Ricochet","floor":31},{"not_picked":["MeatLantern","CrumblingArmor","HappyTeddy"],"picked":"Singing Bowl","floor":33},{"not_picked":["Murderer","MHz"],"picked":"LongBird","floor":33},{"not_picked":["hermit:BlackWind","hermit:HighNoon"],"picked":"hermit:HeroicBravado","floor":33},{"not_picked":["CrumblingArmor","DreamingCurrent","MHz"],"picked":"Singing Bowl","floor":35},{"not_picked":["hermit:HoleUp+1","hermit:WideOpen"],"picked":"hermit:Virtue+1","floor":35},{"not_picked":["OldLady","Yin","GalaxyChild"],"picked":"Singing Bowl","floor":38},{"not_picked":["hermit:LowProfile+1","hermit:Coalescence+1","hermit:Maintenance+1"],"picked":"SKIP","floor":38},{"not_picked":["SingingMachine","LaLuna","Murderer"],"picked":"Singing Bowl","floor":39},{"not_picked":["hermit:GoldenBullet","hermit:Ricochet","hermit:LowProfile"],"picked":"SKIP","floor":39},{"not_picked":["QueenBee","LaLuna"],"picked":"RedShoes","floor":40},{"not_picked":["hermit:Maintenance+1","hermit:NoHoldsBarred"],"picked":"hermit:WideOpen","floor":40},{"not_picked":["PunishingBird","Alriune","ShyLook"],"picked":"Singing Bowl","floor":42},{"not_picked":["hermit:WideOpen+1","hermit:Midnight"],"picked":"hermit:Scavenge","floor":42},{"not_picked":["Variant","NakedNest","HappyTeddy"],"picked":"Singing Bowl","floor":48},{"not_picked":["hermit:Cheat+1","hermit:Dive"],"picked":"hermit:Glare+1","floor":48}],"player_experience":3147930,"relics_obtained":[{"floor":1,"key":"LetterFromLob"},{"floor":9,"key":"Replay:Bottled Eggs"},{"floor":11,"key":"Nunchaku"},{"floor":13,"key":"Eternal Feather"},{"floor":24,"key":"SnailShell"},{"floor":26,"key":"Bottled Lightning"},{"floor":39,"key":"AtMidnight"},{"floor":40,"key":"conspire:Flyswatter"},{"floor":42,"key":"RollingBoulder"},{"floor":43,"key":"Centennial Puzzle"},{"floor":48,"key":"DeathAngel"}],"event_choices":[{"damage_healed":0,"gold_gain":0,"player_choice":"Got Potions","damage_taken":0,"max_hp_gain":0,"max_hp_loss":0,"event_name":"Lab","floor":22,"gold_loss":0},{"cards_removed":["Voices"],"damage_healed":0,"gold_gain":0,"player_choice":"Upgrade and Remove","damage_taken":0,"max_hp_gain":0,"max_hp_loss":0,"event_name":"Designer","floor":36,"gold_loss":90,"cards_upgraded":["hermit:Covet"]},{"cards_removed":["hermit:WideOpen"],"damage_healed":0,"gold_gain":0,"player_choice":"Removed Attack","damage_taken":0,"max_hp_gain":0,"max_hp_loss":0,"event_name":"Falling","floor":47,"gold_loss":0}],"is_beta":false,"boss_relics":[{"not_picked":["conspire:SeveredTorchhead","ReplayTheSpireMod:DimensionalGlitch"],"picked":"Empty Cage"},{"not_picked":["Replay:Wanted Poster","Tiny House"],"picked":"Philosopher\u0027s Stone"}],"items_purged_floors":[30,45],"is_endless":false,"potions_floor_spawned":[5,10,13,14,20,28,31,38,40],"killed_by":"Awakened One","ascension_level":2}}