{"host":"qvzwftlm72dh2ckx","time":1608252986,"event":{"mods":["AchievementEnabler","BaseMod","Bestiary","Better Altar","Better Match","Better Note","Better Sensory Stone","Better Silent Start","Better Skull","Better Third Choice","Colored Map","Minty Spire (QoL Compilation)","Rare Cards Sparkle","Spicy Shops","StSLib","The Construct","The Gatherer","The Servant 0.9.4"],"gold_per_floor":[214,12,26,37,1,27,43,1,1,1,19,19,19,33,33,130,130,140,30,47,66,80,80,80,80,80,80,98,98,1,1,1,101,101,112,1111,904,904,914,914,914,914,914],"floor_reached":42,"playtime":2897,"items_purged":["Normality"],"score":421,"play_id":"8ea52166-9bef-48b4-9003-84fd2d2e7bdd","local_time":"20201218015626","is_ascension_mode":false,"campfire_choices":[{"data":"LightFlow","floor":10,"key":"SMITH"},{"data":"Reset","floor":12,"key":"SMITH"},{"data":"MurderousAura","floor":15,"key":"SMITH"},{"floor":23,"key":"REST"},{"floor":25,"key":"REST"},{"floor":27,"key":"REST"},{"floor":29,"key":"RECALL"},{"data":"SpecialFormula","floor":32,"key":"SMITH"}],"circlet_count":0,"master_deck":["Strike_S","Strike_S","Strike_S","Defend_S","Defend_S","Defend_S","Defend_S","KidneyShot","Exchange","Spin","Defy","Deny","LightFlow+1","Reset+1","Snipe","RealityMarble","Defy","BottledTime","Spin","MurderousAura+1","Sunlight","Apotheosis+1","Ricochet","Moonlight","Defy","Ricochet+1","SilverBlades+1","SpecialFormula+1","Potential+1","SoulSculpture+1","Normality","Secret Weapon","FlawlessForm"],"relics":["Uniform","Membership Card","Art of War","Frozen Eye","Bag of Preparation","Question Card","construct:WeddingRing","Molten Egg 2","ClockworkSouvenir","construct:ClawGrip","Bronze Scales","Toxic Egg 2"],"acts_visited":["Exordium","TheCity","TheBeyond"],"potions_floor_usage":[6,6,16,16,22,42,42],"damage_taken":[{"damage":1,"enemies":"Cultist","floor":1,"turns":6},{"damage":3,"enemies":"Jaw Worm","floor":3,"turns":4},{"damage":0,"enemies":"Small Slimes","floor":4,"turns":2},{"damage":2,"enemies":"Gremlin Nob","floor":6,"turns":3},{"damage":2,"enemies":"Blue Slaver","floor":7,"turns":3},{"damage":0,"enemies":"Large Slime","floor":11,"turns":3},{"damage":0,"enemies":"3 Louse","floor":14,"turns":1},{"damage":24,"enemies":"Slime Boss","floor":16,"turns":8},{"damage":0,"enemies":"Spheric Guardian","floor":18,"turns":4},{"damage":27,"enemies":"Shell Parasite","floor":20,"turns":5},{"damage":15,"enemies":"Snake Plant","floor":21,"turns":3},{"damage":12,"enemies":"Snecko","floor":22,"turns":4},{"damage":0,"enemies":"Chosen and Byrds","floor":28,"turns":4},{"damage":66,"enemies":"Automaton","floor":33,"turns":7},{"damage":25,"enemies":"3 Darklings","floor":35,"turns":4},{"damage":32,"enemies":"Orb Walker","floor":39,"turns":3},{"damage":43,"enemies":"Reptomancer","floor":42,"turns":4}],"seed_played":"8315273605811119866","potions_obtained":[{"floor":3,"key":"EntropicBrew"},{"floor":4,"key":"ColorlessPotion"},{"floor":33,"key":"LiquidMemories"},{"floor":39,"key":"SpeedPotion"}],"is_trial":false,"path_per_floor":["M","$","M","M","$","E","M","$","T","R","M","R","?","M","R","B",null,"M","$","M","M","M","R","?","R","T","R","M","R","$","?","R","B",null,"M","?","$","?","M","?","T","E"],"character_chosen":"THE_SERVANT","items_purchased":["Membership Card","Defy","Deny","Art of War","Frozen Eye","RealityMarble","Defy","BottledTime","Apotheosis","Ricochet","SpecialFormula","ClockworkSouvenir","Secret Weapon","Bronze Scales"],"campfire_rested":3,"item_purchase_floors":[2,2,2,2,5,8,8,8,19,19,30,30,37,37],"current_hp_per_floor":[64,64,61,61,61,59,57,57,57,57,57,57,57,57,57,33,62,62,62,35,20,8,26,26,44,44,62,62,62,62,62,62,4,62,45,45,45,45,21,21,21,0,0],"gold":914,"neow_bonus":"HUNDRED_GOLD","is_daily":false,"chose_seed":false,"campfire_upgraded":4,"win_rate":0.0,"timestamp":1608252986,"path_taken":["M","$","?","M","$","E","M","?","T","R","M","R","?","M","R","BOSS","M","$","M","M","?","R","?","R","T","R","M","R","$","?","R","BOSS","M","?","$","?","M","?","?","E"],"items_purchased_type":["Relic","Card","Card","Relic","Relic","Card","Card","Card","Card","Card","Card","Relic","Card","Relic"],"build_version":"2020-12-13","purchased_purges":1,"victory":false,"max_hp_per_floor":[65,65,65,65,65,65,65,65,65,65,65,65,62,62,62,62,62,62,62,62,62,62,62,62,62,62,62,62,62,62,62,62,62,62,62,62,62,62,62,62,62,62,62],"card_choices":[{"not_picked":["Alleviate","DoubleEdge"],"picked":"Spin","floor":1},{"not_picked":["Unruled","Desolation"],"picked":"LightFlow","floor":3},{"not_picked":["DualDimension","Potential","Revamp"],"picked":"SKIP","floor":4},{"not_picked":["ShatteredReality","Collapse"],"picked":"Reset","floor":6},{"not_picked":["Spin","Potential"],"picked":"Snipe","floor":7},{"not_picked":["Revamp","Replace","Potential"],"picked":"Spin","floor":11},{"not_picked":["Potential","FastForward","TimeWarp"],"picked":"MurderousAura","floor":14},{"not_picked":["Dilation","MurderousAura","PendulumOfEternity"],"picked":"Sunlight","floor":16},{"not_picked":["Misdirection","Read","Replace","Rearm"],"picked":"SKIP","floor":18},{"not_picked":["Collapse","TimeWarp","ShatteredReality"],"picked":"Moonlight","floor":20},{"not_picked":["Starlight","BottledTime","Replace+1"],"picked":"Defy","floor":21},{"not_picked":["Starlight","Spin","Rearm+1"],"picked":"Ricochet+1","floor":22},{"not_picked":["Replace","StarChef","Foresight"],"picked":"SilverBlades+1","floor":28},{"not_picked":["FloweringNight","MurderousAura","Solidify"],"picked":"SoulSculpture+1","floor":33},{"not_picked":["Replace+1","Defy","SilverBlades","Collapse+1"],"picked":"SKIP","floor":35},{"not_picked":["Replace+1","Rewind+1","TimeWarp+1"],"picked":"FlawlessForm","floor":39}],"player_experience":94449,"relics_obtained":[{"floor":6,"key":"Bag of Preparation"},{"floor":9,"key":"Question Card"},{"floor":26,"key":"Molten Egg 2"},{"floor":41,"key":"Toxic Egg 2"}],"event_choices":[{"cards_removed":["Parasite"],"damage_healed":0,"gold_gain":0,"player_choice":"Purged","damage_taken":0,"max_hp_gain":0,"max_hp_loss":0,"event_name":"Purifier","floor":13,"gold_loss":0},{"damage_healed":0,"gold_gain":0,"player_choice":"Forge","damage_taken":0,"max_hp_gain":0,"max_hp_loss":0,"event_name":"Accursed Blacksmith","floor":24,"gold_loss":0,"cards_upgraded":["Apotheosis"]},{"damage_healed":0,"gold_gain":0,"cards_transformed":["Strike_S"],"player_choice":"Transformed","damage_taken":0,"max_hp_gain":0,"max_hp_loss":0,"event_name":"Transmorgrifier","floor":31,"gold_loss":0,"cards_obtained":["Potential"]},{"damage_healed":0,"gold_gain":999,"player_choice":"Gold","damage_taken":0,"max_hp_gain":0,"max_hp_loss":0,"event_name":"MindBloom","floor":36,"gold_loss":0,"cards_obtained":["Normality","Normality"]},{"damage_healed":0,"gold_gain":0,"player_choice":"Ignored","damage_taken":0,"max_hp_gain":0,"max_hp_loss":0,"event_name":"Mysterious Sphere","floor":38,"gold_loss":0},{"damage_healed":0,"gold_gain":0,"player_choice":"Ignored","damage_taken":0,"max_hp_gain":0,"max_hp_loss":0,"event_name":"Tomb of Lord Red Mask","floor":40,"gold_loss":0}],"is_beta":false,"boss_relics":[{"not_picked":["Pandora\u0027s Box","Empty Cage"],"picked":"construct:WeddingRing"},{"not_picked":["Cursed Key","SacredBark"],"picked":"construct:ClawGrip"}],"items_purged_floors":[37],"is_endless":false,"potions_floor_spawned":[3,4,11,14,33,39],"killed_by":"Reptomancer","ascension_level":0}}