{"host":"5u4m3sklrpw6xc20","time":1608262509,"event":{"mods":["2.2 Compatiblity","BaseMod","Better Third Choice","CapriCore","Colored Map","Hermit","Hubris","Infinite Spire","Minty Spire (QoL Compilation)","Permanent Neow","Replay The Spire","Shade Mod","Spicy Shops","StSLib","SuperFastMode","The Cursed","The Gatherer","The Immortal","The Necromancer","The Runesmith"],"gold_per_floor":[10000098,9999048,9999048,9999048,9999048,9999048,9998364,9998364,9998364,9998364,9998364],"floor_reached":10,"playtime":296,"items_purged":["hermit:Defend_Hermit+1","hermit:Defend_Hermit"],"score":166,"play_id":"ac0a68f5-c85d-488a-b59a-75f910decc33","local_time":"20201217213509","is_ascension_mode":false,"campfire_choices":[{"data":"hermit:Strike_Hermit","floor":6,"key":"SMITH"},{"data":"hermit:Strike_Hermit","floor":8,"key":"SMITH"}],"circlet_count":0,"master_deck":["hermit:Strike_Hermit","hermit:Strike_Hermit+2","hermit:Strike_Hermit","hermit:Strike_Hermit","hermit:Defend_Hermit","hermit:Defend_Hermit","hermit:Covet+1","hermit:TakeCover+1","hubris:DuctTapeCard","Pot Of Greed+1"],"relics":["hermit:Momento","Molten Egg 2","Frozen Egg 2","Toxic Egg 2","Quantum Egg","Ectoplasm","Sozu","Vajra","Bag of Marbles","Sling","Membership Card","Simple Rune","hubris:Towel","BranchBurnRelic","Golden Egg","hubris:DuctTape","Grinning Jar","Durian","ClockworkSouvenir","Frozen Eye","infinitespire:PuzzleCube","Turnip"],"acts_visited":["Exordium"],"potions_floor_usage":[],"damage_taken":[{"damage":0,"enemies":"Cultist","floor":1,"turns":2},{"damage":0,"enemies":"2 Louse","floor":4,"turns":1},{"damage":0,"enemies":"Jaw Worm","floor":5,"turns":2},{"damage":0,"enemies":"3 Sentries","floor":10,"turns":6}],"seed_played":"-1185318552211086787","potions_obtained":[],"is_trial":false,"path_per_floor":["M","$","?","M","M","R","$","R","T","E"],"character_chosen":"HERMIT","items_purchased":["Vajra","Dead Branch","Bag of Marbles","Sling","Membership Card","Simple Rune","Golden Egg","hubris:DuctTape","Grinning Jar","Durian","ClockworkSouvenir","Frozen Eye"],"campfire_rested":0,"item_purchase_floors":[2,2,2,2,2,2,7,7,7,7,7,7],"current_hp_per_floor":[82,82,82,82,82,82,87,87,87,87,87],"gold":9998364,"neow_bonus":"TEN_PERCENT_HP_BONUS","is_daily":false,"chose_seed":false,"campfire_upgraded":2,"win_rate":0.0,"timestamp":1608262509,"path_taken":["M","$","?","M","M","R","$","R","T","E"],"items_purchased_type":["Relic","Relic","Relic","Relic","Relic","Relic","Relic","Relic","Relic","Relic","Relic","Relic"],"build_version":"2020-12-13","purchased_purges":2,"victory":false,"max_hp_per_floor":[82,82,82,82,82,82,87,87,87,87,87],"card_choices":[{"not_picked":["hermit:Misfire+1","hermit:Scavenge+1"],"picked":"hermit:TakeCover+1","floor":1},{"not_picked":["hermit:Coalescence+1","hermit:Shortfuse+1","hermit:Ricochet+1"],"picked":"SKIP","floor":4},{"not_picked":["hermit:GhostlyPresence+1","hermit:Shortfuse+1","hermit:SprayPray+1"],"picked":"SKIP","floor":5},{"not_picked":["hermit:Vantage+1","hermit:Desperado+1","hermit:Enervate+1"],"picked":"SKIP","floor":10}],"player_experience":257687,"relics_obtained":[{"floor":9,"key":"infinitespire:PuzzleCube"},{"floor":10,"key":"Turnip"}],"event_choices":[{"damage_healed":0,"gold_gain":0,"player_choice":"Upgrade","damage_taken":0,"relics_obtained":["Mark of the Bloom"],"max_hp_gain":0,"max_hp_loss":0,"event_name":"MindBloom","floor":0,"gold_loss":0,"cards_upgraded":["hermit:Strike_Hermit","hermit:Strike_Hermit","hermit:Strike_Hermit","hermit:Strike_Hermit","hermit:Defend_Hermit","hermit:Defend_Hermit","hermit:Defend_Hermit","hermit:Defend_Hermit","hermit:Snapshot","hermit:Covet","hermit:Maintenance"]}],"is_beta":false,"boss_relics":[],"items_purged_floors":[2,7],"is_endless":false,"potions_floor_spawned":[10],"killed_by":"3 Sentries","ascension_level":0}}