{"host":"6azrrw3tf7wb0f4b","time":1608283008,"event":{"mods":["BaseMod","DeckTracker","Minty Spire (QoL Compilation)","SuperFastMode"],"gold_per_floor":[109,109,184,198,50,50,2,2,2,27,27,45,73,73,73,175,175,191,174,31,43,43,43],"floor_reached":22,"playtime":1912,"items_purged":["Defend_G"],"score":298,"play_id":"38a5bc82-b526-49f4-af22-4ea88451f69d","local_time":"20201218181648","is_ascension_mode":true,"campfire_choices":[{"data":"Strike_G","floor":6,"key":"PURGE"},{"floor":11,"key":"REST"},{"floor":15,"key":"REST"}],"circlet_count":0,"master_deck":["AscendersBane","Strike_G","Strike_G","Defend_G","Defend_G","Defend_G","Survivor","Neutralize","Acrobatics","Blur","Noxious Fumes","Deadly Poison","Blur","Catalyst+1","Prepared","Grand Finale+1","Adrenaline","Blur+1","Dagger Spray+1","Sucker Punch+1","Acrobatics","Poisoned Stab+1","Burst","Terror","Deadly Poison+1"],"relics":["Ring of the Snake","Peace Pipe","The Courier","WingedGreaves","Molten Egg 2","Astrolabe"],"acts_visited":["Exordium","TheCity"],"potions_floor_usage":[21,21,21],"damage_taken":[{"damage":1,"enemies":"2 Louse","floor":1,"turns":3},{"damage":0,"enemies":"Jaw Worm","floor":4,"turns":5},{"damage":29,"enemies":"3 Sentries","floor":10,"turns":9},{"damage":0,"enemies":"Cultist","floor":12,"turns":4},{"damage":24,"enemies":"Lagavulin","floor":13,"turns":7},{"damage":24,"enemies":"Hexaghost","floor":16,"turns":13},{"damage":6,"enemies":"Spheric Guardian","floor":18,"turns":4},{"damage":33,"enemies":"2 Thieves","floor":19,"turns":5},{"damage":10,"enemies":"Centurion and Healer","floor":21,"turns":7},{"damage":9,"enemies":"Shelled Parasite and Fungi","floor":22,"turns":2}],"seed_played":"1807018348630747397","potions_obtained":[{"floor":10,"key":"SteroidPotion"},{"floor":16,"key":"Dexterity Potion"},{"floor":19,"key":"EntropicBrew"}],"is_trial":false,"path_per_floor":["M","?","?","M","$","R","$","?","T","E","R","M","E","?","R","B",null,"M","M","$","M","M"],"character_chosen":"THE_SILENT","items_purchased":["Noxious Fumes","Deadly Poison","Burst","Terror"],"campfire_rested":2,"item_purchase_floors":[5,7,20,20],"current_hp_per_floor":[44,49,38,38,38,38,38,38,38,9,31,31,7,7,29,5,58,52,19,19,9,0,0],"gold":43,"neow_bonus":"ONE_RARE_RELIC","is_daily":false,"chose_seed":false,"campfire_upgraded":0,"win_rate":0.0,"timestamp":1608283008,"path_taken":["M","?","?","M","$","R","$","?","T","E","R","?","E","?","R","BOSS","M","?","$","M","?"],"items_purchased_type":["Card","Card","Card","Card"],"build_version":"2020-12-13","purchased_purges":1,"victory":false,"max_hp_per_floor":[70,75,75,75,75,75,75,75,75,75,75,75,75,75,75,75,75,75,75,75,75,75,75],"card_choices":[{"not_picked":["Endless Agony","Outmaneuver"],"picked":"Acrobatics","floor":1},{"not_picked":["Tactician","Sucker Punch"],"picked":"Blur","floor":4},{"not_picked":["PiercingWail","Dash"],"picked":"Catalyst","floor":10},{"not_picked":["Blade Dance","Eviscerate"],"picked":"Prepared","floor":12},{"not_picked":["Acrobatics","PiercingWail"],"picked":"Grand Finale+1","floor":13},{"not_picked":["Venomology","Grand Finale+1"],"picked":"Adrenaline","floor":16},{"not_picked":["Prepared","Blade Dance"],"picked":"Acrobatics","floor":18},{"not_picked":["Underhanded Strike+1","Sucker Punch+1"],"picked":"Poisoned Stab+1","floor":19},{"not_picked":["Dagger Spray+1","Acrobatics"],"picked":"Deadly Poison+1","floor":21}],"player_experience":619753,"relics_obtained":[{"floor":9,"key":"The Courier"},{"floor":10,"key":"WingedGreaves"},{"floor":13,"key":"Molten Egg 2"}],"event_choices":[{"damage_healed":0,"gold_gain":0,"player_choice":"Donut","damage_taken":0,"max_hp_gain":5,"max_hp_loss":0,"event_name":"Big Fish","floor":2,"gold_loss":0},{"damage_healed":0,"gold_gain":75,"player_choice":"Gather Gold","damage_taken":11,"max_hp_gain":0,"max_hp_loss":0,"event_name":"World of Goop","floor":3,"gold_loss":0},{"damage_healed":0,"gold_gain":0,"player_choice":"1 cards matched","damage_taken":0,"max_hp_gain":0,"max_hp_loss":0,"event_name":"Match and Keep!","floor":8,"gold_loss":0,"cards_obtained":["Blur"]},{"damage_healed":0,"gold_gain":0,"player_choice":"Upgraded","damage_taken":0,"max_hp_gain":0,"max_hp_loss":0,"event_name":"Upgrade Shrine","floor":14,"gold_loss":0,"cards_upgraded":["Catalyst"]}],"is_beta":false,"boss_relics":[{"not_picked":["Busted Crown","Philosopher\u0027s Stone"],"picked":"Astrolabe"}],"items_purged_floors":[5],"is_endless":false,"potions_floor_spawned":[10,16,18,19],"killed_by":"Shelled Parasite and Fungi","ascension_level":11}}