{"host":"xkmvu47k9fdstweo","time":1608249776,"event":{"mods":["BaseMod","Colored Map","Conspire","Hubris","Minty Spire (QoL Compilation)","Quick Restart","Railgun Mod","Shop Mod","StSLib","The Alterego","The Servant 0.9.4","The Wild Card","TheBandit","WarShipGirlsR/??è≠èóR mod","vexMod"],"gold_per_floor":[113,113,125,136,58,93,93,93,93,106,106,106,121,155,155,256,256,275,275,45,55,67,97,97,109,188,204,204,219,219,219,219,318,318,334,346,364,40,51,51,62,62,85,85,85,85,7,17,17,17,17],"floor_reached":50,"playtime":2473,"items_purged":["Strike_S"],"score":604,"play_id":"4287544a-4ab9-49dc-9491-0addadd70b47","local_time":"20201217190256","is_ascension_mode":true,"campfire_choices":[{"data":"Solidify","floor":7,"key":"SMITH"},{"data":"Spin","floor":12,"key":"SMITH"},{"floor":15,"key":"REST"},{"data":"FlawlessForm","floor":24,"key":"SMITH"},{"data":"Initiator","floor":28,"key":"SMITH"},{"floor":30,"key":"REST"},{"data":"StarChef","floor":32,"key":"SMITH"},{"floor":40,"key":"REST"},{"floor":46,"key":"REST"},{"floor":49,"key":"REST"}],"circlet_count":0,"master_deck":["Strike_S","Strike_S","Strike_S+1","Defend_S","Defend_S","Defend_S","Defend_S","KidneyShot+1","Exchange+1","Spin+1","TimeWarp+1","Solidify+1","ShiftingGears","BottledTime","Defy","FlawlessForm+1","Initiator+1","Manipulate","FastForward","GearUp","Luminosity","Dilation","BottledTime","StarChef+1","MurderousAura","BottledTime","vexMod:StairwayStrike","Luminosity","Hightail"],"relics":["Uniform","MealTicket","Torii","Whetstone","CultistMask","Gambling Chip","vexMod:TanglingVine","Omamori","Lantern","Bottled Lightning","SlaversCollar","Vajra","Blood Vial","hubris:Towel","hubris:Icosahedron"],"acts_visited":["Exordium","TheCity","TheBeyond"],"potions_floor_usage":[14,16,16,29,41,48,50],"damage_taken":[{"damage":0,"enemies":"2 Louse","floor":1,"turns":3},{"damage":11,"enemies":"Small Slimes","floor":3,"turns":3},{"damage":9,"enemies":"Jaw Worm","floor":4,"turns":3},{"damage":17,"enemies":"3 Sentries","floor":6,"turns":5},{"damage":0,"enemies":"Gremlin Gang","floor":10,"turns":2},{"damage":0,"enemies":"3 Louse","floor":13,"turns":1},{"damage":13,"enemies":"Gremlin Nob","floor":14,"turns":3},{"damage":29,"enemies":"The Guardian","floor":16,"turns":16},{"damage":25,"enemies":"Shell Parasite","floor":18,"turns":6},{"damage":2,"enemies":"Spheric Guardian","floor":21,"turns":3},{"damage":10,"enemies":"Centurion and Healer","floor":22,"turns":8},{"damage":0,"enemies":"conspire:SneckoGhost","floor":23,"turns":11},{"damage":14,"enemies":"Snecko","floor":25,"turns":9},{"damage":5,"enemies":"conspire:HollyBat","floor":27,"turns":7},{"damage":9,"enemies":"Snake Plant","floor":29,"turns":5},{"damage":0,"enemies":"hubris:MusketHawk","floor":33,"turns":9},{"damage":35,"enemies":"3 Darklings","floor":35,"turns":6},{"damage":9,"enemies":"Orb Walker","floor":36,"turns":4},{"damage":6,"enemies":"Sphere and 2 Shapes","floor":37,"turns":5},{"damage":35,"enemies":"Writhing Mass","floor":39,"turns":7},{"damage":13,"enemies":"Maw","floor":41,"turns":7},{"damage":27,"enemies":"Jaw Worm Horde","floor":48,"turns":5},{"damage":54,"enemies":"hubris:GrandSnecko","floor":50,"turns":7}],"seed_played":"-8799144696031091482","potions_obtained":[{"floor":3,"key":"SteroidPotion"},{"floor":6,"key":"SteroidPotion"},{"floor":14,"key":"SteroidPotion"},{"floor":16,"key":"Energy Potion"},{"floor":25,"key":"EssenceOfSteel"},{"floor":27,"key":"LiquidBronze"},{"floor":33,"key":"FearPotion"}],"is_trial":false,"path_per_floor":["M","?","M","M","$","E","R","?","T","M","?","R","M","E","R","B",null,"M","?","$","M","M","E","R","M","T","M","R","M","R","?","R","B",null,"M","M","M","$","M","R","M","?","T","?","?","R","$","M","R","B"],"character_chosen":"THE_SERVANT","items_purchased":["ShiftingGears","Omamori","Vajra","vexMod:StairwayStrike","Luminosity"],"campfire_rested":5,"item_purchase_floors":[5,20,38,38,47],"current_hp_per_floor":[65,52,41,32,47,30,30,30,30,30,30,30,30,17,36,7,65,40,40,55,53,43,43,43,29,29,24,24,15,34,75,75,75,75,40,31,25,40,5,27,14,14,14,14,14,36,51,26,48,0,0],"gold":17,"neow_bonus":"RANDOM_COMMON_RELIC","is_daily":false,"chose_seed":false,"campfire_upgraded":5,"win_rate":0.0,"timestamp":1608249776,"path_taken":["M","?","M","M","$","E","R","?","T","M","?","R","M","E","R","BOSS","M","?","$","M","M","E","R","M","T","?","R","M","R","?","R","BOSS","M","M","M","$","M","R","?","?","T","?","?","R","$","M","R","BOSS"],"items_purchased_type":["Card","Relic","Relic","Card","Card"],"build_version":"2020-12-13","purchased_purges":1,"victory":false,"max_hp_per_floor":[65,65,65,65,65,65,65,65,65,65,65,65,65,65,65,65,65,65,65,65,65,65,65,65,65,65,65,65,65,65,75,75,75,75,75,75,75,75,75,75,75,75,75,75,75,75,75,75,75,75,75],"card_choices":[{"not_picked":["Rearm","Foresight"],"picked":"Spin","floor":1},{"not_picked":["Unruled","DoubleEdge"],"picked":"TimeWarp","floor":3},{"not_picked":["TimeWarp","Sabotage"],"picked":"Solidify","floor":4},{"not_picked":["Replace","DoubleEdge"],"picked":"BottledTime","floor":6},{"not_picked":["Spin","RealityMarble"],"picked":"Defy","floor":10},{"not_picked":["Replace","InstantArmor"],"picked":"FlawlessForm","floor":13},{"not_picked":["TimeWarp","Alleviate"],"picked":"KillingDoll","floor":14},{"not_picked":["ForgedInTime","SoulSculpture"],"picked":"Initiator","floor":16},{"not_picked":["Foresight+1","Revamp"],"picked":"Manipulate","floor":18},{"not_picked":["Deadline+1","InstantArmor"],"picked":"Luminosity","floor":21},{"not_picked":["Unruled+1","TimeWarp+1","Ricochet"],"picked":"SKIP","floor":22},{"not_picked":["TimeWarp","Rearm"],"picked":"Dilation","floor":23},{"not_picked":["Revamp","Starlight"],"picked":"BottledTime","floor":25},{"not_picked":["Revamp","Comet"],"picked":"StarChef","floor":27},{"not_picked":["Revamp","Collapse+1","Misdirection"],"picked":"SKIP","floor":29},{"not_picked":["Initiator","TrueSight"],"picked":"MurderousAura","floor":33},{"not_picked":["Rewind","Unruled","Starlight"],"picked":"SKIP","floor":35},{"not_picked":["Deadline","FastForward","Starlight+1"],"picked":"SKIP","floor":36},{"not_picked":["Alleviate","Replace+1"],"picked":"BottledTime","floor":37},{"not_picked":["Collapse+1","Rewind+1","Defy"],"picked":"SKIP","floor":39},{"not_picked":["Starlight","ShatteredReality","Revamp+1"],"picked":"SKIP","floor":41},{"not_picked":["Misdirection","Rewind+1"],"picked":"Hightail","floor":48}],"player_experience":322353,"relics_obtained":[{"floor":6,"key":"Torii"},{"floor":9,"key":"Whetstone"},{"floor":14,"key":"Gambling Chip"},{"floor":23,"key":"Lantern"},{"floor":26,"key":"Bottled Lightning"},{"floor":43,"key":"Blood Vial"}],"event_choices":[{"damage_healed":0,"gold_gain":0,"player_choice":"Entered Light","damage_taken":13,"max_hp_gain":0,"max_hp_loss":0,"event_name":"Shining Light","floor":2,"gold_loss":0,"cards_upgraded":["Exchange","KidneyShot"]},{"damage_healed":0,"gold_gain":0,"player_choice":"Ignored","damage_taken":0,"max_hp_gain":0,"max_hp_loss":0,"event_name":"Liars Game","floor":8,"gold_loss":0},{"damage_healed":0,"gold_gain":0,"player_choice":"Trade","damage_taken":0,"relics_obtained":["CultistMask"],"max_hp_gain":0,"max_hp_loss":0,"event_name":"FaceTrader","floor":11,"gold_loss":0},{"damage_healed":0,"gold_gain":0,"player_choice":"2 cards matched","damage_taken":0,"max_hp_gain":0,"max_hp_loss":0,"event_name":"Match and Keep!","floor":19,"gold_loss":0,"cards_obtained":["FastForward","GearUp"]},{"cards_removed":["KillingDoll"],"damage_healed":31,"gold_gain":0,"player_choice":"Offered Rare","damage_taken":0,"max_hp_gain":10,"max_hp_loss":0,"event_name":"Bonfire Elementals","floor":31,"gold_loss":0},{"damage_healed":0,"gold_gain":0,"player_choice":"Leave","damage_taken":0,"max_hp_gain":0,"max_hp_loss":0,"event_name":"conspire:Investor","floor":42,"gold_loss":0}],"is_beta":false,"boss_relics":[{"not_picked":["Snecko Eye","vexMod:NewClearReactor"],"picked":"vexMod:TanglingVine"},{"not_picked":["vexMod:MysteryBossChallenge","hubris:Stopwatch"],"picked":"SlaversCollar"}],"items_purged_floors":[20],"is_endless":false,"potions_floor_spawned":[3,6,14,16,25,27,33,35,39],"killed_by":"hubris:GrandSnecko","ascension_level":2}}