{"host":"lreod2rejfd0az5i","time":1608259871,"event":{"mods":["AchievementEnabler","Aspiration","BaseMod","Colored Powertips","Conspire","Downfall","Highlight Path","Hubris","Infinite Spire","Mad Scientist","Minty Spire (QoL Compilation)","Rare Cards Sparkle","Relic Stats","Replay The Spire","StSLib","The Bug Knight","The Jungle"],"gold_per_floor":[110,110,110,170,220,220,270,289,316,316,336,386,400,426,426,499,499,511,486,486,486],"floor_reached":20,"playtime":1231,"items_purged":[],"score":335,"play_id":"7ea29406-c3dd-4472-a384-694825bdca7c","local_time":"20201217195111","is_ascension_mode":true,"campfire_choices":[{"data":"expansioncontent:StudyTheSpire","floor":6.0,"key":"SMITH"},{"data":"Twin Strike","floor":10.0,"key":"SMITH"},{"floor":15.0,"key":"REST"}],"circlet_count":0,"master_deck":["AscendersBane","Strike_R","Strike_R","Strike_R","Strike_R","Defend_R","Defend_R","Defend_R","Bash","Twin Strike+1","expansioncontent:StudyTheSpire+1","expansioncontent:DarkVoid","Run Through+1","conspire:Charge+1","Clothesline"],"relics":["Burning Blood","aspiration:HiddenCompartment","ReplayTheSpireMod:ShopPack","Blood Vial","SsserpentHead","Replay:Baseball","Bag of Preparation","SlaversCollar"],"acts_visited":["Exordium","TheCity"],"potions_floor_usage":[20],"damage_taken":[{"damage":6.0,"enemies":"Cultist","floor":1.0,"turns":3.0},{"damage":0.0,"enemies":"2 Louse","floor":4.0,"turns":2.0},{"damage":7.0,"enemies":"Small Slimes","floor":8.0,"turns":3.0},{"damage":8.0,"enemies":"2 Fungi Beasts","floor":11.0,"turns":3.0},{"damage":7.0,"enemies":"Looter","floor":13.0,"turns":3.0},{"damage":33.0,"enemies":"HollowMod:MossKnight","floor":14.0,"turns":5.0},{"damage":20.0,"enemies":"The Guardian","floor":16.0,"turns":8.0},{"damage":33.0,"enemies":"2 Thieves","floor":18.0,"turns":3.0},{"damage":45,"enemies":"3 Byrds","floor":20,"turns":4}],"seed_played":"6003263525028381697","potions_obtained":[{"floor":1.0,"key":"Venom Potion"},{"floor":8.0,"key":"sneckomod:MuddlingPotion"},{"floor":16.0,"key":"BlessingOfTheForge"}],"is_trial":false,"path_per_floor":["M","$","?","M","?","R","?","M","T","R","M","?","M","E","R","B",null,"M","?","M"],"character_chosen":"IRONCLAD","items_purchased":["ReplayTheSpireMod:ShopPack","Blood Vial"],"campfire_rested":1,"item_purchase_floors":[2,2],"current_hp_per_floor":[68,50,50,58,58,58,58,59,59,59,59,59,60,35,57,45,68,43,43,0,0],"gold":486,"neow_bonus":"RANDOM_COMMON_RELIC","is_daily":false,"chose_seed":false,"campfire_upgraded":2,"win_rate":0.0,"timestamp":1608259871,"path_taken":["M","?","?","?","?","R","?","M","T","R","M","?","M","E","R","BOSS","M","?","M"],"items_purchased_type":["Relic","Relic"],"build_version":"2020-12-13","purchased_purges":0,"victory":false,"max_hp_per_floor":[75,75,75,75,75,75,75,75,75,75,75,75,75,75,75,75,75,75,75,75,75],"relic_stats":{"Blood Vial":16,"SsserpentHead":250,"counters":[9,34],"Bag of Preparation":[6],"obtain_stats":[{"Blood Vial":2,"SsserpentHead":3,"SlaversCollar":17,"Replay:Baseball":9,"Bag of Preparation":14,"aspiration:HiddenCompartment":0,"Burning Blood":0,"ReplayTheSpireMod:ShopPack":2},{"Blood Vial":1,"SsserpentHead":1,"SlaversCollar":7,"Replay:Baseball":3,"Bag of Preparation":6,"aspiration:HiddenCompartment":0,"Burning Blood":0,"ReplayTheSpireMod:ShopPack":1},{"Blood Vial":3,"SsserpentHead":3,"SlaversCollar":27,"Replay:Baseball":8,"Bag of Preparation":19,"aspiration:HiddenCompartment":0,"Burning Blood":0,"ReplayTheSpireMod:ShopPack":3}],"Burning Blood":48},"card_choices":[{"not_picked":["Perfected Strike","Sword Boomerang"],"picked":"Twin Strike","floor":1.0},{"not_picked":["Metamorphosis","Poisoned Strike"],"picked":"expansioncontent:StudyTheSpire","floor":2.0},{"not_picked":["Survey Options","The Bomb"],"picked":"expansioncontent:DarkVoid","floor":2.0},{"not_picked":["Rage","Sever Soul","Intimidate"],"picked":"SKIP","floor":4.0},{"not_picked":["Thunderclap","Evolve","Clash"],"picked":"SKIP","floor":8.0},{"not_picked":["ReplayTheSpireMod:Strike From Hell","hubris:CleavingFinish","hubris:SharpeningStone"],"picked":"SKIP","floor":11.0},{"not_picked":["Heavy Blade","Replay:Undeath\u0027s Touch"],"picked":"Clothesline","floor":13.0},{"not_picked":["True Grit","Twin Strike","Body Slam"],"picked":"SKIP","floor":14.0},{"not_picked":["Flex","Spot Weakness","Iron Wave"],"picked":"SKIP","floor":18.0}],"player_experience":849964,"relics_obtained":[{"floor":9.0,"key":"Replay:Baseball"},{"floor":14.0,"key":"Bag of Preparation"}],"event_choices":[{"damage_healed":0.0,"max_hp_gain":0.0,"max_hp_loss":0.0,"gold_gain":0.0,"event_name":"FaceTrader","player_choice":"Trade","floor":3.0,"gold_loss":0.0,"damage_taken":0.0,"relics_obtained":["SsserpentHead"]},{"damage_healed":0.0,"max_hp_gain":0.0,"max_hp_loss":0.0,"gold_gain":0.0,"event_name":"Living Wall","player_choice":"Grow","floor":12.0,"gold_loss":0.0,"damage_taken":0.0,"cards_upgraded":["conspire:Charge"]},{"cards_removed":["Strike_R"],"damage_healed":0.0,"max_hp_gain":0.0,"max_hp_loss":0.0,"gold_gain":0.0,"event_name":"Beggar","player_choice":"Gave Gold","floor":19.0,"gold_loss":75.0,"damage_taken":0.0}],"is_beta":false,"boss_relics":[{"not_picked":["Black Star","conspire:SlowCooker"],"picked":"SlaversCollar"}],"items_purged_floors":[],"is_endless":false,"potions_floor_spawned":[1,8,16],"killed_by":"3 Byrds","ascension_level":19}}