{"host":"91kqwblrqvon3fcz","time":1608322837,"event":{"mods":["Act Like it!","BaseMod","Elementarium","Hermit","Minty Spire (QoL Compilation)","Quick Restart","StSLib"],"gold_per_floor":[109,109,36,36,111,111,111,111,111,136,62,75,105,115,115,213,213,228,76,91,103,103,103,103],"floor_reached":23,"playtime":513,"items_purged":[],"score":338,"play_id":"5799a0d2-c6c0-48f5-a6a0-bce2be614f59","local_time":"20201218122037","is_ascension_mode":true,"campfire_choices":[{"floor":6.0,"key":"RECALL"},{"data":"Eruption","floor":8.0,"key":"SMITH"},{"data":"Judgement","floor":15.0,"key":"SMITH"}],"circlet_count":0,"master_deck":["Strike_P","Strike_P","Strike_P","Defend_P","Defend_P","Defend_P","Defend_P","Eruption+1","Vigilance","ForeignInfluence","Worship","FearNoEvil","Judgement","Judgement+1","ReachHeaven","ClearTheMind","DevaForm","PathToVictory","Ragnarok","Protect","TalkToTheHand"],"relics":["PureWater","NeowsBlessing","Bag of Preparation","StrikeDummy","Eternal Feather","Runic Pyramid"],"acts_visited":[],"potions_floor_usage":[23],"damage_taken":[{"damage":0.0,"enemies":"Cultist","floor":1.0,"turns":1.0},{"damage":0.0,"enemies":"Lagavulin","floor":10.0,"turns":1.0},{"damage":0.0,"enemies":"Jaw Worm","floor":12.0,"turns":1.0},{"damage":5.0,"enemies":"3 Sentries","floor":13.0,"turns":6.0},{"damage":0.0,"enemies":"Small Slimes","floor":14.0,"turns":1.0},{"damage":42.0,"enemies":"The Guardian","floor":16.0,"turns":14.0},{"damage":16.0,"enemies":"Shell Parasite","floor":18.0,"turns":2.0},{"damage":20.0,"enemies":"2 Thieves","floor":20.0,"turns":3.0},{"damage":0.0,"enemies":"Sentry and Sphere","floor":21.0,"turns":1.0},{"damage":14,"enemies":"Gremlin Leader","floor":23,"turns":2}],"seed_played":"-2779670169444498571","potions_obtained":[{"floor":1.0,"key":"Fire Potion"},{"floor":13.0,"key":"Weak Potion"},{"floor":16.0,"key":"Fruit Juice"},{"floor":18.0,"key":"AttackPotion"}],"is_trial":false,"path_per_floor":["M","$","$","?","?","R","?","R","T","E","$","M","E","M","R","B",null,"M","$","M","M","$","E"],"character_chosen":"WATCHER","items_purchased":["Worship","Judgement","Ragnarok"],"campfire_rested":0,"item_purchase_floors":[3,11,19],"current_hp_per_floor":[72,72,72,72,61,61,54,54,54,54,54,54,49,49,58,16,77,61,61,41,41,41,27,27],"gold":103,"neow_bonus":"THREE_ENEMY_KILL","is_daily":false,"chose_seed":false,"campfire_upgraded":2,"win_rate":0.0,"timestamp":1608322837,"path_taken":["M","?","$","?","?","R","?","R","T","E","?","M","E","M","R","BOSS","M","$","?","M","$","E"],"items_purchased_type":["Card","Card","Card"],"build_version":"2020-12-13","purchased_purges":0,"victory":false,"max_hp_per_floor":[72,72,72,72,72,72,72,72,72,72,72,72,72,72,72,72,77,77,77,77,77,77,77,77],"card_choices":[{"not_picked":["Evaluate","ThirdEye"],"picked":"ForeignInfluence","floor":1.0},{"not_picked":["EmptyFist","WaveOfTheHand"],"picked":"FearNoEvil","floor":10.0},{"not_picked":["EmptyFist","CarveReality"],"picked":"Judgement","floor":12.0},{"not_picked":["FlurryOfBlows","Consecrate"],"picked":"ReachHeaven","floor":13.0},{"not_picked":["ThirdEye","JustLucky"],"picked":"ClearTheMind","floor":14.0},{"not_picked":["Scrawl","SpiritShield"],"picked":"DevaForm","floor":16.0},{"not_picked":["SashWhip","FlyingSleeves"],"picked":"PathToVictory","floor":18.0},{"not_picked":["EmptyBody","CutThroughFate"],"picked":"Protect","floor":20.0},{"not_picked":["Indignation","BowlingBash"],"picked":"TalkToTheHand","floor":21.0}],"player_experience":393986,"relics_obtained":[{"floor":9.0,"key":"Bag of Preparation"},{"floor":10.0,"key":"StrikeDummy"},{"floor":13.0,"key":"Eternal Feather"}],"event_choices":[{"damage_healed":0.0,"max_hp_gain":0.0,"max_hp_loss":0.0,"gold_gain":0.0,"event_name":"Scrap Ooze","player_choice":"Fled","floor":4.0,"gold_loss":0.0,"damage_taken":0.0},{"damage_healed":0.0,"max_hp_gain":0.0,"max_hp_loss":0.0,"gold_gain":75.0,"event_name":"World of Goop","player_choice":"Gather Gold","floor":5.0,"gold_loss":0.0,"damage_taken":11.0},{"cards_removed":["Strike_P"],"damage_healed":0.0,"max_hp_gain":0.0,"max_hp_loss":0.0,"gold_gain":0.0,"event_name":"Golden Wing","player_choice":"Card Removal","floor":7.0,"gold_loss":0.0,"damage_taken":7.0}],"is_beta":false,"boss_relics":[{"not_picked":["Ectoplasm","Coffee Dripper"],"picked":"Runic Pyramid"}],"items_purged_floors":[],"is_endless":false,"potions_floor_spawned":[1,13,16,18],"killed_by":"Gremlin Leader","ascension_level":1}}