{"host":"d8hh7rr4yzitjeuj","time":1608269512,"event":{"mods":["2.2 Compatiblity","AchievementEnabler","BaseMod","CapriCore","Colored Map","Colored Powertips","Highlight Path","Keyboard Shortcuts","Minty Spire (QoL Compilation)","Permanent Neow","Quick Restart","StSLib","SuperFastMode"],"gold_per_floor":[109,122,136,155,155,155,180,180,180,20,20,38,38,38,38,115,115,133,133,183,183,183,210,24,58,82,82,16,34,34,34,34,34,34],"floor_reached":33,"playtime":865,"items_purged":["Strike_B"],"score":558,"play_id":"8b7d8cdf-4dee-456e-9ef5-7248c534f867","local_time":"20201218143152","is_ascension_mode":true,"campfire_choices":[{"data":"Zap","floor":6.0,"key":"SMITH"},{"data":"Storm","floor":8.0,"key":"SMITH"},{"data":"Creative AI","floor":15.0,"key":"SMITH"},{"floor":27,"key":"REST"},{"data":"Heatsinks","floor":30,"key":"SMITH"},{"floor":32,"key":"REST"}],"circlet_count":0,"master_deck":["AscendersBane","Strike_B","Strike_B+1","Defend_B+1","Defend_B","Defend_B","Defend_B","Zap+1","Dualcast","CurseOfTheBell","Lockon+1","Hologram+1","Conserve Battery","Storm+1","BootSequence","Creative AI+1","Reboot","Ghostly","Ghostly","Ghostly","Heatsinks+1","Leap","Coolheaded"],"relics":["Calling Bell","Ancient Tea Set","Mummified Hand","WingedGreaves","Juzu Bracelet","Whetstone","DataDisk","Inserter","The Courier","Lee\u0027s Waffle","Pen Nib","War Paint"],"acts_visited":["Exordium","TheCity"],"potions_floor_usage":[25,33],"damage_taken":[{"damage":3.0,"enemies":"2 Louse","floor":1.0,"turns":5.0},{"damage":7.0,"enemies":"Jaw Worm","floor":2.0,"turns":3.0},{"damage":1.0,"enemies":"Cultist","floor":3.0,"turns":3.0},{"damage":6.0,"enemies":"3 Louse","floor":4.0,"turns":3.0},{"damage":33.0,"enemies":"Gremlin Nob","floor":7.0,"turns":4.0},{"damage":6.0,"enemies":"Looter","floor":12.0,"turns":3.0},{"damage":11.0,"enemies":"The Guardian","floor":16.0,"turns":9.0},{"damage":25.0,"enemies":"Shell Parasite","floor":18.0,"turns":6.0},{"damage":1,"enemies":"Gremlin Leader","floor":23,"turns":9},{"damage":32,"enemies":"Book of Stabbing","floor":25,"turns":7},{"damage":10,"enemies":"Spheric Guardian","floor":29,"turns":5},{"damage":42,"enemies":"Collector","floor":33,"turns":5}],"seed_played":"-2764666919411293970","potions_obtained":[{"floor":1.0,"key":"Ancient Potion"},{"floor":2.0,"key":"SkillPotion"},{"floor":3.0,"key":"EssenceOfDarkness"},{"floor":11.0,"key":"Swift Potion"},{"floor":11.0,"key":"Fire Potion"},{"floor":23,"key":"Weak Potion"},{"floor":25,"key":"SteroidPotion"}],"is_trial":false,"path_per_floor":["M","M","M","M","?","R","E","R","T","$","?","M","?","?","R","B",null,"M","?","?","?","?","E","$","E","T","R","$","M","R","?","R","B"],"character_chosen":"DEFECT","items_purchased":["DataDisk","Lee\u0027s Waffle","Heatsinks"],"campfire_rested":2,"item_purchase_floors":[10,24,28],"current_hp_per_floor":[61,54,53,47,70,70,37,37,37,37,37,31,31,24,24,13,57,32,32,32,32,25,24,47,15,15,29,29,19,19,19,33,0,0],"gold":34,"neow_bonus":"BOSS_RELIC","is_daily":false,"chose_seed":false,"campfire_upgraded":4,"win_rate":0.0,"timestamp":1608269512,"path_taken":["M","M","M","M","?","R","E","R","T","$","?","M","?","?","R","BOSS","M","?","?","?","?","E","$","E","T","R","?","M","R","?","R","BOSS"],"items_purchased_type":["Relic","Relic","Card"],"build_version":"2020-12-13","purchased_purges":1,"victory":false,"max_hp_per_floor":[71,71,71,71,71,71,71,71,71,71,71,71,71,71,71,71,71,71,71,71,35,40,40,47,47,47,47,47,47,47,47,47,47,47],"card_choices":[{"not_picked":["Aggregate","Glacier"],"picked":"Lockon","floor":1.0},{"not_picked":["Go for the Eyes","Gash"],"picked":"Hologram","floor":2.0},{"not_picked":["Gash","Hologram"],"picked":"Conserve Battery","floor":3.0},{"not_picked":["Undo","Ball Lightning"],"picked":"Storm","floor":4.0},{"not_picked":["Go for the Eyes","Rip and Tear"],"picked":"BootSequence","floor":7.0},{"not_picked":["Rebound","Hello World"],"picked":"Creative AI","floor":12.0},{"not_picked":["Fission","Multi-Cast"],"picked":"Reboot","floor":16.0},{"not_picked":["Go for the Eyes","Gash","Recycle"],"picked":"SKIP","floor":18.0},{"not_picked":["Beam Cell+1","Conserve Battery","Fusion"],"picked":"SKIP","floor":23},{"not_picked":["Beam Cell+1","Conserve Battery","Fusion"],"picked":"SKIP","floor":23},{"not_picked":["Steam","BootSequence","Conserve Battery"],"picked":"SKIP","floor":25},{"not_picked":["Redo","Beam Cell"],"picked":"Leap","floor":29}],"player_experience":1358718,"relics_obtained":[{"floor":0.0,"key":"Ancient Tea Set"},{"floor":0.0,"key":"Mummified Hand"},{"floor":0.0,"key":"WingedGreaves"},{"floor":7.0,"key":"Juzu Bracelet"},{"floor":9.0,"key":"Whetstone"},{"floor":23,"key":"The Courier"},{"floor":25,"key":"Pen Nib"},{"floor":26,"key":"War Paint"}],"event_choices":[{"damage_healed":23.0,"max_hp_gain":0.0,"max_hp_loss":0.0,"gold_gain":0.0,"event_name":"Big Fish","player_choice":"Banana","floor":5.0,"gold_loss":0.0,"damage_taken":0.0},{"damage_healed":0.0,"max_hp_gain":0.0,"max_hp_loss":0.0,"gold_gain":0.0,"event_name":"Lab","player_choice":"Got Potions","floor":11.0,"gold_loss":0.0,"damage_taken":0.0},{"damage_healed":0.0,"max_hp_gain":0.0,"max_hp_loss":0.0,"gold_gain":0.0,"event_name":"Dead Adventurer","player_choice":"Searched \u00270\u0027 times","floor":13.0,"gold_loss":0.0,"damage_taken":0.0},{"cards_removed":["Strike_B"],"damage_healed":0.0,"max_hp_gain":0.0,"max_hp_loss":0.0,"gold_gain":0.0,"event_name":"Golden Wing","player_choice":"Card Removal","floor":14.0,"gold_loss":0.0,"damage_taken":7.0},{"damage_healed":0.0,"max_hp_gain":0.0,"max_hp_loss":0.0,"gold_gain":0.0,"event_name":"The Mausoleum","player_choice":"Ignored","floor":19.0,"gold_loss":0.0,"damage_taken":0.0},{"damage_healed":0.0,"max_hp_gain":0.0,"max_hp_loss":0.0,"gold_gain":50.0,"event_name":"Nest","player_choice":"Stole From Cult","floor":20.0,"gold_loss":0.0,"damage_taken":0.0},{"damage_healed":0.0,"max_hp_gain":0.0,"max_hp_loss":36.0,"gold_gain":0.0,"event_name":"Ghosts","player_choice":"Became a Ghost","floor":21.0,"gold_loss":0.0,"damage_taken":0.0,"cards_obtained":["Ghostly","Ghostly","Ghostly"]},{"damage_healed":0.0,"max_hp_gain":5.0,"max_hp_loss":0.0,"gold_gain":0.0,"event_name":"Forgotten Altar","player_choice":"Shed Blood","floor":22.0,"gold_loss":0.0,"damage_taken":12.0},{"damage_healed":0,"gold_gain":0,"player_choice":"Read","damage_taken":0,"max_hp_gain":0,"max_hp_loss":0,"event_name":"The Library","floor":31,"gold_loss":0,"cards_obtained":["Coolheaded"]}],"is_beta":false,"boss_relics":[{"not_picked":["Ectoplasm","Astrolabe"],"picked":"Inserter"}],"items_purged_floors":[24],"is_endless":false,"potions_floor_spawned":[1,2,3,23,25],"killed_by":"Collector","ascension_level":20}}