{"host":"2gg06yzptsyvmpvy","time":1608262478,"event":{"mods":["2.2 Compatiblity","AchievementEnabler","Act Like it!","Aspiration","BaseMod","Beaked The Cultist","Best Route Mod","Bestiary","Better Note","Better Synergies","Challenge The Spire","ChefMod","Colored Map","Colored Powertips","Colorless Booster Pack","Conjunction","Curses Come First","Downfall","Energized Spire","Friendly Minions","GifTheSpireLib","Glutton Mod","GungeonMod","Halation","Hermit","Highlight Path","Hubris","Humility","Jedi Mod","JesterMod","Jorbs\u0027s Wanderer Trilogy","Minty Spire (QoL Compilation)","Pale of the Ancients","Permanent Neow","Quick Restart","Random Character Button","Relic Stats","Replay The Spire","Retaliation","Reworked Bosses","SCP261 Mod","Shade Mod","Small Relic Pack","Spicy Shops","Spikes Relics","StSLib","Stuff the Spire","SuperFastMode","Swap Starting Deck Mod","The Clintock","The Construct","The Factory","The Hayseed","The Hierophant","The Judge","The Jungle","The Problem Sleuth","The Runesmith","The Servant 0.9.4","Trackpad","Treasure Hunter","Useless Jewels Mod","thorton","vexMod"],"gold_per_floor":[113,127,138,18,18,44,55,69,143,143,143,143],"floor_reached":11,"playtime":794,"items_purged":["TheSimpletonMod:Strike_TheSimpleton"],"score":75,"play_id":"fdbbb963-e565-4e7e-85f3-f127e23bb360","local_time":"20201217203438","is_ascension_mode":false,"campfire_choices":[],"circlet_count":0,"master_deck":["TheSimpletonMod:Strike_TheSimpleton","TheSimpletonMod:Strike_TheSimpleton","TheSimpletonMod:Strike_TheSimpleton","TheSimpletonMod:Defend_TheSimpleton","TheSimpletonMod:Defend_TheSimpleton","TheSimpletonMod:Defend_TheSimpleton","TheSimpletonMod:Defend_TheSimpleton","TheSimpletonMod:Haymaker","TheSimpletonMod:ReapAndSow+1","TheSimpletonMod:CloseScrape","TheSimpletonMod:Potatoes","TheSimpletonMod:CullingStrike","TheSimpletonMod:Potatoes","ReplayTheSpireMod:Private Reserves","TH:ElvenBoots","TheSimpletonMod:ToughenUp","TheSimpletonMod:CullingStrike","TheSimpletonMod:Germinate","expansioncontent:Sear"],"relics":["TheSimpletonMod:SpudOfTheInnocent","TheSimpletonMod:NightSoil","TheSimpletonMod:TheHarvester","Iron Hammer","Golden Egg"],"acts_visited":["Exordium"],"potions_floor_usage":[4,7],"damage_taken":[{"damage":1,"enemies":"Cultist","floor":1,"turns":3},{"damage":0,"enemies":"Small Slimes","floor":2,"turns":2},{"damage":17,"enemies":"Jaw Worm","floor":3,"turns":3},{"damage":24,"enemies":"Lagavulin","floor":6,"turns":4},{"damage":19,"enemies":"Gremlin Gang","floor":7,"turns":5},{"damage":1,"enemies":"Looter","floor":8,"turns":2},{"damage":15,"enemies":"Replay:BlueRogue","floor":11,"turns":3}],"seed_played":"-5677663282505054441","potions_obtained":[{"floor":1,"key":"Fruit Juice"},{"floor":3,"key":"Block Potion"},{"floor":7,"key":"SpeedPotion"}],"is_trial":false,"path_per_floor":["M","M","M","$","?","E","M","M","T","?","E"],"character_chosen":"THE_SIMPLETON","items_purchased":["TheSimpletonMod:Potatoes"],"campfire_rested":0,"item_purchase_floors":[4],"current_hp_per_floor":[74,74,57,62,62,38,19,18,18,18,3,3],"gold":143,"neow_bonus":"UPGRADE_CARD","is_daily":false,"chose_seed":false,"campfire_upgraded":0,"win_rate":0.0,"timestamp":1608262478,"path_taken":["M","?","M","$","?","E","?","M","T","?","E"],"items_purchased_type":["Card"],"build_version":"2020-12-13","purchased_purges":1,"victory":false,"max_hp_per_floor":[75,75,75,80,80,80,80,80,80,80,80,80],"relic_stats":{"counters":[7,22],"obtain_stats":[{"TheSimpletonMod:TheHarvester":0,"Golden Egg":9,"DemoMod:GlassGuonStoneRelic":1,"Iron Hammer":6,"TheSimpletonMod:SpudOfTheInnocent":0,"TheSimpletonMod:NightSoil":0},{"TheSimpletonMod:TheHarvester":0,"Golden Egg":6,"DemoMod:GlassGuonStoneRelic":1,"Iron Hammer":4,"TheSimpletonMod:SpudOfTheInnocent":0,"TheSimpletonMod:NightSoil":0},{"TheSimpletonMod:TheHarvester":0,"Golden Egg":19,"DemoMod:GlassGuonStoneRelic":3,"Iron Hammer":12,"TheSimpletonMod:SpudOfTheInnocent":0,"TheSimpletonMod:NightSoil":0}]},"card_choices":[{"not_picked":["TheSimpletonMod:KeenEdge","TheSimpletonMod:Rototilling"],"picked":"TheSimpletonMod:CloseScrape","floor":1},{"not_picked":["TheSimpletonMod:Ferment","TheSimpletonMod:SpiceUp"],"picked":"TheSimpletonMod:Potatoes","floor":2},{"not_picked":["TheSimpletonMod:SpiceUp","TheSimpletonMod:DigIn"],"picked":"TheSimpletonMod:CullingStrike","floor":3},{"not_picked":["TH:CopperCoins"],"picked":"TH:ElvenBoots","floor":6},{"not_picked":["TheSimpletonMod:Germinate","TheSimpletonMod:PestManagement"],"picked":"TheSimpletonMod:ToughenUp","floor":6},{"not_picked":["TheSimpletonMod:Germinate","TheSimpletonMod:KeenEdge"],"picked":"TheSimpletonMod:CullingStrike","floor":7},{"not_picked":["TheSimpletonMod:Sunseed","TheSimpletonMod:Fertilaser"],"picked":"TheSimpletonMod:Germinate","floor":8},{"not_picked":["TH:Mimic"],"picked":"TH:CursedSword","floor":9}],"player_experience":1164436,"relics_obtained":[{"floor":6,"key":"Iron Hammer"},{"floor":9,"key":"Golden Egg"}],"event_choices":[{"damage_healed":0,"gold_gain":0,"player_choice":"1 cards matched","damage_taken":0,"max_hp_gain":0,"max_hp_loss":0,"event_name":"Match and Keep!","floor":5,"gold_loss":0,"cards_obtained":["ReplayTheSpireMod:Private Reserves"]},{"damage_healed":0,"gold_gain":0,"cards_transformed":["TH:CursedSword"],"player_choice":"Transformed","damage_taken":0,"max_hp_gain":0,"max_hp_loss":0,"event_name":"Transmorgrifier","floor":10,"gold_loss":0,"cards_obtained":["expansioncontent:Sear"]}],"is_beta":false,"boss_relics":[],"items_purged_floors":[4],"is_endless":false,"potions_floor_spawned":[1,3,7],"killed_by":"Replay:BlueRogue","ascension_level":0}}