{"host":"4atjpfa3b4v97p31","time":1608277523,"event":{"mods":["AchievementEnabler","Act Like it!","BaseMod","BetterRewards","Colored Map","Downfall","Friendly Minions","Minty Spire (QoL Compilation)","Shop Mod","StSLib","The Animator"],"gold_per_floor":[116,116,16,35,35,60,79,108,134,163,163,19,19,36,36,36,36],"floor_reached":16,"playtime":1181,"items_purged":[],"score":135,"play_id":"df2f7301-ce71-42bf-9f84-09480c82e06d","local_time":"20201218154523","is_ascension_mode":false,"campfire_choices":[{"data":"animator:SuzuneAmano","floor":13,"key":"SMITH"},{"data":"animator:DolaStephanie","floor":15,"key":"SMITH"}],"circlet_count":0,"master_deck":["animator:Strike_Overlord","animator:Defend_Overlord","animator:Cocytus","animator:Demiurge","animator:SuzuneAmano+1","animator:Strike_Konosuba","animator:Strike_HitsugiNoChaika","animator:Defend_AccelWorld","animator:Defend_Overlord","animator:Defend_Katanagatari","animator:IrohaTamaki","animator:NagisaMomoe","animator:SayakaMiki","animator:DolaStephanie+1","animator:Shuna"],"relics":["animator:LivingPicture","animator:TheMissingPiece","NeowsBlessing","Sundial","PreservedInsect","Mango","Membership Card"],"acts_visited":["Exordium"],"potions_floor_usage":[16],"damage_taken":[{"damage":0,"enemies":"Cultist","floor":1,"turns":1},{"damage":0,"enemies":"Small Slimes","floor":4,"turns":1},{"damage":0,"enemies":"Lagavulin","floor":6,"turns":1},{"damage":6,"enemies":"Jaw Worm","floor":7,"turns":3},{"damage":13,"enemies":"Gremlin Nob","floor":8,"turns":5},{"damage":6,"enemies":"Blue Slaver","floor":10,"turns":4},{"damage":2,"enemies":"2 Fungi Beasts","floor":14,"turns":5},{"damage":0,"enemies":"The Guardian","floor":16,"turns":2}],"seed_played":"-3979987828187196156","potions_obtained":[{"floor":4,"key":"Dexterity Potion"},{"floor":6,"key":"AttackPotion"},{"floor":10,"key":"Fire Potion"}],"is_trial":false,"path_per_floor":["M","?","?","M","?","E","M","E","T","M","?","$","R","M","R","B"],"character_chosen":"THE_ANIMATOR","items_purchased":["Membership Card"],"campfire_rested":0,"item_purchase_floors":[12],"current_hp_per_floor":[66,59,59,59,52,52,46,47,47,41,67,67,67,65,65,65,65],"gold":36,"neow_bonus":"THREE_ENEMY_KILL","is_daily":false,"chose_seed":false,"campfire_upgraded":2,"win_rate":0.0,"timestamp":1608277523,"path_taken":["M","?","?","M","?","E","M","E","T","M","?","$","R","M","R","BOSS"],"items_purchased_type":["Relic"],"build_version":"2020-12-13","purchased_purges":0,"victory":false,"max_hp_per_floor":[66,66,66,66,66,66,66,80,80,80,80,80,80,80,80,80,80],"card_choices":[{"not_picked":["animator:Guy","animator:UneriGinkaku"],"picked":"animator:SuzuneAmano","floor":1},{"not_picked":["animator:TsurugaMeisai","animator:Cocytus"],"picked":"animator:IrohaTamaki","floor":4},{"not_picked":["animator:YuiTsuruno","animator:HigakiRinne"],"picked":"animator:NagisaMomoe","floor":6},{"not_picked":["animator:YuiTsuruno","animator:OrikoMikuni"],"picked":"animator:SayakaMiki","floor":7},{"not_picked":["animator:Konayuki","animator:Cocytus","animator:Souei"],"picked":"SKIP","floor":8},{"not_picked":["animator:Gillette","animator:Souei"],"picked":"animator:DolaStephanie","floor":10},{"not_picked":["animator:Cocytus","animator:Biyorigo"],"picked":"animator:Shuna","floor":14}],"player_experience":784807,"relics_obtained":[{"floor":6,"key":"PreservedInsect"},{"floor":8,"key":"Mango"}],"event_choices":[{"cards_removed":["animator:Strike"],"damage_healed":0,"gold_gain":0,"player_choice":"Card Removal","damage_taken":7,"max_hp_gain":0,"max_hp_loss":0,"event_name":"Golden Wing","floor":2,"gold_loss":0},{"damage_healed":0,"gold_gain":0,"player_choice":"Success","damage_taken":7,"relics_obtained":["Sundial"],"max_hp_gain":0,"max_hp_loss":0,"event_name":"Scrap Ooze","floor":5,"gold_loss":0},{"damage_healed":26,"gold_gain":0,"player_choice":"Banana","damage_taken":0,"max_hp_gain":0,"max_hp_loss":0,"event_name":"Big Fish","floor":11,"gold_loss":0}],"is_beta":false,"boss_relics":[],"items_purged_floors":[],"is_endless":false,"potions_floor_spawned":[4,6,10],"killed_by":"The Guardian","ascension_level":0}}