{"host":"9tzam4717zt8ei1o","time":1608302130,"event":{"mods":["BaseMod","Colored Map","Keyboard Shortcuts","Minty Spire (QoL Compilation)","Quick Restart","StSLib","SuperFastMode"],"gold_per_floor":[117,34,49,63,63,93,103,28,53,53,68,143,171,190,190,190,190],"floor_reached":16,"playtime":229,"items_purged":["Strike_G"],"score":218,"play_id":"593f1fd7-9a7a-43bd-8de4-867abfcf8ab2","local_time":"20201218233530","is_ascension_mode":true,"campfire_choices":[{"data":"Noxious Fumes","floor":10,"key":"SMITH"},{"data":"Catalyst","floor":15,"key":"SMITH"}],"circlet_count":0,"master_deck":["AscendersBane","Strike_G","Strike_G","Strike_G","Strike_G","Defend_G","Defend_G","Defend_G","Defend_G","Defend_G","Survivor","Neutralize","Masterful Stab","Noxious Fumes+1","Bouncing Flask","Crippling Poison","Deadly Poison","Catalyst+1","Backflip"],"relics":["Ring of the Snake","NeowsBlessing","Ancient Tea Set","Pen Nib","Blood Vial"],"acts_visited":["Exordium"],"potions_floor_usage":[11,16],"damage_taken":[{"damage":0,"enemies":"Cultist","floor":1,"turns":1},{"damage":0,"enemies":"Jaw Worm","floor":3,"turns":1},{"damage":0,"enemies":"2 Louse","floor":4,"turns":1},{"damage":31,"enemies":"Lagavulin","floor":6,"turns":6},{"damage":2,"enemies":"2 Fungi Beasts","floor":7,"turns":4},{"damage":7,"enemies":"Exordium Thugs","floor":11,"turns":5},{"damage":23,"enemies":"3 Sentries","floor":13,"turns":5},{"damage":5,"enemies":"Blue Slaver","floor":14,"turns":3},{"damage":28,"enemies":"Slime Boss","floor":16,"turns":6}],"seed_played":"-7496228540190692403","potions_obtained":[{"floor":1,"key":"LiquidMemories"},{"floor":4,"key":"Dexterity Potion"},{"floor":5,"key":"FairyPotion"},{"floor":6,"key":"Regen Potion"},{"floor":13,"key":"LiquidMemories"},{"floor":14,"key":"SteroidPotion"}],"is_trial":false,"path_per_floor":["M","$","M","M","?","E","M","$","T","R","M","?","E","M","R","B"],"character_chosen":"THE_SILENT","items_purchased":["Noxious Fumes"],"campfire_rested":0,"item_purchase_floors":[2],"current_hp_per_floor":[59,59,59,59,59,28,26,26,26,26,33,22,19,16,16,0,0],"gold":190,"neow_bonus":"THREE_ENEMY_KILL","is_daily":false,"chose_seed":false,"campfire_upgraded":2,"win_rate":0.0,"timestamp":1608302130,"path_taken":["M","?","M","?","?","E","M","$","T","R","?","?","E","M","R","BOSS"],"items_purchased_type":["Card"],"build_version":"2020-12-13","purchased_purges":1,"victory":false,"max_hp_per_floor":[66,66,66,66,66,66,66,66,66,66,66,66,66,66,66,66,66],"card_choices":[{"not_picked":["Slice","Flying Knee"],"picked":"Masterful Stab","floor":1},{"not_picked":["Skewer","Outmaneuver"],"picked":"Bouncing Flask","floor":3},{"not_picked":["Outmaneuver","Backflip"],"picked":"Crippling Poison","floor":4},{"not_picked":["Outmaneuver","Cloak And Dagger","Night Terror"],"picked":"SKIP","floor":6},{"not_picked":["Slice","Accuracy"],"picked":"Deadly Poison","floor":7},{"not_picked":["Skewer","Caltrops","Flying Knee"],"picked":"SKIP","floor":11},{"not_picked":["Dagger Throw","Deadly Poison"],"picked":"Catalyst","floor":13},{"not_picked":["Underhanded Strike","Deflect"],"picked":"Backflip","floor":14}],"player_experience":82770,"relics_obtained":[{"floor":6,"key":"Ancient Tea Set"},{"floor":9,"key":"Pen Nib"},{"floor":13,"key":"Blood Vial"}],"event_choices":[{"damage_healed":0,"gold_gain":0,"player_choice":"Got Potions","damage_taken":0,"max_hp_gain":0,"max_hp_loss":0,"event_name":"Lab","floor":5,"gold_loss":0},{"damage_healed":0,"gold_gain":75,"player_choice":"Gather Gold","damage_taken":11,"max_hp_gain":0,"max_hp_loss":0,"event_name":"World of Goop","floor":12,"gold_loss":0}],"is_beta":false,"boss_relics":[],"items_purged_floors":[8],"is_endless":false,"potions_floor_spawned":[1,4,6,13,14],"killed_by":"Slime Boss","ascension_level":19}}