{"host":"gp6kafy53r5vaktt","time":1608320848,"event":{"mods":["BaseMod","Colored Map","Highlight Path","Minty Spire (QoL Compilation)"],"gold_per_floor":[20,31,5,5,16,47,61,86,86,86,86],"floor_reached":10,"playtime":784,"items_purged":[],"score":82,"play_id":"d2d38dca-5686-42f1-a45e-c7bd2d0d59aa","local_time":"20201218214728","is_ascension_mode":true,"campfire_choices":[],"circlet_count":0,"master_deck":["Strike_R","Strike_R","Strike_R","Strike_R","Defend_R","Defend_R","Defend_R","Defend_R","Bash","Double Tap","Battle Trance","Flex","Armaments","Flame Barrier","Body Slam","Rage"],"relics":["Burning Blood","TungstenRod","Blue Candle","Magic Flower"],"acts_visited":[],"potions_floor_usage":[2,7],"damage_taken":[{"damage":0,"enemies":"Small Slimes","floor":1,"turns":3},{"damage":0,"enemies":"2 Louse","floor":2,"turns":1},{"damage":0,"enemies":"Cultist","floor":5,"turns":2},{"damage":43,"enemies":"3 Sentries","floor":6,"turns":12},{"damage":0,"enemies":"Looter","floor":7,"turns":4},{"damage":39,"enemies":"Gremlin Nob","floor":8,"turns":5},{"damage":23,"enemies":"3 Sentries","floor":10,"turns":13}],"seed_played":"5259262721976478685","potions_obtained":[{"floor":1,"key":"Explosive Potion"},{"floor":2,"key":"Ancient Potion"},{"floor":6,"key":"LiquidMemories"}],"is_trial":false,"path_per_floor":["M","M","$","?","M","E","M","E","T","E"],"character_chosen":"IRONCLAD","items_purchased":["Flex"],"campfire_rested":0,"item_purchase_floors":[3],"current_hp_per_floor":[80,80,80,80,80,43,49,16,16,0,0],"gold":86,"neow_bonus":"THREE_RARE_CARDS","is_daily":false,"chose_seed":false,"campfire_upgraded":0,"win_rate":0.0,"timestamp":1608320848,"path_taken":["M","M","$","?","M","E","M","E","T","E"],"items_purchased_type":["Card"],"build_version":"2020-12-13","purchased_purges":0,"victory":false,"max_hp_per_floor":[80,80,80,80,80,80,80,80,80,80,80],"card_choices":[{"not_picked":["Impervious","Limit Break"],"picked":"Double Tap","floor":0},{"not_picked":["Evolve","Sever Soul"],"picked":"Battle Trance","floor":1},{"not_picked":["Sword Boomerang","Anger","Reckless Charge"],"picked":"SKIP","floor":2},{"not_picked":["Anger","Inflame"],"picked":"Armaments","floor":5},{"not_picked":["Disarm","Anger"],"picked":"Flame Barrier","floor":6},{"not_picked":["Intimidate","Rupture"],"picked":"Body Slam","floor":7},{"not_picked":["Infernal Blade","Warcry"],"picked":"Rage","floor":8}],"player_experience":55095,"relics_obtained":[{"floor":6,"key":"TungstenRod"},{"floor":8,"key":"Blue Candle"},{"floor":9,"key":"Magic Flower"}],"event_choices":[{"cards_removed":["Strike_R"],"damage_healed":0,"gold_gain":0,"player_choice":"Forget","damage_taken":0,"max_hp_gain":0,"max_hp_loss":0,"event_name":"Living Wall","floor":4,"gold_loss":0}],"is_beta":false,"boss_relics":[],"items_purged_floors":[],"is_endless":false,"potions_floor_spawned":[1,2,6],"killed_by":"3 Sentries","ascension_level":1}}