{"host":"Ian","time":1608310587,"event":{"mods":["BaseMod","Bestiary","Block Reminder","Colored Map","Highlight Path","Key Reminder","Minty Spire (QoL Compilation)","Relic Stats"],"gold_per_floor":[211,223,223,29,29,29,29,72,98,98,118,134,148,191,191,280,280,304,317,350,427,443,477,496,154,154,167,186,186,210,254,254,353,353,376,399,28,91,111,142,142,142,210,543,543,570,595,595,595,595,595,595,595,34,67,67],"floor_reached":57,"playtime":3474,"items_purged":["Strike_R","Strike_R","Strike_R","Defend_R"],"score":2720,"play_id":"c8aa4dfd-95fa-490d-9a70-84410b91a10c","local_time":"20201218165627","is_ascension_mode":true,"campfire_choices":[{"data":"Bash","floor":6.0,"key":"SMITH"},{"data":"Inflame","floor":10.0,"key":"SMITH"},{"data":"True Grit","floor":15.0,"key":"SMITH"},{"data":"Armaments","floor":29.0,"key":"SMITH"},{"data":"Uppercut","floor":32.0,"key":"SMITH"},{"data":"Disarm","floor":42.0,"key":"SMITH"},{"floor":45.0,"key":"RECALL"},{"data":"Limit Break","floor":49.0,"key":"SMITH"},{"data":"Evolve","floor":53,"key":"SMITH"}],"circlet_count":0,"master_deck":["AscendersBane","Defend_R","Defend_R+1","Defend_R","Bash+1","Twin Strike+1","Fire Breathing","Rampage+1","Inflame+1","Reaper","True Grit+1","Limit Break+1","Thunderclap","Uppercut+1","Armaments+1","Power Through","Headbutt","Disarm+1","Fiend Fire","Feel No Pain","Cleave","Offering","Heavy Blade+1","Evolve+1","Pommel Strike+1","Shockwave+1","Exhume","Headbutt","Burning Pact","Flame Barrier+1"],"relics":["Burning Blood","Pocketwatch","Whetstone","Red Skull","Coffee Dripper","Red Mask","HornCleat","Ancient Tea Set","ClockworkSouvenir","Pantograph","Self Forming Clay","Mark of Pain","MealTicket","Bird Faced Urn","Bag of Marbles","Paper Frog","Incense Burner","Medical Kit","War Paint","White Beast Statue"],"acts_visited":["Exordium","TheCity","TheBeyond","TheEnding"],"potions_floor_usage":[55,56],"damage_taken":[{"damage":11.0,"enemies":"Jaw Worm","floor":1.0,"turns":5.0},{"damage":2.0,"enemies":"2 Louse","floor":2.0,"turns":3.0},{"damage":40.0,"enemies":"3 Sentries","floor":8.0,"turns":4.0},{"damage":0.0,"enemies":"Small Slimes","floor":11.0,"turns":2.0},{"damage":1.0,"enemies":"2 Fungi Beasts","floor":12.0,"turns":3.0},{"damage":4.0,"enemies":"3 Louse","floor":13.0,"turns":4.0},{"damage":21.0,"enemies":"Lagavulin","floor":14.0,"turns":7.0},{"damage":41.0,"enemies":"Hexaghost","floor":16.0,"turns":8.0},{"damage":24.0,"enemies":"2 Thieves","floor":18.0,"turns":4.0},{"damage":14.0,"enemies":"Spheric Guardian","floor":19.0,"turns":4.0},{"damage":10.0,"enemies":"Masked Bandits","floor":20.0,"turns":3.0},{"damage":22.0,"enemies":"Shelled Parasite and Fungi","floor":22.0,"turns":5.0},{"damage":26.0,"enemies":"Gremlin Leader","floor":23.0,"turns":8.0},{"damage":18.0,"enemies":"Chosen and Byrds","floor":24.0,"turns":5.0},{"damage":11.0,"enemies":"Snake Plant","floor":27.0,"turns":4.0},{"damage":16.0,"enemies":"Centurion and Healer","floor":28.0,"turns":6.0},{"damage":18.0,"enemies":"3 Cultists","floor":30.0,"turns":6.0},{"damage":21.0,"enemies":"Slavers","floor":31.0,"turns":6.0},{"damage":59.0,"enemies":"Collector","floor":33.0,"turns":7.0},{"damage":11.0,"enemies":"3 Darklings","floor":35.0,"turns":5.0},{"damage":7.0,"enemies":"3 Shapes","floor":36.0,"turns":4.0},{"damage":23.0,"enemies":"2 Orb Walkers","floor":38.0,"turns":4.0},{"damage":8.0,"enemies":"3 Darklings","floor":39.0,"turns":5.0},{"damage":35.0,"enemies":"Reptomancer","floor":40.0,"turns":5.0},{"damage":58.0,"enemies":"Nemesis","floor":46.0,"turns":7.0},{"damage":6.0,"enemies":"Mind Bloom Boss Battle","floor":47.0,"turns":6.0},{"damage":75,"enemies":"Awakened One","floor":50,"turns":8},{"damage":46,"enemies":"Time Eater","floor":51,"turns":12},{"damage":64,"enemies":"Shield and Spear","floor":55,"turns":6},{"damage":121,"enemies":"The Heart","floor":56,"turns":10}],"seed_played":"-7893276247975557519","potions_obtained":[{"floor":1.0,"key":"Swift Potion"},{"floor":2.0,"key":"SpeedPotion"},{"floor":12.0,"key":"Strength Potion"},{"floor":16.0,"key":"SpeedPotion"},{"floor":20.0,"key":"LiquidBronze"},{"floor":28.0,"key":"DistilledChaos"},{"floor":31.0,"key":"DistilledChaos"},{"floor":46.0,"key":"SneckoOil"}],"is_trial":false,"path_per_floor":["M","M","?","$","?","R","$","E","T","R","M","M","M","E","R","B",null,"M","M","?","T","M","E","M","$","T","M","M","R","M","E","R","B",null,"M","M","$","?","M","E","$","R","T","?","R","E","?","?","R","B","B",null,"R","$","E","B",null],"character_chosen":"IRONCLAD","items_purchased":["Rampage","Inflame","ClockworkSouvenir","Regen Potion","MealTicket","Evolve","Medical Kit","War Paint","Burning Pact"],"campfire_rested":0,"item_purchase_floors":[4,4,25,25,37,37,54,54,54],"current_hp_per_floor":[63,67,67,67,67,67,67,33,33,33,39,52,68,53,53,25,57,39,31,61,61,60,48,42,42,42,42,57,57,59,53,53,30,59,68,67,67,50,68,45,60,60,60,60,60,30,61,61,61,68,68,68,68,68,51,12],"gold":67,"neow_bonus":"HUNDRED_GOLD","is_daily":false,"chose_seed":false,"campfire_upgraded":8,"win_rate":0.0,"timestamp":1608310587,"path_taken":["M","M","?","$","?","R","?","E","T","R","M","M","M","E","R","BOSS","M","M","?","?","M","E","M","$","T","M","M","R","M","E","R","BOSS","M","M","$","?","M","E","$","R","T","?","R","E","?","?","R","BOSS","BOSS","R","$","E","BOSS"],"items_purchased_type":["Card","Card","Relic","Potion","Relic","Card","Relic","Relic","Card"],"build_version":"2020-12-17","purchased_purges":4,"victory":true,"max_hp_per_floor":[75,75,75,75,68,68,68,68,68,68,68,68,68,68,68,68,68,68,68,68,68,68,68,68,68,68,68,68,68,68,68,68,68,68,68,68,68,68,68,68,68,68,68,68,68,68,68,68,68,68,68,68,68,68,68,68],"relic_stats":{"counters":[30,166],"Self Forming Clay":[213],"Pantograph":64,"Bird Faced Urn":[51],"MealTicket":15,"Whetstone":["Twin Strike","Rampage"],"War Paint":["Shockwave","Defend_R"],"Medical Kit":[17],"obtain_stats":[{"Golden Idol":5,"Self Forming Clay":31,"Incense Burner":47,"Whetstone":9,"War Paint":54,"Ancient Tea Set":23,"Medical Kit":54,"Burning Blood":0,"White Beast Statue":55,"ClockworkSouvenir":25,"keyreminder:keyreminder":31,"HornCleat":21,"Pantograph":26,"Bird Faced Urn":38,"MealTicket":37,"Mark of Pain":34,"Coffee Dripper":17,"Red Mask":20,"Bag of Marbles":40,"Red Skull":14,"Pocketwatch":8,"Paper Frog":46},{"Golden Idol":2,"Self Forming Clay":18,"Incense Burner":26,"Whetstone":3,"War Paint":28,"Ancient Tea Set":13,"Medical Kit":28,"Burning Blood":0,"White Beast Statue":29,"ClockworkSouvenir":14,"keyreminder:keyreminder":18,"HornCleat":11,"Pantograph":14,"Bird Faced Urn":22,"MealTicket":21,"Mark of Pain":19,"Coffee Dripper":8,"Red Mask":11,"Bag of Marbles":24,"Red Skull":7,"Pocketwatch":3,"Paper Frog":25},{"Golden Idol":8,"Self Forming Clay":87,"Incense Burner":130,"Whetstone":12,"War Paint":150,"Ancient Tea Set":60,"Medical Kit":150,"Burning Blood":0,"White Beast Statue":156,"ClockworkSouvenir":65,"keyreminder:keyreminder":87,"HornCleat":47,"Pantograph":65,"Bird Faced Urn":107,"MealTicket":103,"Mark of Pain":94,"Coffee Dripper":36,"Red Mask":47,"Bag of Marbles":117,"Red Skull":28,"Pocketwatch":12,"Paper Frog":124}],"Burning Blood":168,"Pocketwatch":[252]},"card_choices":[{"not_picked":["Intimidate","Body Slam"],"picked":"Twin Strike","floor":1.0},{"not_picked":["Intimidate","Armaments"],"picked":"Fire Breathing","floor":2.0},{"not_picked":["Iron Wave","Body Slam"],"picked":"Reaper","floor":8.0},{"not_picked":["Feel No Pain","Clothesline","Sever Soul"],"picked":"SKIP","floor":11.0},{"not_picked":["Clash","Sword Boomerang","Fire Breathing"],"picked":"SKIP","floor":12.0},{"not_picked":["Armaments","Body Slam"],"picked":"True Grit","floor":13.0},{"not_picked":["Hemokinesis","Infernal Blade","Barricade"],"picked":"SKIP","floor":14.0},{"not_picked":["Double Tap","Reaper"],"picked":"Limit Break","floor":16.0},{"not_picked":["Armaments","Clothesline"],"picked":"Thunderclap","floor":18.0},{"not_picked":["Feel No Pain+1","Fire Breathing"],"picked":"Uppercut","floor":19.0},{"not_picked":["Clash","Warcry"],"picked":"Armaments","floor":20.0},{"not_picked":["Anger","Evolve"],"picked":"Power Through","floor":22.0},{"not_picked":["Ghostly Armor+1","Sever Soul+1"],"picked":"Headbutt","floor":23.0},{"not_picked":["Infernal Blade","Ghostly Armor"],"picked":"Disarm","floor":24.0},{"not_picked":["Body Slam","Havoc","Sword Boomerang"],"picked":"SKIP","floor":27.0},{"not_picked":["Cleave","Sever Soul"],"picked":"Fiend Fire","floor":28.0},{"not_picked":["Iron Wave","Warcry"],"picked":"Feel No Pain","floor":30.0},{"not_picked":["Shrug It Off","Flex"],"picked":"Cleave","floor":31.0},{"not_picked":["Juggernaut","Demon Form"],"picked":"Offering","floor":33.0},{"not_picked":["Bloodletting","Inflame","Havoc"],"picked":"SKIP","floor":35.0},{"not_picked":["Ghostly Armor+1","Warcry"],"picked":"Heavy Blade+1","floor":36.0},{"not_picked":["Anger","Clash"],"picked":"Pommel Strike+1","floor":38.0},{"not_picked":["Perfected Strike","Entrench"],"picked":"Shockwave","floor":39.0},{"not_picked":["Flex","Rampage","Anger"],"picked":"SKIP","floor":40.0},{"not_picked":["Havoc","Warcry+1"],"picked":"Exhume","floor":46.0},{"not_picked":["True Grit","Thunderclap"],"picked":"Headbutt","floor":47.0},{"not_picked":["Clash","Armaments"],"picked":"Flame Barrier+1","floor":55}],"player_experience":2549311,"relics_obtained":[{"floor":8.0,"key":"Pocketwatch"},{"floor":9.0,"key":"Whetstone"},{"floor":14.0,"key":"Red Skull"},{"floor":20.0,"key":"Red Mask"},{"floor":21.0,"key":"HornCleat"},{"floor":23.0,"key":"Ancient Tea Set"},{"floor":26.0,"key":"Pantograph"},{"floor":31.0,"key":"Self Forming Clay"},{"floor":38.0,"key":"Bird Faced Urn"},{"floor":40.0,"key":"Bag of Marbles"},{"floor":46.0,"key":"Paper Frog"},{"floor":47.0,"key":"Incense Burner"},{"floor":55,"key":"White Beast Statue"}],"event_choices":[{"cards_removed":["Strike_R"],"damage_healed":0.0,"max_hp_gain":0.0,"max_hp_loss":0.0,"gold_gain":0.0,"event_name":"Living Wall","player_choice":"Forget","floor":3.0,"gold_loss":0.0,"damage_taken":0.0},{"damage_healed":0.0,"max_hp_gain":0.0,"max_hp_loss":7.0,"gold_gain":0.0,"event_name":"Golden Idol","player_choice":"Lose Max HP","floor":5.0,"gold_loss":0.0,"damage_taken":0.0,"relics_obtained":["Golden Idol"]},{"damage_healed":0.0,"max_hp_gain":0.0,"max_hp_loss":0.0,"gold_gain":0.0,"event_name":"Masked Bandits","player_choice":"Fought Bandits","floor":20.0,"gold_loss":0.0,"damage_taken":0.0},{"damage_healed":0.0,"max_hp_gain":0.0,"max_hp_loss":0.0,"gold_gain":0.0,"event_name":"Mysterious Sphere","player_choice":"Fight","floor":38.0,"gold_loss":0.0,"damage_taken":0.0},{"damage_healed":0.0,"max_hp_gain":0.0,"max_hp_loss":0.0,"gold_gain":333.0,"event_name":"The Moai Head","player_choice":"Gave Idol","floor":44.0,"relics_lost":["Golden Idol"],"gold_loss":0.0,"damage_taken":0.0},{"damage_healed":0.0,"max_hp_gain":0.0,"max_hp_loss":0.0,"gold_gain":0.0,"event_name":"MindBloom","player_choice":"Fight","floor":47.0,"gold_loss":0.0,"damage_taken":0.0},{"cards_removed":["Strike_R"],"damage_healed":0.0,"max_hp_gain":0.0,"max_hp_loss":0.0,"gold_gain":0.0,"event_name":"Bonfire Elementals","player_choice":"Offered Basic","floor":48.0,"gold_loss":0.0,"damage_taken":0.0}],"is_beta":true,"boss_relics":[{"not_picked":["Empty Cage","SacredBark"],"picked":"Coffee Dripper"},{"not_picked":["Cursed Key","Fusion Hammer"],"picked":"Mark of Pain"}],"items_purged_floors":[4,25,37,54],"is_endless":false,"potions_floor_spawned":[1,2,12,16,19,20,22,28,31,36,46,47],"ascension_level":20}}