{"host":"z60ck2mpr6goyib8","time":1608302465,"event":{"mods":["BaseMod","Best Route Mod","Bestiary","Better Third Choice","Block Reminder","Colored Map","Colored Powertips","Googly Eyes","Minty Spire (QoL Compilation)","Quick Restart","Relic Stats","Slay-I","StSLib","everything is the same but u backflip on backflip"],"gold_per_floor":[118,0,17,29,43,75,75,75,75],"floor_reached":8,"playtime":271,"items_purged":[],"score":87,"play_id":"70fa1cfd-f871-4769-a8dd-783ad0062ec1","local_time":"20201218144105","is_ascension_mode":true,"campfire_choices":[{"floor":7,"key":"REST"}],"circlet_count":0,"master_deck":["AscendersBane","Strike_R","Strike_R","Strike_R","Strike_R","Strike_R","Defend_R","Defend_R","Defend_R","Defend_R","Bash","Heavy Blade","Enlightenment","Sever Soul","Demon Form","Thunderclap","Sword Boomerang"],"relics":["SlaversCollar","Toxic Egg 2"],"acts_visited":["Exordium"],"potions_floor_usage":[],"damage_taken":[{"damage":8,"enemies":"Jaw Worm","floor":1,"turns":6},{"damage":3,"enemies":"2 Louse","floor":3,"turns":2},{"damage":15,"enemies":"Small Slimes","floor":4,"turns":4},{"damage":12,"enemies":"Exordium Thugs","floor":5,"turns":3},{"damage":35,"enemies":"Lagavulin","floor":6,"turns":5},{"damage":30,"enemies":"3 Sentries","floor":8,"turns":5}],"seed_played":"-7073357236767562191","potions_obtained":[{"floor":3,"key":"Ancient Potion"}],"is_trial":false,"path_per_floor":["M","?","M","M","M","E","R","E"],"character_chosen":"IRONCLAD","items_purchased":[],"campfire_rested":1,"item_purchase_floors":[],"current_hp_per_floor":[64,70,67,52,40,5,30,0,0],"gold":75,"neow_bonus":"BOSS_RELIC","is_daily":false,"chose_seed":false,"campfire_upgraded":0,"win_rate":0.0,"timestamp":1608302465,"path_taken":["M","?","M","M","M","E","R","E"],"items_purchased_type":[],"build_version":"2020-12-13","purchased_purges":0,"victory":false,"max_hp_per_floor":[80,86,86,86,86,86,86,86,86],"relic_stats":{"counters":[6,25],"obtain_stats":[{"SlaversCollar":0,"Toxic Egg 2":6,"Burning Blood":0},{"SlaversCollar":0,"Toxic Egg 2":5,"Burning Blood":0},{"SlaversCollar":0,"Toxic Egg 2":20,"Burning Blood":0}]},"card_choices":[{"not_picked":["Shrug It Off","Perfected Strike"],"picked":"Heavy Blade","floor":1},{"not_picked":["Anger","Body Slam"],"picked":"Sever Soul","floor":3},{"not_picked":["Headbutt","Warcry"],"picked":"Demon Form","floor":4},{"not_picked":["True Grit","Heavy Blade"],"picked":"Thunderclap","floor":5},{"not_picked":["Headbutt","Pommel Strike"],"picked":"Sword Boomerang","floor":6}],"player_experience":502984,"relics_obtained":[{"floor":6,"key":"Toxic Egg 2"}],"event_choices":[{"damage_healed":0,"gold_gain":0,"player_choice":"RENOUNCE","damage_taken":118,"max_hp_gain":0,"max_hp_loss":0,"event_name":"betterThird:BetterSerpent","floor":2,"gold_loss":118,"cards_obtained":["Enlightenment"]}],"is_beta":false,"boss_relics":[],"items_purged_floors":[],"is_endless":false,"potions_floor_spawned":[3],"killed_by":"3 Sentries","ascension_level":10}}