{"host":"p4v0hquynnreu717","time":1608312946,"event":{"mods":["BaseMod","Better Vampires","DeckTracker","Googly Eyes","Minty Spire (QoL Compilation)","Quick Restart","StSLib","SuperFastMode"],"gold_per_floor":[111,130,55,6,6,6,35,35,60,72,9,38,38,53,53,126,126,140,152,168,168,186,186,186,204,204,69,69,69,84,94,94,173,173,190,35,35,0,20,20,75,86,86,86,112,128,128,18,18,18],"floor_reached":51,"playtime":1707,"items_purged":["Defend_G","Normality","Strike_G"],"score":1252,"play_id":"e907c635-02ab-408b-8137-b676381de9cc","local_time":"20201219013546","is_ascension_mode":true,"campfire_choices":[{"data":"Prepared","floor":6.0,"key":"SMITH"},{"data":"Neutralize","floor":8.0,"key":"SMITH"},{"data":"Blade Dance","floor":15.0,"key":"SMITH"},{"data":"Calculated Gamble","floor":23.0,"key":"SMITH"},{"data":"Finisher","floor":29.0,"key":"SMITH"},{"data":"After Image","floor":32.0,"key":"SMITH"},{"data":"After Image","floor":40.0,"key":"SMITH"},{"data":"Tools of the Trade","floor":47,"key":"SMITH"},{"data":"After Image","floor":49,"key":"SMITH"}],"circlet_count":0,"master_deck":["AscendersBane","Strike_G","Strike_G","Strike_G","Defend_G","Defend_G","Defend_G","Defend_G","Survivor","Neutralize+1","Finisher+1","Blade Dance+1","Prepared+1","Backflip","PiercingWail","After Image+1","Prepared+1","Backflip","Escape Plan","Calculated Gamble+1","After Image+1","Acrobatics+1","Prepared+1","Footwork","Prepared+1","Tools of the Trade+1","Terror+1","Acrobatics+1","Tactician+1","After Image+1","Footwork","Madness+1"],"relics":["Ring of the Snake","NeowsBlessing","MealTicket","MawBank","Shuriken","Question Card","Cursed Key","Toxic Egg 2","Runic Pyramid","Membership Card","Red Mask","Calipers","Bottled Tornado"],"acts_visited":["Exordium","TheCity","TheBeyond"],"potions_floor_usage":[50,50],"damage_taken":[{"damage":0.0,"enemies":"2 Louse","floor":1.0,"turns":1.0},{"damage":0.0,"enemies":"Small Slimes","floor":2.0,"turns":1.0},{"damage":0.0,"enemies":"3 Sentries","floor":7.0,"turns":1.0},{"damage":2.0,"enemies":"Gremlin Nob","floor":12.0,"turns":3.0},{"damage":0.0,"enemies":"Jaw Worm","floor":14.0,"turns":3.0},{"damage":24.0,"enemies":"Hexaghost","floor":16.0,"turns":10.0},{"damage":9.0,"enemies":"Spheric Guardian","floor":18.0,"turns":4.0},{"damage":3.0,"enemies":"2 Thieves","floor":19.0,"turns":4.0},{"damage":6.0,"enemies":"Centurion and Healer","floor":20.0,"turns":6.0},{"damage":4.0,"enemies":"Sentry and Sphere","floor":22.0,"turns":3.0},{"damage":0.0,"enemies":"3 Cultists","floor":25.0,"turns":5.0},{"damage":0.0,"enemies":"Cultist and Chosen","floor":30.0,"turns":4.0},{"damage":0.0,"enemies":"Snake Plant","floor":31.0,"turns":6.0},{"damage":16.0,"enemies":"Collector","floor":33.0,"turns":8.0},{"damage":8.0,"enemies":"3 Shapes","floor":35.0,"turns":5.0},{"damage":0.0,"enemies":"Orb Walker","floor":39.0,"turns":4.0},{"damage":5.0,"enemies":"2 Orb Walkers","floor":41.0,"turns":5.0},{"damage":1.0,"enemies":"Transient","floor":42.0,"turns":5.0},{"damage":20,"enemies":"Nemesis","floor":45,"turns":5},{"damage":6,"enemies":"4 Shapes","floor":46,"turns":5},{"damage":12,"enemies":"Donu and Deca","floor":50,"turns":6}],"seed_played":"-5894580028106051658","potions_obtained":[{"floor":2.0,"key":"Fire Potion"},{"floor":7.0,"key":"AttackPotion"},{"floor":20.0,"key":"Fire Potion"},{"floor":25.0,"key":"PowerPotion"}],"is_trial":false,"path_per_floor":["M","M","?","$","?","R","E","R","T","?","$","E","$","M","R","B",null,"M","M","M","?","M","R","?","M","T","$","?","R","M","M","R","B",null,"M","$","?","?","M","R","?","M","T","T","E","M","R","$","R","B",null],"character_chosen":"THE_SILENT","items_purchased":["Prepared","Footwork","Membership Card","Madness+1"],"campfire_rested":0,"item_purchase_floors":[4,27,36,48],"current_hp_per_floor":[59,59,59,59,64,64,64,64,64,53,68,66,71,71,71,47,65,56,53,47,47,43,43,43,43,43,58,58,58,58,58,58,42,64,56,71,71,71,71,71,66,65,65,65,45,39,39,54,54,42],"gold":18,"neow_bonus":"THREE_ENEMY_KILL","is_daily":false,"chose_seed":false,"campfire_upgraded":9,"win_rate":0.0,"timestamp":1608312946,"path_taken":["M","M","?","$","?","R","E","R","T","?","$","E","?","?","R","BOSS","M","M","M","?","?","R","?","M","T","$","?","R","M","?","R","BOSS","M","$","?","?","M","R","?","M","T","?","E","?","R","?","R","BOSS"],"items_purchased_type":["Card","Card","Relic","Card"],"build_version":"2020-12-13","purchased_purges":3,"victory":true,"max_hp_per_floor":[66,66,66,66,71,71,71,71,71,71,71,71,71,71,71,71,71,71,71,71,71,71,71,71,71,71,71,71,71,71,71,71,71,71,71,71,71,71,71,71,71,71,71,71,71,71,71,71,71,71],"card_choices":[{"not_picked":["Deflect","Blur"],"picked":"Finisher","floor":1.0},{"not_picked":["Outmaneuver","Deadly Poison"],"picked":"Blade Dance","floor":2.0},{"not_picked":["Caltrops","Well Laid Plans"],"picked":"Backflip","floor":7.0},{"not_picked":["A Thousand Cuts","PiercingWail"],"picked":"Accuracy","floor":12.0},{"not_picked":["Predator","Bane","Endless Agony"],"picked":"PiercingWail","floor":14.0},{"not_picked":["Storm of Steel","Tools of the Trade","Unload"],"picked":"After Image","floor":16.0},{"not_picked":["Setup","Outmaneuver","Flying Knee"],"picked":"Prepared+1","floor":18.0},{"not_picked":["Expertise+1","Poisoned Stab","Dodge and Roll"],"picked":"Backflip","floor":19.0},{"not_picked":["Bane","Leg Sweep","Deadly Poison"],"picked":"Escape Plan","floor":20.0},{"not_picked":["Poisoned Stab","Flying Knee","Prepared"],"picked":"After Image","floor":22.0},{"not_picked":["Acrobatics","Cloak And Dagger","Deflect"],"picked":"Prepared+1","floor":25.0},{"not_picked":["Outmaneuver+1","Eviscerate","Predator","Expertise+1"],"picked":"SKIP","floor":30.0},{"not_picked":["Slice","Predator","Leg Sweep+1"],"picked":"Prepared+1","floor":31.0},{"not_picked":["After Image","Die Die Die","Wraith Form v2"],"picked":"Tools of the Trade","floor":33.0},{"not_picked":["Dagger Spray+1","Finisher","Slice"],"picked":"Terror+1","floor":35.0},{"not_picked":["Bane","Quick Slash+1","Underhanded Strike"],"picked":"Acrobatics+1","floor":39.0},{"not_picked":["Expertise+1","Deadly Poison+1","Outmaneuver+1"],"picked":"Tactician+1","floor":42.0},{"not_picked":["Noxious Fumes","Deflect+1","Distraction+1"],"picked":"After Image","floor":45},{"not_picked":["Dagger Throw+1","Acrobatics+1","Flying Knee"],"picked":"Footwork","floor":46}],"player_experience":743204,"relics_obtained":[{"floor":7.0,"key":"MealTicket"},{"floor":9.0,"key":"MawBank"},{"floor":12.0,"key":"Question Card"},{"floor":26.0,"key":"Toxic Egg 2"},{"floor":41.0,"key":"Calipers"},{"floor":45,"key":"Bottled Tornado"}],"event_choices":[{"cards_removed":["Strike_G"],"damage_healed":0.0,"max_hp_gain":0.0,"max_hp_loss":0.0,"gold_gain":0.0,"event_name":"The Cleric","player_choice":"Card Removal","floor":3.0,"gold_loss":75.0,"damage_taken":0.0},{"damage_healed":0.0,"max_hp_gain":5.0,"max_hp_loss":0.0,"gold_gain":0.0,"event_name":"Big Fish","player_choice":"Donut","floor":5.0,"gold_loss":0.0,"damage_taken":0.0},{"damage_healed":0.0,"max_hp_gain":0.0,"max_hp_loss":0.0,"gold_gain":0.0,"event_name":"Scrap Ooze","player_choice":"Success","floor":10.0,"gold_loss":0.0,"damage_taken":11.0,"relics_obtained":["Shuriken"]},{"damage_healed":0.0,"max_hp_gain":0.0,"max_hp_loss":0.0,"gold_gain":0.0,"event_name":"Match and Keep!","player_choice":"1 cards matched","floor":21.0,"gold_loss":0.0,"damage_taken":0.0,"cards_obtained":["Calculated Gamble"]},{"damage_healed":0.0,"max_hp_gain":0.0,"max_hp_loss":0.0,"gold_gain":0.0,"event_name":"The Library","player_choice":"Read","floor":24.0,"gold_loss":0.0,"damage_taken":0.0,"cards_obtained":["Acrobatics"]},{"damage_healed":0.0,"max_hp_gain":0.0,"max_hp_loss":0.0,"gold_gain":0.0,"event_name":"Upgrade Shrine","player_choice":"Upgraded","floor":28.0,"gold_loss":0.0,"damage_taken":0.0,"cards_upgraded":["Acrobatics"]},{"cards_removed":["Accuracy"],"damage_healed":0.0,"max_hp_gain":0.0,"max_hp_loss":0.0,"gold_gain":0.0,"event_name":"Falling","player_choice":"Removed Power","floor":37.0,"gold_loss":0.0,"damage_taken":0.0},{"damage_healed":0.0,"max_hp_gain":0.0,"max_hp_loss":0.0,"gold_gain":0.0,"event_name":"Tomb of Lord Red Mask","player_choice":"Paid","floor":38.0,"gold_loss":35.0,"damage_taken":0.0,"relics_obtained":["Red Mask"]},{"damage_healed":0.0,"max_hp_gain":0.0,"max_hp_loss":0.0,"gold_gain":0.0,"event_name":"Mysterious Sphere","player_choice":"Fight","floor":41.0,"gold_loss":0.0,"damage_taken":0.0}],"is_beta":false,"boss_relics":[{"not_picked":["Ectoplasm","Fusion Hammer"],"picked":"Cursed Key"},{"not_picked":["Calling Bell","WristBlade"],"picked":"Runic Pyramid"}],"items_purged_floors":[11,27,48],"is_endless":false,"potions_floor_spawned":[2,7,16,20,25,30,33,39,41],"ascension_level":15}}