{"host":"Fredi","time":1608260408,"event":{"mods":["AchievementEnabler","Act Like it!","BaseMod","Better Altar","Better Match","Better Note","Better Sensory Stone","Better Skull","Better Third Choice","Block Reminder","Colored Map","Colored Powertips","Custom Start","Downfall","Gensokyo","Hallownest","Hermit","Highlight Path","Mimic Mod","Minty Spire (QoL Compilation)","Permanent Neow","Quick Restart","Rare Cards Sparkle","Relic Stats","Shop Mod","StSLib","The Cursed","The Runesmith","Transform Curses","Wandering Minibosses","everything is the same but u backflip on backflip"],"gold_per_floor":[368,380,380,129,349,349,362,381,381,50,130,158,158,171,171,275,275,291,291,291],"floor_reached":19,"playtime":1157,"items_purged":["Strike_B","Strike_B"],"score":175,"play_id":"7cd2db3f-ed63-496c-aaab-6ae375b5c516","local_time":"20201217190008","is_ascension_mode":true,"campfire_choices":[{"floor":6,"key":"RECALL"},{"floor":13,"key":"REST"},{"data":"Fission","floor":15,"key":"SMITH"}],"circlet_count":0,"master_deck":["Strike_B","Strike_B","Defend_B","Defend_B","Defend_B","Defend_B","Zap","Dualcast","Static Discharge","Loop","Capacitor","Ball Lightning","Ball Lightning","Auto Shields","Consume","Fission+1","Machine Learning","Beam Cell+1"],"relics":["Cracked Core","MealTicket","Happy Flower","Membership Card","Du-Vu Doll","Inserter"],"acts_visited":["Gensokyo:Gensokyo","TheCity"],"potions_floor_usage":[16,16,19],"damage_taken":[{"damage":1,"enemies":"Gensokyo:Python","floor":1,"turns":3},{"damage":4,"enemies":"Gensokyo:Gryphon","floor":2,"turns":4},{"damage":4,"enemies":"Gensokyo:2_Kodama","floor":7,"turns":4},{"damage":3,"enemies":"Gensokyo:VengefulSpirit","floor":8,"turns":4},{"damage":26,"enemies":"Gensokyo:Aya","floor":12,"turns":4},{"damage":5,"enemies":"Gensokyo:2_Rabbits","floor":14,"turns":5},{"damage":24,"enemies":"Gensokyo:Kokoro","floor":16,"turns":10},{"damage":8,"enemies":"Chosen","floor":18,"turns":5},{"damage":65,"enemies":"Shell Parasite","floor":19,"turns":7}],"seed_played":"958742183490703061","potions_obtained":[{"floor":1,"key":"GamblersBrew"},{"floor":2,"key":"sneckomod:MuddlingPotion"},{"floor":7,"key":"Weak Potion"}],"is_trial":false,"path_per_floor":["M","M","?","$","?","R","M","M","T","$","?","E","R","M","R","B",null,"M","M"],"character_chosen":"DEFECT","items_purchased":["MealTicket","Ball Lightning","Membership Card","Fission","Machine Learning"],"campfire_rested":1,"item_purchase_floors":[4,4,10,10,10],"current_hp_per_floor":[67,63,63,63,32,32,28,25,25,40,40,14,34,29,29,5,68,60,0,0],"gold":291,"neow_bonus":"TWO_FIFTY_GOLD","is_daily":false,"chose_seed":false,"campfire_upgraded":1,"win_rate":0.0,"timestamp":1608260408,"path_taken":["M","M","?","$","?","R","?","M","T","$","?","E","R","M","R","BOSS","M","M"],"items_purchased_type":["Relic","Card","Relic","Card","Card"],"build_version":"2020-12-17","purchased_purges":2,"victory":false,"max_hp_per_floor":[68,68,68,68,68,68,68,68,68,68,68,68,68,68,68,68,68,68,68,68],"relic_stats":{"Inserter":[6],"Happy Flower":[13],"counters":[9,46],"MealTicket":15,"obtain_stats":[{"Du-Vu Doll":12,"Inserter":17,"Happy Flower":5,"MealTicket":4,"Membership Card":10,"Cracked Core":0},{"Du-Vu Doll":5,"Inserter":7,"Happy Flower":2,"MealTicket":2,"Membership Card":4,"Cracked Core":0},{"Du-Vu Doll":19,"Inserter":34,"Happy Flower":7,"MealTicket":7,"Membership Card":15,"Cracked Core":0}]},"card_choices":[{"not_picked":["Streamline","Darkness"],"picked":"Static Discharge","floor":1},{"not_picked":["Barrage","Rip and Tear"],"picked":"Loop","floor":2},{"not_picked":["Coolheaded","Leap"],"picked":"Capacitor","floor":3},{"not_picked":["Reboot","Conserve Battery"],"picked":"Ball Lightning","floor":3},{"not_picked":["Gash","Reprogram"],"picked":"Auto Shields","floor":7},{"not_picked":["Ball Lightning","FTL"],"picked":"Consume","floor":8},{"not_picked":["Beam Cell","Compile Driver","Turbo"],"picked":"SKIP","floor":12},{"not_picked":["Blizzard","Cold Snap","Hologram"],"picked":"SKIP","floor":14},{"not_picked":["Force Field+1","Gash"],"picked":"Beam Cell+1","floor":18}],"player_experience":238302,"relics_obtained":[{"floor":12,"key":"Du-Vu Doll"}],"event_choices":[{"damage_healed":0,"gold_gain":220,"player_choice":"RE GO GO ","damage_taken":35,"relics_obtained":["Happy Flower"],"max_hp_gain":0,"max_hp_loss":0,"event_name":"betterSkull:BetterSkull","floor":5,"gold_loss":0,"cards_upgraded":[]}],"is_beta":true,"boss_relics":[{"not_picked":["Pandora\u0027s Box","Nuclear Battery"],"picked":"Inserter"}],"items_purged_floors":[4,10],"is_endless":false,"potions_floor_spawned":[1,2,7,8],"killed_by":"Shell Parasite","ascension_level":1}}