{"host":"6azrrw3tf7wb0f4b","time":1608260538,"event":{"mods":["BaseMod","DeckTracker","Minty Spire (QoL Compilation)","SuperFastMode"],"gold_per_floor":[110,110,129,54,229,229,256,256,279,289,142,152,166,182,182,182,182],"floor_reached":16,"playtime":367,"items_purged":["Injury","Strike_B"],"score":163,"play_id":"fbae9b66-4cda-47e2-bca5-5f3a0cb8ebe8","local_time":"20201218120218","is_ascension_mode":true,"campfire_choices":[{"data":"Creative AI","floor":6,"key":"SMITH"},{"data":"Defragment","floor":8,"key":"SMITH"},{"floor":15,"key":"REST"}],"circlet_count":0,"master_deck":["Strike_B","Strike_B","Strike_B","Defend_B","Defend_B","Defend_B","Defend_B","Zap","Dualcast","Creative AI+1","Auto Shields","Defragment+1","Doubt","Turbo","BootSequence"],"relics":["Cracked Core","Singing Bowl","Strawberry"],"acts_visited":["Exordium"],"potions_floor_usage":[3,7,7,13,13],"damage_taken":[{"damage":1,"enemies":"Cultist","floor":1,"turns":4},{"damage":12,"enemies":"Jaw Worm","floor":3,"turns":4},{"damage":23,"enemies":"3 Sentries","floor":7,"turns":5},{"damage":2,"enemies":"2 Louse","floor":10,"turns":3},{"damage":2,"enemies":"Blue Slaver","floor":12,"turns":6},{"damage":7,"enemies":"Exordium Wildlife","floor":13,"turns":4},{"damage":24,"enemies":"Lots of Slimes","floor":14,"turns":7},{"damage":43,"enemies":"Hexaghost","floor":16,"turns":9}],"seed_played":"5846496188640493954","potions_obtained":[{"floor":1,"key":"ColorlessPotion"},{"floor":2,"key":"EssenceOfSteel"},{"floor":2,"key":"FearPotion"},{"floor":3,"key":"Energy Potion"},{"floor":7,"key":"Explosive Potion"},{"floor":12,"key":"Block Potion"}],"is_trial":false,"path_per_floor":["M","?","M","$","?","R","E","R","T","M","$","M","M","M","R","B"],"character_chosen":"DEFECT","items_purchased":["Turbo"],"campfire_rested":1,"item_purchase_floors":[11],"current_hp_per_floor":[67,67,55,55,55,55,34,34,41,41,41,41,34,12,39,0,0],"gold":182,"neow_bonus":"THREE_RARE_CARDS","is_daily":false,"chose_seed":false,"campfire_upgraded":2,"win_rate":0.0,"timestamp":1608260538,"path_taken":["M","?","M","$","?","R","E","R","T","M","?","M","?","M","R","BOSS"],"items_purchased_type":["Card"],"build_version":"2020-12-13","purchased_purges":2,"victory":false,"max_hp_per_floor":[75,75,75,75,75,75,77,77,84,86,86,88,88,90,90,90,90],"card_choices":[{"not_picked":["Echo Form","Seek"],"picked":"Creative AI","floor":0},{"not_picked":["Recycle","Steam"],"picked":"Auto Shields","floor":1},{"not_picked":["Streamline","Beam Cell"],"picked":"Defragment","floor":3},{"not_picked":["Multi-Cast","Hello World","White Noise"],"picked":"Singing Bowl","floor":7},{"not_picked":["Hologram","Blizzard","Go for the Eyes"],"picked":"Singing Bowl","floor":10},{"not_picked":["Stack","Gash","White Noise"],"picked":"Singing Bowl","floor":12},{"not_picked":["Self Repair","Auto Shields"],"picked":"BootSequence","floor":13},{"not_picked":["Rebound","Compile Driver","Defragment"],"picked":"Singing Bowl","floor":14}],"player_experience":600605,"relics_obtained":[{"floor":7,"key":"Singing Bowl"},{"floor":9,"key":"Strawberry"}],"event_choices":[{"damage_healed":0,"gold_gain":0,"player_choice":"Got Potions","damage_taken":0,"max_hp_gain":0,"max_hp_loss":0,"event_name":"Lab","floor":2,"gold_loss":0},{"damage_healed":0,"gold_gain":175,"player_choice":"AGREE","damage_taken":0,"max_hp_gain":0,"max_hp_loss":0,"event_name":"Liars Game","floor":5,"gold_loss":0,"cards_obtained":["Doubt"]}],"is_beta":false,"boss_relics":[],"items_purged_floors":[4,11],"is_endless":false,"potions_floor_spawned":[1,3,7,12],"killed_by":"Hexaghost","ascension_level":7}}