{"host":"63yhhrjweyj22b0v","time":1608279305,"event":{"mods":["BaseMod","Minty Spire (QoL Compilation)","Quick Restart"],"gold_per_floor":[114,114,124,124,84,116,116,149,172,172,186,200,103,136,136,240,240,257,34,34,34,14,14,32,32,32,4,4,15,15,31,31,127,127,143,161,65,65,78,78,111,8,8,32,32,45,58,58,58],"floor_reached":48,"playtime":1681,"items_purged":["Defend_G"],"score":626,"play_id":"2b5c9c9c-a523-488a-8950-55be20c87590","local_time":"20201218021505","is_ascension_mode":true,"campfire_choices":[{"data":"Envenom","floor":7,"key":"SMITH"},{"data":"Bouncing Flask","floor":10,"key":"SMITH"},{"floor":15,"key":"REST"},{"data":"Noxious Fumes","floor":23,"key":"SMITH"},{"floor":32,"key":"REST"},{"floor":40,"key":"REST"},{"floor":45,"key":"REST"}],"circlet_count":0,"master_deck":["Defend_G","Defend_G+1","Defend_G","Defend_G","Survivor","Neutralize","Cloak And Dagger","Bane","Envenom+1","Bouncing Flask+1","Prepared","Dagger Throw","Poisoned Stab","A Thousand Cuts","Backstab","Bite","Bite","Bite","Bite","Bite","Noxious Fumes+1","Dagger Spray+1","Catalyst","Slice","Bane","Envenom","Deflect+1","Dagger Spray+1","Dagger Spray","Trip","Apotheosis","Noxious Fumes+1","Flying Knee","Adrenaline","Outmaneuver"],"relics":["Ring of the Snake","NeowsBlessing","Happy Flower","Bag of Marbles","Strawberry","Kunai","Juzu Bracelet","HoveringKite","Membership Card","The Courier","SacredBark","Question Card","Paper Crane","Smiling Mask","Regal Pillow"],"acts_visited":["Exordium","TheCity","TheBeyond"],"potions_floor_usage":[8,14,14,18,35,47],"damage_taken":[{"damage":0,"enemies":"Jaw Worm","floor":1,"turns":1},{"damage":0,"enemies":"2 Louse","floor":3,"turns":1},{"damage":0,"enemies":"Lagavulin","floor":6,"turns":1},{"damage":14,"enemies":"Gremlin Nob","floor":8,"turns":4},{"damage":0,"enemies":"Cultist","floor":11,"turns":2},{"damage":7,"enemies":"Blue Slaver","floor":12,"turns":2},{"damage":5,"enemies":"3 Sentries","floor":14,"turns":4},{"damage":27,"enemies":"The Guardian","floor":16,"turns":7},{"damage":5,"enemies":"3 Byrds","floor":18,"turns":5},{"damage":20,"enemies":"2 Thieves","floor":24,"turns":4},{"damage":24,"enemies":"Shelled Parasite and Fungi","floor":29,"turns":3},{"damage":20,"enemies":"Centurion and Healer","floor":31,"turns":4},{"damage":55,"enemies":"Collector","floor":33,"turns":8},{"damage":15,"enemies":"3 Shapes","floor":35,"turns":3},{"damage":26,"enemies":"Orb Walker","floor":36,"turns":4},{"damage":46,"enemies":"Maw","floor":39,"turns":7},{"damage":75,"enemies":"Nemesis","floor":41,"turns":7},{"damage":32,"enemies":"3 Darklings","floor":46,"turns":6},{"damage":74,"enemies":"Sphere and 2 Shapes","floor":47,"turns":6},{"damage":47,"enemies":"Reptomancer","floor":48,"turns":2}],"seed_played":"7415156080299009365","potions_obtained":[{"floor":1,"key":"SneckoOil"},{"floor":3,"key":"Strength Potion"},{"floor":5,"key":"Fire Potion"},{"floor":5,"key":"Explosive Potion"},{"floor":11,"key":"FairyPotion"},{"floor":14,"key":"Explosive Potion"},{"floor":33,"key":"Fire Potion"},{"floor":41,"key":"Regen Potion"},{"floor":46,"key":"Strength Potion"},{"floor":47,"key":"Ancient Potion"}],"is_trial":false,"path_per_floor":["M","?","M","?","?","E","R","E","T","R","M","M","?","E","R","B",null,"M","$","?","?","$","R","M","?","T","$","?","M","?","M","R","B",null,"M","M","$","?","M","R","E","$","T","T","R","M","M","E"],"character_chosen":"THE_SILENT","items_purchased":["Membership Card","Blood Vial","Noxious Fumes","Catalyst","Dagger Spray","Trip","Paper Crane"],"campfire_rested":4,"item_purchase_floors":[19,19,22,27,37,37,42],"current_hp_per_floor":[70,56,56,61,61,61,61,47,54,54,54,47,47,42,66,39,82,77,77,61,61,61,61,49,78,78,78,78,64,64,46,72,29,87,72,48,48,48,15,41,35,35,35,35,76,58,32,0,0],"gold":58,"neow_bonus":"THREE_ENEMY_KILL","is_daily":false,"chose_seed":false,"campfire_upgraded":3,"win_rate":0.0,"timestamp":1608279305,"path_taken":["M","?","M","?","?","E","R","E","T","R","?","M","?","E","R","BOSS","M","?","?","?","$","R","M","?","T","?","?","M","?","M","R","BOSS","M","M","$","?","M","R","E","?","T","?","R","M","M","E"],"items_purchased_type":["Relic","Relic","Card","Card","Card","Card","Relic"],"build_version":"2020-12-13","purchased_purges":1,"victory":false,"max_hp_per_floor":[70,70,70,75,75,75,75,75,82,82,82,82,82,82,82,82,82,82,82,87,87,87,87,87,87,87,87,87,87,87,87,87,87,87,87,87,87,87,87,87,87,87,87,87,87,87,87,87,87],"card_choices":[{"not_picked":["Dodge and Roll","Concentrate"],"picked":"Cloak And Dagger","floor":1},{"not_picked":["Sucker Punch","Cloak And Dagger"],"picked":"Bane","floor":3},{"not_picked":["Flying Knee","Catalyst"],"picked":"Envenom","floor":6},{"not_picked":["Footwork","Masterful Stab"],"picked":"Bouncing Flask","floor":8},{"not_picked":["Backflip","Underhanded Strike"],"picked":"Prepared","floor":11},{"not_picked":["Blade Dance","Backflip"],"picked":"Dagger Throw","floor":12},{"not_picked":["Sucker Punch","Heel Hook"],"picked":"Poisoned Stab","floor":14},{"not_picked":["Corpse Explosion","Night Terror"],"picked":"A Thousand Cuts","floor":16},{"not_picked":["Backflip","Acrobatics"],"picked":"Backstab","floor":18},{"not_picked":["Deadly Poison","Sucker Punch+1"],"picked":"Dagger Spray+1","floor":24},{"not_picked":["Skewer","Backflip+1"],"picked":"Slice","floor":29},{"not_picked":["Slice","Deadly Poison"],"picked":"Bane","floor":31},{"not_picked":["Glass Knife","Night Terror"],"picked":"Envenom","floor":33},{"not_picked":["Skewer","Backflip"],"picked":"Deflect+1","floor":35},{"not_picked":["Quick Slash+1","Dodge and Roll"],"picked":"Dagger Spray+1","floor":36},{"not_picked":["Panacea","Mayhem"],"picked":"Apotheosis","floor":38},{"not_picked":["Accuracy+1","Dodge and Roll+1"],"picked":"Noxious Fumes+1","floor":39},{"not_picked":["Deadly Poison","Poisoned Stab"],"picked":"Flying Knee","floor":41},{"not_picked":["Endless Agony","Choke","Quick Slash+1"],"picked":"Adrenaline","floor":46},{"not_picked":["Slice","PiercingWail+1","Masterful Stab"],"picked":"Outmaneuver","floor":47}],"player_experience":620438,"relics_obtained":[{"floor":6,"key":"Happy Flower"},{"floor":8,"key":"Bag of Marbles"},{"floor":9,"key":"Strawberry"},{"floor":14,"key":"Juzu Bracelet"},{"floor":26,"key":"The Courier"},{"floor":41,"key":"Question Card"},{"floor":43,"key":"Smiling Mask"},{"floor":44,"key":"Regal Pillow"}],"event_choices":[{"damage_healed":0,"gold_gain":0,"player_choice":"Entered Light","damage_taken":14,"max_hp_gain":0,"max_hp_loss":0,"event_name":"Shining Light","floor":2,"gold_loss":0,"cards_upgraded":["Defend_G","Strike_G"]},{"damage_healed":0,"gold_gain":0,"player_choice":"Donut","damage_taken":0,"max_hp_gain":5,"max_hp_loss":0,"event_name":"Big Fish","floor":4,"gold_loss":0},{"damage_healed":0,"gold_gain":0,"player_choice":"Bought 3 Potions","damage_taken":0,"max_hp_gain":0,"max_hp_loss":0,"event_name":"The Woman in Blue","floor":5,"gold_loss":0},{"damage_healed":0,"gold_gain":0,"player_choice":"Paid Gold","damage_taken":0,"relics_obtained":["Kunai"],"max_hp_gain":0,"max_hp_loss":0,"event_name":"WeMeetAgain","floor":13,"gold_loss":97},{"damage_healed":0,"gold_gain":0,"player_choice":"Shed Blood","damage_taken":21,"max_hp_gain":5,"max_hp_loss":0,"event_name":"Forgotten Altar","floor":20,"gold_loss":0},{"damage_healed":0,"gold_gain":0,"player_choice":"Became a vampire (Vial)","damage_taken":0,"max_hp_gain":0,"max_hp_loss":0,"event_name":"Vampires","floor":21,"relics_lost":["Blood Vial"],"gold_loss":0,"cards_obtained":["Bite","Bite","Bite","Bite","Bite"]},{"damage_healed":29,"gold_gain":0,"player_choice":"Heal","damage_taken":0,"max_hp_gain":0,"max_hp_loss":0,"event_name":"The Library","floor":25,"gold_loss":0},{"damage_healed":0,"gold_gain":0,"player_choice":"Ignored","damage_taken":0,"max_hp_gain":0,"max_hp_loss":0,"event_name":"Cursed Tome","floor":30,"gold_loss":0},{"damage_healed":0,"gold_gain":0,"player_choice":"Memory 1","damage_taken":0,"max_hp_gain":0,"max_hp_loss":0,"event_name":"SensoryStone","floor":38,"gold_loss":0}],"is_beta":false,"boss_relics":[{"not_picked":["Ectoplasm","Ring of the Serpent"],"picked":"HoveringKite"},{"not_picked":["Black Star","Coffee Dripper"],"picked":"SacredBark"}],"items_purged_floors":[37],"is_endless":false,"potions_floor_spawned":[1,3,11,14,33,41,46,47],"killed_by":"Reptomancer","ascension_level":1}}