{"host":"aaawqunyz6a5jllx","time":1608309887,"event":{"mods":["BaseMod","Colored Map","Colored Powertips","Minty Spire (QoL Compilation)","StSLib"],"gold_per_floor":[115,127,127,143,143,184,209,234,284,284,298,52,52,73,73,198,198,216,240,240,27,0,41,62,97,97,97,97,97,25,45,45,142,142,154,171,185,185,185,215,215,240,263,263,282,282,193,206,206,206,206,206,1,32,32],"floor_reached":56,"playtime":4702,"items_purged":["Parasite"],"score":1297,"play_id":"7df67d02-7125-48b9-a9e1-3c904b18938d","local_time":"20201219004447","is_ascension_mode":false,"campfire_choices":[{"data":"Conserve Battery","floor":10.0,"key":"SMITH"},{"data":"Conserve Battery","floor":15.0,"key":"SMITH"},{"floor":27.0,"key":"REST"},{"data":"Streamline","floor":29.0,"key":"SMITH"},{"data":"Aggregate","floor":32.0,"key":"SMITH"},{"floor":41.0,"key":"REST"},{"floor":44.0,"key":"RECALL"},{"floor":46.0,"key":"REST"},{"data":"Discovery","floor":49.0,"key":"SMITH"},{"data":"Static Discharge","floor":52.0,"key":"SMITH"}],"circlet_count":0,"master_deck":["Strike_B","Strike_B","Defend_B+1","Defend_B","Defend_B+1","Defend_B","Zap","Dualcast+1","Conserve Battery+1","Compile Driver","Chill","Barrage","Barrage","Conserve Battery","Streamline+1","Dark Shackles","Conserve Battery+1","Core Surge","CurseOfTheBell","Aggregate+1","Rebound+1","Aggregate+1","Blizzard+1","Necronomicurse","Mind Blast+1","Ball Lightning+1","Blizzard+1","Sweeping Beam+1","White Noise","Sweeping Beam+1","Coolheaded+1","Compile Driver+1","Beam Cell+1","Machine Learning","Conserve Battery+1","Coolheaded+1","Loop+1","Streamline+1","Compile Driver+1","Rebound+1","Madness","Madness","Discovery+1","Panache","Master of Strategy","Static Discharge+1","Rip and Tear+1","Sunder+1","Barrage+1","Skim+1","Leap+1","Stack+1","Defragment","Finesse+1","Aggregate+1"],"relics":["Cracked Core","NeowsBlessing","Bloody Idol","InkBottle","Bag of Preparation","MealTicket","Calling Bell","Dream Catcher","Molten Egg 2","Prayer Wheel","Necronomicon","Pantograph","War Paint","Strawberry","Empty Cage","Oddly Smooth Stone","Letter Opener","Toxic Egg 2","Bottled Tornado"],"acts_visited":["Exordium","TheCity","TheBeyond","TheEnding"],"potions_floor_usage":[55,55,55],"damage_taken":[{"damage":0.0,"enemies":"Cultist","floor":1.0,"turns":1.0},{"damage":0.0,"enemies":"2 Louse","floor":2.0,"turns":1.0},{"damage":0.0,"enemies":"Small Slimes","floor":4.0,"turns":1.0},{"damage":27.0,"enemies":"Lagavulin","floor":6.0,"turns":7.0},{"damage":0.0,"enemies":"2 Fungi Beasts","floor":7.0,"turns":2.0},{"damage":0.0,"enemies":"3 Louse","floor":8.0,"turns":4.0},{"damage":0.0,"enemies":"Exordium Wildlife","floor":11.0,"turns":3.0},{"damage":0.0,"enemies":"Blue Slaver","floor":14.0,"turns":3.0},{"damage":44.0,"enemies":"Hexaghost","floor":16.0,"turns":13.0},{"damage":0.0,"enemies":"3 Byrds","floor":18.0,"turns":6.0},{"damage":12.0,"enemies":"Shell Parasite","floor":19.0,"turns":7.0},{"damage":17.0,"enemies":"Slavers","floor":23.0,"turns":6.0},{"damage":19.0,"enemies":"Chosen and Byrds","floor":24.0,"turns":5.0},{"damage":15.0,"enemies":"Book of Stabbing","floor":25.0,"turns":5.0},{"damage":0.0,"enemies":"Snecko","floor":31.0,"turns":3.0},{"damage":65.0,"enemies":"Collector","floor":33.0,"turns":8.0},{"damage":3.0,"enemies":"3 Shapes","floor":35.0,"turns":5.0},{"damage":0.0,"enemies":"Orb Walker","floor":36.0,"turns":2.0},{"damage":10.0,"enemies":"Sphere and 2 Shapes","floor":37.0,"turns":6.0},{"damage":36.0,"enemies":"Giant Head","floor":40.0,"turns":7.0},{"damage":0.0,"enemies":"Reptomancer","floor":42.0,"turns":5.0},{"damage":20.0,"enemies":"Writhing Mass","floor":45.0,"turns":5.0},{"damage":0.0,"enemies":"3 Darklings","floor":48.0,"turns":2.0},{"damage":63.0,"enemies":"Donu and Deca","floor":50.0,"turns":8.0},{"damage":20.0,"enemies":"Shield and Spear","floor":54.0,"turns":3.0},{"damage":54,"enemies":"The Heart","floor":55,"turns":7}],"seed_played":"-2875988212752294644","potions_obtained":[{"floor":6.0,"key":"EntropicBrew"},{"floor":8.0,"key":"Regen Potion"},{"floor":19.0,"key":"BlessingOfTheForge"},{"floor":23.0,"key":"Explosive Potion"},{"floor":36.0,"key":"Explosive Potion"},{"floor":45.0,"key":"SpeedPotion"},{"floor":54.0,"key":"AttackPotion"}],"is_trial":false,"path_per_floor":["M","M","?","M","?","E","M","M","T","R","M","$","?","M","R","B",null,"M","M","?","$","?","E","M","E","T","R","?","R","$","M","R","B",null,"M","M","M","?","?","E","R","E","T","R","M","R","?","M","R","B",null,"R","$","E","B",null],"character_chosen":"DEFECT","items_purchased":["MealTicket","Dark Shackles","Mind Blast+1","Ball Lightning+1","DistilledChaos","Swift Potion","Defragment","Finesse+1"],"campfire_rested":3,"item_purchase_floors":[12,12,21,21,30,53,53,53],"current_hp_per_floor":[75,75,57,57,57,30,30,30,30,30,30,30,48,48,48,13,75,75,63,47,62,62,45,26,11,18,41,41,41,56,61,61,19,79,79,79,74,64,54,23,46,51,56,56,41,64,64,69,69,16,79,79,79,64,25],"gold":32,"neow_bonus":"THREE_ENEMY_KILL","is_daily":false,"chose_seed":false,"campfire_upgraded":6,"win_rate":0.0,"timestamp":1608309887,"path_taken":["M","M","?","M","?","E","M","?","T","R","M","$","?","M","R","BOSS","M","M","?","$","?","E","M","E","T","R","?","R","$","M","R","BOSS","M","M","M","?","?","E","R","E","T","R","M","R","?","?","R","BOSS","R","$","E","BOSS"],"items_purchased_type":["Relic","Card","Card","Card","Potion","Potion","Card","Card"],"build_version":"2020-12-13","purchased_purges":1,"victory":true,"max_hp_per_floor":[75,75,75,75,75,75,75,75,75,75,75,75,75,75,75,75,75,75,75,75,72,72,72,72,72,79,79,79,79,79,79,79,79,79,79,79,79,79,79,79,79,79,79,79,79,79,79,79,79,79,79,79,79,79,79],"card_choices":[{"not_picked":["Rebound","Steam"],"picked":"Conserve Battery","floor":1.0},{"not_picked":["Sweeping Beam","Steam"],"picked":"Compile Driver","floor":2.0},{"not_picked":["Force Field","Loop"],"picked":"Chill","floor":4.0},{"not_picked":["Tempest","Undo"],"picked":"Barrage","floor":6.0},{"not_picked":["Hologram","Fusion"],"picked":"Barrage","floor":7.0},{"not_picked":["Buffer","Lockon"],"picked":"Conserve Battery","floor":8.0},{"not_picked":["Steam","Reinforced Body"],"picked":"Streamline","floor":11.0},{"not_picked":["White Noise","Steam"],"picked":"Conserve Battery","floor":14.0},{"not_picked":["Electrodynamics","Meteor Strike"],"picked":"Core Surge","floor":16.0},{"not_picked":["Turbo","Compile Driver+1"],"picked":"Aggregate","floor":18.0},{"not_picked":["Conserve Battery","Reprogram"],"picked":"Rebound+1","floor":18.0},{"not_picked":["Scrape+1","Lockon+1"],"picked":"Aggregate+1","floor":19.0},{"not_picked":["Hologram","Turbo"],"picked":"Blizzard+1","floor":19.0},{"not_picked":["Reprogram","Leap"],"picked":"Blizzard+1","floor":23.0},{"not_picked":["Doom and Gloom+1","Redo"],"picked":"Sweeping Beam+1","floor":24.0},{"not_picked":["Leap","Genetic Algorithm"],"picked":"White Noise","floor":24.0},{"not_picked":["Reprogram","Beam Cell+1"],"picked":"Sweeping Beam+1","floor":25.0},{"not_picked":["Scrape+1","Hello World"],"picked":"Coolheaded+1","floor":27.0},{"not_picked":["BootSequence","Go for the Eyes+1"],"picked":"Compile Driver+1","floor":31.0},{"not_picked":["Rebound+1","Ball Lightning+1"],"picked":"Beam Cell+1","floor":31.0},{"not_picked":["Multi-Cast","Thunder Strike+1"],"picked":"Machine Learning","floor":33.0},{"not_picked":["Darkness","Consume"],"picked":"Conserve Battery+1","floor":35.0},{"not_picked":["Cold Snap+1","Tempest"],"picked":"Coolheaded+1","floor":35.0},{"not_picked":["Hologram+1","Glacier"],"picked":"Loop+1","floor":36.0},{"not_picked":["Chill+1","Aggregate+1"],"picked":"Streamline+1","floor":36.0},{"not_picked":["Hello World","Conserve Battery"],"picked":"Compile Driver+1","floor":37.0},{"not_picked":["Conserve Battery","Coolheaded+1"],"picked":"Rebound+1","floor":37.0},{"not_picked":["Thinking Ahead","PanicButton"],"picked":"Discovery","floor":39.0},{"not_picked":["Mind Blast+1","Blind"],"picked":"Panache","floor":39.0},{"not_picked":["Panacea","Enlightenment"],"picked":"Master of Strategy","floor":39.0},{"not_picked":["Coolheaded","Amplify"],"picked":"Static Discharge","floor":40.0},{"not_picked":["Streamline+1","Ball Lightning+1"],"picked":"Rip and Tear+1","floor":41.0},{"not_picked":["Beam Cell+1","Ball Lightning+1"],"picked":"Sunder+1","floor":42.0},{"not_picked":["Gash+1","Redo"],"picked":"Barrage+1","floor":45.0},{"not_picked":["Lockon+1","Beam Cell+1"],"picked":"Skim+1","floor":45.0},{"not_picked":["Hyperbeam+1","Coolheaded"],"picked":"Leap+1","floor":46.0},{"not_picked":["Aggregate+1","Scrape+1"],"picked":"Stack+1","floor":48.0},{"not_picked":["Doom and Gloom+1","Cold Snap+1","Go for the Eyes+1"],"picked":"SKIP","floor":48.0},{"not_picked":["Stack+1","Redo+1"],"picked":"Aggregate+1","floor":54.0}],"player_experience":67241,"relics_obtained":[{"floor":6.0,"key":"InkBottle"},{"floor":9.0,"key":"Bag of Preparation"},{"floor":17.0,"key":"Dream Catcher"},{"floor":17.0,"key":"Molten Egg 2"},{"floor":17.0,"key":"Prayer Wheel"},{"floor":20.0,"key":"Necronomicon"},{"floor":23.0,"key":"Pantograph"},{"floor":25.0,"key":"War Paint"},{"floor":26.0,"key":"Strawberry"},{"floor":40.0,"key":"Oddly Smooth Stone"},{"floor":42.0,"key":"Letter Opener"},{"floor":54.0,"key":"Bottled Tornado"}],"event_choices":[{"damage_healed":0.0,"max_hp_gain":0.0,"max_hp_loss":0.0,"gold_gain":0.0,"event_name":"Golden Idol","player_choice":"Take Damage","floor":3.0,"gold_loss":0.0,"damage_taken":18.0,"relics_obtained":["Golden Idol"]},{"damage_healed":0.0,"max_hp_gain":0.0,"max_hp_loss":0.0,"gold_gain":0.0,"event_name":"Upgrade Shrine","player_choice":"Upgraded","floor":5.0,"gold_loss":0.0,"damage_taken":0.0,"cards_upgraded":["Dualcast"]},{"damage_healed":18.0,"max_hp_gain":0.0,"max_hp_loss":0.0,"gold_gain":0.0,"event_name":"Mushrooms","player_choice":"Healed and dodged fight","floor":13.0,"gold_loss":0.0,"damage_taken":0.0,"cards_obtained":["Parasite"]},{"damage_healed":0.0,"max_hp_gain":0.0,"max_hp_loss":0.0,"gold_gain":0.0,"event_name":"Cursed Tome","player_choice":"Obtained Book","floor":20.0,"gold_loss":0.0,"damage_taken":16.0},{"damage_healed":0.0,"max_hp_gain":0.0,"max_hp_loss":0.0,"gold_gain":0.0,"event_name":"Masked Bandits","player_choice":"Paid Fearfully","floor":22.0,"gold_loss":27.0,"damage_taken":0.0},{"damage_healed":0.0,"max_hp_gain":0.0,"max_hp_loss":0.0,"gold_gain":0.0,"event_name":"Forgotten Altar","player_choice":"Gave Idol","floor":28.0,"relics_lost":["Golden Idol"],"gold_loss":0.0,"damage_taken":0.0,"relics_obtained":["Bloody Idol"]},{"damage_healed":0.0,"max_hp_gain":0.0,"max_hp_loss":0.0,"gold_gain":0.0,"event_name":"Winding Halls","player_choice":"Embrace Madness","floor":38.0,"gold_loss":0.0,"damage_taken":10.0,"cards_obtained":["Madness","Madness"]},{"damage_healed":0.0,"max_hp_gain":0.0,"max_hp_loss":0.0,"gold_gain":0.0,"event_name":"SensoryStone","player_choice":"Memory 3","floor":39.0,"gold_loss":0.0,"damage_taken":10.0},{"damage_healed":0.0,"max_hp_gain":0.0,"max_hp_loss":0.0,"gold_gain":0.0,"event_name":"WeMeetAgain","player_choice":"Paid Gold","floor":47.0,"gold_loss":89.0,"damage_taken":0.0,"relics_obtained":["Toxic Egg 2"]}],"is_beta":false,"boss_relics":[{"not_picked":["SacredBark","Philosopher\u0027s Stone"],"picked":"Calling Bell"},{"not_picked":["Cursed Key","Velvet Choker"],"picked":"Empty Cage"}],"items_purged_floors":[21],"is_endless":false,"potions_floor_spawned":[6,7,8,19,23,36,45,54],"ascension_level":0}}