{"host":"a61r67bv2jut9r88","time":1608264173,"event":{"mods":["BaseMod","Minty Spire (QoL Compilation)","Replay The Spire","Shop Mod","StSLib","SuperFastMode","The Runesmith"],"gold_per_floor":[110,33,53,3,19,48,48,48,48,48,63,63,80,92,92,188,188,177,30,40,57,69,69,69],"floor_reached":23,"playtime":1068,"items_purged":[],"score":195,"play_id":"df287f7c-b97c-46b8-99f1-0ed17729d36a","local_time":"20201218120253","is_ascension_mode":false,"campfire_choices":[{"floor":7,"key":"REST"},{"data":"Catalyst","floor":10,"key":"SMITH"},{"data":"Deadly Poison","floor":12,"key":"SMITH"},{"floor":15,"key":"REST"}],"circlet_count":0,"master_deck":["Strike_G","Strike_G","Strike_G","Strike_G","Strike_G","Defend_G","Defend_G","Defend_G","Defend_G","Survivor","Neutralize","Prepared","Deadly Poison+1","Prepared","Catalyst+1","Defend_B","Draining Mist","Backstab","ReplayTheSpireMod:Necrosis","Backstab+1","Noxious Fumes+1","Bullet Time"],"relics":["Replay:Bronze Core","Replay:Wax Seal","Bag of Preparation","Dream Catcher","Ring of Chaos","Happy Flower"],"acts_visited":["Exordium","TheCity"],"potions_floor_usage":[16,20,21,21,23,23],"damage_taken":[{"damage":0,"enemies":"Cultist","floor":1,"turns":4},{"damage":2,"enemies":"Small Slimes","floor":3,"turns":4},{"damage":0,"enemies":"Jaw Worm","floor":5,"turns":5},{"damage":30,"enemies":"Lagavulin","floor":6,"turns":9},{"damage":2,"enemies":"Blue Slaver","floor":11,"turns":5},{"damage":0,"enemies":"Looter","floor":13,"turns":2},{"damage":1,"enemies":"3 Louse","floor":14,"turns":4},{"damage":71,"enemies":"Fading Forest","floor":16,"turns":11},{"damage":15,"enemies":"2 Thieves","floor":18,"turns":5},{"damage":2,"enemies":"Shell Parasite","floor":20,"turns":2},{"damage":10,"enemies":"Chosen and Byrds","floor":21,"turns":5},{"damage":7,"enemies":"Centurion and Healer","floor":22,"turns":5},{"damage":43,"enemies":"Gremlin Leader","floor":23,"turns":5}],"seed_played":"1116991248731156330","potions_obtained":[{"floor":5,"key":"ColorlessPotion"},{"floor":6,"key":"CunningPotion"},{"floor":13,"key":"BlessingOfTheForge"},{"floor":16,"key":"AttackPotion"},{"floor":20,"key":"DistilledChaos"},{"floor":21,"key":"Poison Potion"}],"is_trial":false,"path_per_floor":["M","$","M","$","M","E","R","?","T","R","M","R","M","M","R","B",null,"M","$","M","M","M","E"],"character_chosen":"THE_SILENT","items_purchased":["Replay:Wax Seal","Deadly Poison","Happy Flower"],"campfire_rested":2,"item_purchase_floors":[2,4,19],"current_hp_per_floor":[70,70,68,68,68,38,59,59,59,59,57,57,57,56,70,9,70,55,55,53,43,36,0,0],"gold":69,"neow_bonus":"BOSS_RELIC","is_daily":false,"chose_seed":false,"campfire_upgraded":2,"win_rate":0.0,"timestamp":1608264173,"path_taken":["M","$","M","?","M","E","R","?","T","R","M","R","M","M","R","BOSS","M","$","M","?","M","E"],"items_purchased_type":["Relic","Card","Relic"],"build_version":"2020-12-13","purchased_purges":0,"victory":false,"max_hp_per_floor":[70,70,70,70,70,70,70,70,70,70,70,70,70,70,70,70,70,70,70,70,70,70,70,70],"card_choices":[{"not_picked":["Blade Dance","Acrobatics","Sucker Punch"],"picked":"SKIP","floor":1},{"not_picked":["Escape Plan","Hidden Blade"],"picked":"Prepared","floor":3},{"not_picked":["Dagger Spray","PiercingWail"],"picked":"Prepared","floor":5},{"not_picked":["Blade Dance","Underhanded Strike"],"picked":"Catalyst","floor":6},{"not_picked":["Deflect","Infinite Blades","Backflip"],"picked":"SKIP","floor":11},{"not_picked":["Draining Mist","Finisher","Terror"],"picked":"SKIP","floor":13},{"not_picked":["Infinite Blades","Dagger Spray"],"picked":"Draining Mist","floor":14},{"not_picked":["Blur","Skewer"],"picked":"Backstab","floor":15},{"not_picked":["Unload","Bullet Time"],"picked":"ReplayTheSpireMod:Necrosis","floor":16},{"not_picked":["Sneak Up","Dash+1"],"picked":"Backstab+1","floor":18},{"not_picked":["Calculated Gamble","PiercingWail"],"picked":"Noxious Fumes+1","floor":20},{"not_picked":["Blade Dance","Cloak And Dagger"],"picked":"Bullet Time","floor":21},{"not_picked":["Acrobatics+1","Slice","Underhanded Strike"],"picked":"SKIP","floor":22}],"player_experience":352167,"relics_obtained":[{"floor":6,"key":"Bag of Preparation"},{"floor":9,"key":"Dream Catcher"}],"event_choices":[{"cards_removed":["Defend_G"],"damage_healed":0,"gold_gain":0,"player_choice":"Took Card","damage_taken":0,"max_hp_gain":0,"max_hp_loss":0,"event_name":"NoteForYourself","floor":8,"gold_loss":0,"cards_obtained":["Defend_B"]}],"is_beta":false,"boss_relics":[{"not_picked":["Painkiller Herb","Replay:Wanted Poster"],"picked":"Ring of Chaos"}],"items_purged_floors":[],"is_endless":false,"potions_floor_spawned":[5,6,13,16,20,21],"killed_by":"Gremlin Leader","ascension_level":0}}