{"host":"jg1kdgv8lq0s5kn4","time":1608265364,"event":{"mods":["10 clothes from DAL","AchievementEnabler","Act Like it!","Alarm Clock","AlwaysNeverKeys","BaseMod","CapriCore","Colored Powertips","Easy Mod","Gensokyo","Gold Saver","Minty Spire (QoL Compilation)","Remove Card Discount Mod","Shop Mod","Spicy Shops","StSLib","The Alterego","noobMod","【功能Mod】Neow奖励","【遗物Mod】简单游戏","没有小屋子和绿帽子啦","篝火指南","老伊莉雅"],"gold_per_floor":[112,125,125,125,144,144,177,177,177,191,191,212,237,260,260,380,380,396,416,326,342,363,363],"floor_reached":22,"playtime":985,"items_purged":[],"score":192,"play_id":"7ceca22f-6317-4688-b29c-3ff230756671","local_time":"20201218122244","is_ascension_mode":false,"campfire_choices":[{"data":"EasyMod:card_1","floor":6,"key":"SMITH"},{"data":"PrismaMod:IllyaUberChannel","floor":11,"key":"SMITH"},{"data":"PrismaMod:IllyaUberAttackChannel","floor":15,"key":"SMITH"}],"circlet_count":0,"master_deck":["EasyMod:card_1","PrismaMod:IllyaCommonDefend","PrismaMod:IllyaCommonAttack","PrismaMod:IllyaCommonDefend","PrismaMod:IllyaCommonAttack","PrismaMod:IllyaCommonDefend+1","PrismaMod:IllyaCommonAttack","PrismaMod:IllyaCommonDefend","PrismaMod:IllyaCommonAttack","PrismaMod:IllyaCommonDefend","PrismaMod:IllyaUncommonAttack","PrismaMod:IllyaUncommonDefend","PrismaMod:IllyaUncommonDefend","PrismaMod:IllyaUberChannel+1","PrismaMod:IllyaInstallForeigner","PrismaMod:IllyaUberAttackChannel+1","PrismaMod:IllyaEvokeAll+1","PrismaMod:IllyaPoisoningPhantasm+1","PrismaMod:IllyaZwei","PrismaMod:IllyaFriendMaker+1","PrismaMod:IllyaSaphire","PrismaMod:IllyaSaphire","PrismaMod:IllyaPoisonBomb+1"],"relics":["PrismaMod:PrismaRuby","ice","EasyRelic","Golden Idol","Ginger","Molten Egg 2","DALC_TEN"],"acts_visited":["Exordium","TheCity"],"potions_floor_usage":[7,21,22,22,22,22],"damage_taken":[{"damage":2,"enemies":"Jaw Worm","floor":1,"turns":5},{"damage":1,"enemies":"Small Slimes","floor":2,"turns":4},{"damage":0,"enemies":"2 Louse","floor":5,"turns":3},{"damage":11,"enemies":"3 Sentries","floor":7,"turns":7},{"damage":13,"enemies":"Lots of Slimes","floor":10,"turns":4},{"damage":0,"enemies":"Exordium Thugs","floor":12,"turns":6},{"damage":0,"enemies":"Looter","floor":13,"turns":3},{"damage":3,"enemies":"Blue Slaver","floor":14,"turns":3},{"damage":3,"enemies":"The Guardian","floor":16,"turns":8},{"damage":16,"enemies":"3 Byrds","floor":18,"turns":4},{"damage":13,"enemies":"Spheric Guardian","floor":19,"turns":3},{"damage":6,"enemies":"Chosen and Byrds","floor":21,"turns":2},{"damage":53,"enemies":"Shelled Parasite and Fungi","floor":22,"turns":5}],"seed_played":"1727459153840817501","potions_obtained":[{"floor":5,"key":"CultistPotion"},{"floor":7,"key":"SneckoOil"},{"floor":13,"key":"Energy Potion"},{"floor":14,"key":"EntropicBrew"},{"floor":19,"key":"Swift Potion"},{"floor":21,"key":"LiquidBronze"},{"floor":22,"key":"EssenceOfSteel"}],"is_trial":false,"path_per_floor":["M","M","?","?","M","R","E","T","T","M","R","M","M","M","R","B",null,"M","M","?","M","M"],"character_chosen":"ILLYA","items_purchased":[],"campfire_rested":0,"item_purchase_floors":[],"current_hp_per_floor":[82,81,76,81,81,81,81,81,81,74,74,81,81,78,78,80,81,69,56,56,52,11,11],"gold":363,"neow_bonus":"TEN_PERCENT_HP_BONUS","is_daily":false,"chose_seed":false,"campfire_upgraded":3,"win_rate":0.0,"timestamp":1608265364,"path_taken":["M","M","?","?","M","R","E","?","T","M","R","?","M","M","R","BOSS","M","M","?","?","M"],"items_purchased_type":[],"build_version":"2020-12-13","purchased_purges":0,"victory":false,"max_hp_per_floor":[82,82,76,81,81,81,81,81,81,81,81,81,81,81,81,81,81,81,81,81,81,81,81],"card_choices":[{"not_picked":["PrismaMod:IllyaRubysPotion","PrismaMod:IllyaRussianRoulette"],"picked":"PrismaMod:IllyaUncommonDefend","floor":1},{"not_picked":["PrismaMod:IllyaUncommonDefend","PrismaMod:IllyaStunPoison"],"picked":"PrismaMod:IllyaUberChannel","floor":2},{"not_picked":["PrismaMod:IllyaAlice","PrismaMod:IllyaMinorRapidFire","PrismaMod:IllyaUpgradeOrbs"],"picked":"SKIP","floor":5},{"not_picked":["PrismaMod:IllyaUncommonAOEAttack","PrismaMod:IllyaFriendMaker"],"picked":"PrismaMod:IllyaInstallForeigner","floor":7},{"not_picked":["PrismaMod:IllyaRubysPotion","PrismaMod:IllyaMinorReinForce","PrismaMod:IllyaCheapChannelAttack"],"picked":"SKIP","floor":10},{"not_picked":["PrismaMod:IllyaMinorReinForce","PrismaMod:IllyaCheapDefend"],"picked":"PrismaMod:IllyaUberAttackChannel","floor":12},{"not_picked":["PrismaMod:IllyaBerserCAR+1","PrismaMod:IllyaRussianRoulette"],"picked":"PrismaMod:IllyaEvokeAll+1","floor":13},{"not_picked":["PrismaMod:IllyaCheapDefend","PrismaMod:IllyaUpgradeOrbs"],"picked":"PrismaMod:IllyaPoisoningPhantasm+1","floor":14},{"not_picked":["PrismaMod:IllyaCarnivalDefend","PrismaMod:IllyaUberPoisonChannel"],"picked":"PrismaMod:IllyaZwei","floor":16},{"not_picked":["PrismaMod:IllyaPoisonTippedWeapons+1","PrismaMod:IllyaUncommonAttack+1"],"picked":"PrismaMod:IllyaFriendMaker+1","floor":18},{"not_picked":["PrismaMod:IllyaCheapChannelAttack+1","PrismaMod:IllyaDetonatingBlow+1"],"picked":"PrismaMod:IllyaSaphire","floor":19},{"not_picked":["PrismaMod:IllyaCheapChannelPoison","PrismaMod:IllyaBerserCAR+1"],"picked":"PrismaMod:IllyaSaphire","floor":21},{"not_picked":["PrismaMod:IllyaAssassinRevenge","PrismaMod:IllyaMinorZwei"],"picked":"PrismaMod:IllyaPoisonBomb+1","floor":22}],"player_experience":41319,"relics_obtained":[{"floor":7,"key":"Ginger"},{"floor":9,"key":"Molten Egg 2"}],"event_choices":[{"damage_healed":0,"gold_gain":0,"player_choice":"Lose Max HP","damage_taken":0,"relics_obtained":["Golden Idol"],"max_hp_gain":0,"max_hp_loss":6,"event_name":"Golden Idol","floor":3,"gold_loss":0},{"damage_healed":0,"gold_gain":0,"player_choice":"Donut","damage_taken":0,"max_hp_gain":5,"max_hp_loss":0,"event_name":"Big Fish","floor":4,"gold_loss":0},{"cards_removed":["PrismaMod:IllyaCommonAttack"],"damage_healed":0,"gold_gain":0,"player_choice":"Upgrade and Remove","damage_taken":0,"max_hp_gain":0,"max_hp_loss":0,"event_name":"Designer","floor":20,"gold_loss":90,"cards_upgraded":["PrismaMod:IllyaCommonDefend"]}],"is_beta":false,"boss_relics":[{"not_picked":["Cursed Key","SacredBark"],"picked":"DALC_TEN"}],"items_purged_floors":[],"is_endless":false,"potions_floor_spawned":[5,7,13,14,19,21,22],"killed_by":"Shelled Parasite and Fungi","ascension_level":0}}