{"host":"lreod2rejfd0az5i","time":1608251676,"event":{"mods":["AchievementEnabler","Aspiration","BaseMod","Colored Powertips","Conspire","Downfall","Highlight Path","Hubris","Infinite Spire","Mad Scientist","Minty Spire (QoL Compilation)","Rare Cards Sparkle","Relic Stats","Replay The Spire","StSLib","The Bug Knight","The Jungle"],"gold_per_floor":[113,113,124,144,69,96,96,107,107,134,134,134,134,34,34,34,34],"floor_reached":16,"playtime":559,"items_purged":["Strike_R","Injury"],"score":211,"play_id":"df02fbaf-bb80-4e23-b4e3-0d9491536655","local_time":"20201217173436","is_ascension_mode":true,"campfire_choices":[{"data":"expansioncontent:GuardianWhirl","floor":7,"key":"SMITH"},{"floor":11,"key":"REST"},{"floor":15,"key":"DIG"}],"circlet_count":0,"master_deck":["AscendersBane","Strike_R","Strike_R","Strike_R","Defend_R","Defend_R","Defend_R","Defend_R","expansioncontent:GuardianWhirl+1","ReplayTheSpireMod:Muscle Training","Clothesline","Double Tap+1"],"relics":["Burning Blood","Unceasing Top","aspiration:StickyExplosives_weak","Replay:Baseball","Molten Egg 2","Orichalcum"],"acts_visited":["Exordium"],"potions_floor_usage":[6,8,10],"damage_taken":[{"damage":2,"enemies":"Jaw Worm","floor":1,"turns":5},{"damage":7,"enemies":"Cultist","floor":3,"turns":4},{"damage":10,"enemies":"2 Louse","floor":4,"turns":3},{"damage":13,"enemies":"3 Sentries","floor":6,"turns":8},{"damage":2,"enemies":"2 Fungi Beasts","floor":8,"turns":3},{"damage":53,"enemies":"Gremlin Nob","floor":10,"turns":5},{"damage":49,"enemies":"Hexaghost","floor":16,"turns":11}],"seed_played":"8019562474820173294","potions_obtained":[{"floor":4,"key":"BlessingOfTheForge"},{"floor":6,"key":"Fruit Juice"},{"floor":8,"key":"Weak Potion"}],"is_trial":false,"path_per_floor":["M","?","M","M","$","E","R","M","T","E","R","?","?","$","R","B"],"character_chosen":"IRONCLAD","items_purchased":[],"campfire_rested":1,"item_purchase_floors":[],"current_hp_per_floor":[72,72,71,67,67,60,60,69,69,22,46,46,46,46,46,0,0],"gold":34,"neow_bonus":"RANDOM_COLORLESS","is_daily":false,"chose_seed":false,"campfire_upgraded":1,"win_rate":0.0,"timestamp":1608251676,"path_taken":["M","?","M","M","$","E","R","?","T","E","R","?","?","$","R","BOSS"],"items_purchased_type":[],"build_version":"2020-12-13","purchased_purges":2,"victory":false,"max_hp_per_floor":[75,75,75,75,75,75,75,80,80,80,80,80,80,80,80,80,80],"relic_stats":{"counters":[7,39],"Orichalcum":[30],"obtain_stats":[{"Replay:Baseball":10,"Molten Egg 2":13,"Orichalcum":15,"Burning Blood":0,"Unceasing Top":6,"aspiration:StickyExplosives_weak":9},{"Replay:Baseball":6,"Molten Egg 2":6,"Orichalcum":6,"Burning Blood":0,"Unceasing Top":4,"aspiration:StickyExplosives_weak":5},{"Replay:Baseball":28,"Molten Egg 2":28,"Orichalcum":28,"Burning Blood":0,"Unceasing Top":20,"aspiration:StickyExplosives_weak":23}],"Burning Blood":36,"Unceasing Top":[1]},"card_choices":[{"not_picked":["Replay:Sssssssssshield","expansioncontent:BronzeBeam"],"picked":"expansioncontent:GuardianWhirl","floor":0},{"not_picked":["Headbutt","Feel No Pain","Clash"],"picked":"SKIP","floor":1},{"not_picked":["Combust","ReplayReversal"],"picked":"ReplayTheSpireMod:Muscle Training","floor":3},{"not_picked":["Searing Blow","True Grit","Body Slam"],"picked":"SKIP","floor":4},{"not_picked":["Offering","Combust"],"picked":"Clothesline","floor":6},{"not_picked":["Warcry","Life Link","Wild Strike"],"picked":"SKIP","floor":8},{"not_picked":["Carnage","Uppercut","Armaments"],"picked":"SKIP","floor":10}],"player_experience":848913,"relics_obtained":[{"floor":6,"key":"Unceasing Top"},{"floor":9,"key":"aspiration:StickyExplosives_weak"},{"floor":10,"key":"Replay:Baseball"},{"floor":15,"key":"Orichalcum"}],"event_choices":[{"cards_removed":["Strike_R"],"damage_healed":0,"gold_gain":0,"player_choice":"Purged","damage_taken":0,"max_hp_gain":0,"max_hp_loss":0,"event_name":"Purifier","floor":2,"gold_loss":0}],"is_beta":false,"boss_relics":[],"items_purged_floors":[5,14],"is_endless":false,"potions_floor_spawned":[4,6,8],"killed_by":"Hexaghost","ascension_level":19}}