{"host":"dcj2yvrgcvh5dl2s","time":1608285192,"event":{"mods":["BaseMod","Better Note","Block Reminder","Colored Powertips","DeckTracker","Minty Spire (QoL Compilation)","Quick Restart","Rare Cards Sparkle","Relic Stats","StSLib"],"gold_per_floor":[113,113,63,75,85,110,110,139,139,139,139],"floor_reached":10,"playtime":2140,"items_purged":[],"score":118,"play_id":"ce0c287a-0467-451e-8d17-81e18ae31102","local_time":"20201218195312","is_ascension_mode":true,"campfire_choices":[{"floor":7.0,"key":"REST"}],"circlet_count":0,"master_deck":["AscendersBane","Strike_R","Strike_R","Strike_R","Strike_R","Defend_R+1","Defend_R+1","Defend_R","Defend_R","Bash","Immolate","Shrug It Off","Sword Boomerang","Sword Boomerang"],"relics":["Burning Blood","Art of War","Letter Opener","Bottled Flame"],"acts_visited":["Exordium"],"potions_floor_usage":[],"damage_taken":[{"damage":5.0,"enemies":"Small Slimes","floor":1.0,"turns":3.0},{"damage":0.0,"enemies":"2 Louse","floor":4.0,"turns":2.0},{"damage":6.0,"enemies":"Cultist","floor":5.0,"turns":3.0},{"damage":40.0,"enemies":"Lagavulin","floor":6.0,"turns":6.0},{"damage":34.0,"enemies":"3 Sentries","floor":8.0,"turns":6.0},{"damage":0,"enemies":"Lagavulin","floor":10,"turns":3}],"seed_played":"826840614008538739","potions_obtained":[{"floor":5.0,"key":"Strength Potion"}],"is_trial":false,"path_per_floor":["M","?","?","M","M","E","R","E","T","E"],"character_chosen":"IRONCLAD","items_purchased":[],"campfire_rested":1,"item_purchase_floors":[],"current_hp_per_floor":[72,58,58,64,64,30,51,23,23,23,23],"gold":139,"neow_bonus":"THREE_RARE_CARDS","is_daily":false,"chose_seed":false,"campfire_upgraded":0,"win_rate":0.0,"timestamp":1608285192,"path_taken":["M","?","?","M","M","E","R","E","T","E"],"items_purchased_type":[],"build_version":"2020-12-13","purchased_purges":0,"victory":false,"max_hp_per_floor":[72,72,72,72,72,72,72,72,72,72,72],"relic_stats":{"counters":[6,23],"Art of War":[1],"Letter Opener":[0],"obtain_stats":[{"Bottled Flame":9,"Art of War":6,"Letter Opener":8,"Burning Blood":0},{"Bottled Flame":5,"Art of War":4,"Letter Opener":5,"Burning Blood":0},{"Bottled Flame":20,"Art of War":14,"Letter Opener":20,"Burning Blood":0}],"Burning Blood":29},"card_choices":[{"not_picked":["Fiend Fire","Exhume"],"picked":"Immolate","floor":0.0},{"not_picked":["Pommel Strike","Cleave","Clothesline"],"picked":"SKIP","floor":1.0},{"not_picked":["Wild Strike","Twin Strike","Bloodletting"],"picked":"SKIP","floor":4.0},{"not_picked":["Sever Soul","Anger"],"picked":"Shrug It Off","floor":5.0},{"not_picked":["Impervious","True Grit"],"picked":"Sword Boomerang","floor":6.0},{"not_picked":["Carnage","Havoc"],"picked":"Sword Boomerang","floor":8.0}],"player_experience":1984815,"relics_obtained":[{"floor":6.0,"key":"Art of War"},{"floor":8.0,"key":"Letter Opener"},{"floor":9.0,"key":"Bottled Flame"}],"event_choices":[{"damage_healed":0.0,"max_hp_gain":0.0,"max_hp_loss":0.0,"gold_gain":0.0,"event_name":"Shining Light","player_choice":"Entered Light","floor":2.0,"gold_loss":0.0,"damage_taken":14.0,"cards_upgraded":["Defend_R","Defend_R"]},{"cards_removed":["Strike_R"],"damage_healed":0.0,"max_hp_gain":0.0,"max_hp_loss":0.0,"gold_gain":0.0,"event_name":"The Cleric","player_choice":"Card Removal","floor":3.0,"gold_loss":50.0,"damage_taken":0.0}],"is_beta":false,"boss_relics":[],"items_purged_floors":[],"is_endless":false,"potions_floor_spawned":[5],"killed_by":"Lagavulin","ascension_level":11}}