{"host":"6bsan6hkua32tfq7","time":1608251218,"event":{"mods":["BaseMod","Better Third Choice","Colored Map","Highlight Path","Minty Spire (QoL Compilation)","StSLib"],"gold_per_floor":[110,35,35,35,35,35,73,73,141,177,198,221,257,272,272,361,361,380,414,300,323,223,223,266,287,314,22,61,61,61,74,74,164,164,188,27,52,65,65,65,96,96,119,150,0,20,20,35,35,35,35,35,35,35,70,70,70],"floor_reached":56,"playtime":9216,"items_purged":["Defend_G","Strike_G","Strike_G","Defend_G"],"score":2172,"play_id":"8467ff54-52cb-4727-9fe7-c61d22507e5d","local_time":"20201218012658","is_ascension_mode":true,"campfire_choices":[{"data":"Neutralize","floor":6.0,"key":"SMITH"},{"data":"Cloak And Dagger","floor":8.0,"key":"SMITH"},{"floor":15,"key":"REST"},{"floor":23,"key":"REST"},{"data":"Strike_G","floor":30,"key":"PURGE"},{"data":"Wraith Form v2","floor":32,"key":"SMITH"},{"floor":40,"key":"RECALL"},{"data":"Strike_G","floor":42,"key":"PURGE"},{"floor":49,"key":"REST"},{"data":"Well Laid Plans","floor":53,"key":"SMITH"}],"circlet_count":0,"master_deck":["AscendersBane","Defend_G","Defend_G","Defend_G","Survivor","Neutralize+1","Underhanded Strike","Cloak And Dagger+1","Dagger Spray","Deflect","Concentrate","Blade Dance","Burst","Deflect","Endless Agony","Wraith Form v2+1","Blade Dance","Glass Knife","PiercingWail","Tools of the Trade","Well Laid Plans+1","Blur","Calculated Gamble"],"relics":["Ring of the Snake","NeowsBlessing","Dead Branch","Golden Idol","Toy Ornithopter","InkBottle","Peace Pipe","Gremlin Horn","Philosopher\u0027s Stone","Red Mask","Orichalcum","Mercury Hourglass","Lee\u0027s Waffle","Omamori","Cursed Key","OrangePellets","Tough Bandages","Pen Nib","Bronze Scales","Anchor"],"acts_visited":["Exordium","TheCity","TheBeyond","TheEnding"],"potions_floor_usage":[14,19,33,38,46,51,56],"damage_taken":[{"damage":0.0,"enemies":"2 Louse","floor":1.0,"turns":1.0},{"damage":0.0,"enemies":"Lagavulin","floor":7.0,"turns":1.0},{"damage":0.0,"enemies":"Gremlin Nob","floor":10.0,"turns":1.0},{"damage":0.0,"enemies":"Jaw Worm","floor":11.0,"turns":4.0},{"damage":0.0,"enemies":"Cultist","floor":12.0,"turns":4.0},{"damage":24.0,"enemies":"Lagavulin","floor":13.0,"turns":6.0},{"damage":13,"enemies":"Exordium Thugs","floor":14,"turns":3},{"damage":20,"enemies":"Slime Boss","floor":16,"turns":8},{"damage":14,"enemies":"Chosen","floor":18,"turns":5},{"damage":0,"enemies":"Masked Bandits","floor":19,"turns":1},{"damage":9,"enemies":"3 Byrds","floor":21,"turns":3},{"damage":15,"enemies":"Book of Stabbing","floor":24,"turns":4},{"damage":0,"enemies":"Sentry and Sphere","floor":25,"turns":4},{"damage":0,"enemies":"Gremlin Leader","floor":28,"turns":2},{"damage":0,"enemies":"Chosen and Byrds","floor":31,"turns":3},{"damage":9,"enemies":"Automaton","floor":33,"turns":6},{"damage":0,"enemies":"3 Shapes","floor":35,"turns":2},{"damage":0,"enemies":"Orb Walker","floor":37,"turns":3},{"damage":4,"enemies":"Sphere and 2 Shapes","floor":38,"turns":3},{"damage":0,"enemies":"Reptomancer","floor":41,"turns":5},{"damage":36,"enemies":"Nemesis","floor":44,"turns":7},{"damage":3,"enemies":"Writhing Mass","floor":46,"turns":7},{"damage":0,"enemies":"Jaw Worm Horde","floor":48,"turns":1},{"damage":28,"enemies":"Time Eater","floor":50,"turns":11},{"damage":13,"enemies":"Donu and Deca","floor":51,"turns":4},{"damage":52,"enemies":"Shield and Spear","floor":55,"turns":6},{"damage":14,"enemies":"The Heart","floor":56,"turns":8}],"seed_played":"-2814298586754038779","potions_obtained":[{"floor":7.0,"key":"Fruit Juice"},{"floor":13.0,"key":"Swift Potion"},{"floor":14,"key":"DistilledChaos"},{"floor":16,"key":"BlessingOfTheForge"},{"floor":28,"key":"AttackPotion"},{"floor":33,"key":"CunningPotion"},{"floor":38,"key":"SneckoOil"},{"floor":41,"key":"Strength Potion"},{"floor":55,"key":"ColorlessPotion"}],"is_trial":false,"path_per_floor":["M","$","?","?","?","R","E","R","T","E","M","M","E","M","R","B",null,"M","?","?","M","$","R","E","M","T","$","E","?","R","M","R","B",null,"M","$","M","M","?","R","E","R","T","E","$","M","$","M","R","B","B",null,"R","$","E","B"],"character_chosen":"THE_SILENT","items_purchased":["Lee\u0027s Waffle","OrangePellets"],"campfire_rested":3,"item_purchase_floors":[27,36],"current_hp_per_floor":[59,59,48,48,48,48,48,48,48,48,48,48,24,21,40,20,54,40,45,45,36,36,55,40,40,40,72,72,72,72,72,72,63,70,70,70,70,68,68,68,68,68,68,32,32,34,34,34,55,27,19,59,59,59,7,0,0],"gold":70,"neow_bonus":"THREE_ENEMY_KILL","is_daily":false,"chose_seed":false,"campfire_upgraded":4,"win_rate":0.0,"timestamp":1608251218,"path_taken":["M","$","?","?","?","R","E","R","T","E","?","M","E","?","R","BOSS","M","?","?","M","$","R","E","?","T","$","E","?","R","?","R","BOSS","M","?","M","M","?","R","E","R","T","E","$","M","?","M","R","BOSS","BOSS","R","$","E","BOSS"],"items_purchased_type":["Relic","Relic"],"build_version":"2020-12-13","purchased_purges":4,"victory":false,"max_hp_per_floor":[66,66,66,60,60,60,60,60,60,60,60,60,60,65,65,65,65,65,65,65,65,65,65,65,65,65,72,72,72,72,72,72,72,72,72,72,72,72,72,72,72,72,72,72,72,72,72,72,72,72,72,72,72,72,72,72,72],"card_choices":[{"not_picked":["Deadly Poison","Bane"],"picked":"Underhanded Strike","floor":1.0},{"not_picked":["Caltrops","Dodge and Roll"],"picked":"Cloak And Dagger","floor":7.0},{"not_picked":["Bane","Catalyst"],"picked":"Dagger Spray","floor":10.0},{"not_picked":["Tools of the Trade","Deadly Poison"],"picked":"Deflect","floor":11.0},{"not_picked":["Dash","Flying Knee","Finisher"],"picked":"SKIP","floor":12.0},{"not_picked":["Bane","Backflip"],"picked":"Concentrate","floor":13.0},{"not_picked":["Poisoned Stab","PiercingWail"],"picked":"Blade Dance","floor":14},{"not_picked":["Tools of the Trade","Night Terror"],"picked":"Burst","floor":16},{"not_picked":["Setup","Caltrops"],"picked":"Deflect","floor":18},{"not_picked":["Blade Dance","Setup+1"],"picked":"Endless Agony","floor":19},{"not_picked":["Sucker Punch","Dagger Spray","Prepared"],"picked":"SKIP","floor":21},{"not_picked":["Blur","Poisoned Stab+1"],"picked":"Wraith Form v2","floor":24},{"not_picked":["Outmaneuver","Prepared"],"picked":"Blade Dance","floor":25},{"not_picked":["Distraction","Flying Knee","Predator"],"picked":"SKIP","floor":28},{"not_picked":["Quick Slash","Backflip"],"picked":"PiercingWail","floor":31},{"not_picked":["Bullet Time","Envenom"],"picked":"Tools of the Trade","floor":33},{"not_picked":["Poisoned Stab","Infinite Blades","Acrobatics"],"picked":"SKIP","floor":35},{"not_picked":["Blade Dance","Cloak And Dagger","Dagger Spray"],"picked":"SKIP","floor":37},{"not_picked":["Acrobatics+1","A Thousand Cuts","Dagger Spray"],"picked":"SKIP","floor":38},{"not_picked":["Heel Hook","Dagger Spray","Leg Sweep+1"],"picked":"SKIP","floor":41},{"not_picked":["Heel Hook","Dagger Spray","Leg Sweep+1"],"picked":"SKIP","floor":41},{"not_picked":["Prepared","Terror"],"picked":"Well Laid Plans","floor":44},{"not_picked":["Sucker Punch+1","Choke+1"],"picked":"Blur","floor":46},{"not_picked":["Riddle With Holes","Dagger Throw","Underhanded Strike"],"picked":"SKIP","floor":48},{"not_picked":["Flying Knee","Bane+1"],"picked":"Calculated Gamble","floor":55}],"player_experience":5188487,"relics_obtained":[{"floor":7.0,"key":"Toy Ornithopter"},{"floor":9.0,"key":"InkBottle"},{"floor":10.0,"key":"Peace Pipe"},{"floor":13.0,"key":"Gremlin Horn"},{"floor":19,"key":"Red Mask"},{"floor":24,"key":"Mercury Hourglass"},{"floor":28,"key":"Omamori"},{"floor":41,"key":"Tough Bandages"},{"floor":43,"key":"Pen Nib"},{"floor":44,"key":"Bronze Scales"},{"floor":55,"key":"Anchor"}],"event_choices":[{"damage_healed":0.0,"max_hp_gain":0.0,"max_hp_loss":0.0,"gold_gain":0.0,"event_name":"betterThird:BetterScrap","player_choice":"Relic ","floor":3.0,"gold_loss":0.0,"damage_taken":11.0,"cards_obtained":["Flame Barrier"]},{"damage_healed":0.0,"max_hp_gain":0.0,"max_hp_loss":6.0,"gold_gain":0.0,"event_name":"Golden Idol","player_choice":"Lose Max HP","floor":4.0,"gold_loss":0.0,"damage_taken":0.0,"relics_obtained":["Golden Idol"]},{"damage_healed":0.0,"max_hp_gain":0.0,"max_hp_loss":0.0,"gold_gain":0.0,"event_name":"betterThird:BetterSerpent","player_choice":"Ignored","floor":5.0,"gold_loss":0.0,"damage_taken":35.0},{"damage_healed":0,"gold_gain":0,"player_choice":"Fought Bandits","damage_taken":0,"max_hp_gain":0,"max_hp_loss":0,"event_name":"Masked Bandits","floor":19,"gold_loss":0},{"damage_healed":0,"gold_gain":0,"player_choice":"Paid Gold","damage_taken":0,"relics_obtained":["Orichalcum"],"max_hp_gain":0,"max_hp_loss":0,"event_name":"WeMeetAgain","floor":20,"gold_loss":114},{"damage_healed":0,"gold_gain":0,"cards_transformed":["Strike_G"],"player_choice":"Transformed","damage_taken":0,"max_hp_gain":0,"max_hp_loss":0,"event_name":"Transmorgrifier","floor":29,"gold_loss":0,"cards_obtained":["Glass Knife"]},{"damage_healed":0,"gold_gain":0,"player_choice":"Memory 1","damage_taken":0,"max_hp_gain":0,"max_hp_loss":0,"event_name":"SensoryStone","floor":39,"gold_loss":0}],"is_beta":false,"boss_relics":[{"not_picked":["Black Star","Runic Dome"],"picked":"Philosopher\u0027s Stone"},{"not_picked":["Sozu","SacredBark"],"picked":"Cursed Key"}],"items_purged_floors":[2,22,27,45],"is_endless":false,"potions_floor_spawned":[7,13,14,16,28,31,33,38,41,44,55],"killed_by":"The Heart","ascension_level":20}}