{"host":"2461dio7vetlq1z3","time":1608273695,"event":{"mods":["2.2 Compatiblity","AchievementEnabler","BaseMod","Better Third Choice","Hermit","Minty Spire (QoL Compilation)","Relic Stats","Spicy Shops","StSLib","The Animator","Waifu the Spire"],"gold_per_floor":[117,117,130,141,141,175,189,214,214,214,243,243,257,182,182,253,253,268,27,27,27,43,43,73,73,73,108,108,141,160,79,79,79,79],"floor_reached":33,"playtime":1360,"items_purged":["Shame"],"score":733,"play_id":"3ed7f42c-130b-4c8c-ad14-083298d9f3fd","local_time":"20201218074135","is_ascension_mode":true,"campfire_choices":[{"floor":10,"key":"REST"},{"data":"Noxious Fumes","floor":15,"key":"SMITH"},{"floor":23,"key":"REST"},{"floor":25,"key":"REST"},{"floor":28,"key":"REST"},{"data":"Calculated Gamble","floor":32,"key":"SMITH"}],"circlet_count":0,"master_deck":["AscendersBane","Defend_G","Defend_G","Defend_G","Defend_G","Survivor","Neutralize","Poisoned Stab","Quick Slash+1","Bane","Deadly Poison","Leg Sweep","Footwork","Deflect","Venomology","Deadly Poison","Noxious Fumes+1","Storm of Steel","Masterful Stab+1","Flechettes+1","Sucker Punch+1","Ghostly","Ghostly","Ghostly","Escape Plan","Expertise","animator:Curse_GriefSeed","Dagger Throw+1","Dagger Throw","Burst","Calculated Gamble+1"],"relics":["Cursed Key","Dream Catcher","Blue Candle","Calipers","Tough Bandages","Astrolabe","TwistedFunnel","Singing Bowl","Centennial Puzzle","Tingsha","Whetstone"],"acts_visited":["Exordium","TheCity"],"potions_floor_usage":[8,11,11,13,18,18,24,27,29,29,30],"damage_taken":[{"damage":0,"enemies":"2 Louse","floor":1,"turns":3},{"damage":0,"enemies":"Cultist","floor":3,"turns":4},{"damage":1,"enemies":"Small Slimes","floor":4,"turns":3},{"damage":22,"enemies":"3 Sentries","floor":6,"turns":10},{"damage":6,"enemies":"Looter","floor":7,"turns":3},{"damage":8,"enemies":"Lagavulin","floor":8,"turns":7},{"damage":2,"enemies":"3 Sentries","floor":11,"turns":8},{"damage":21,"enemies":"Large Slime","floor":13,"turns":7},{"damage":1,"enemies":"The Guardian","floor":16,"turns":10},{"damage":22,"enemies":"2 Thieves","floor":18,"turns":4},{"damage":8,"enemies":"3 Byrds","floor":22,"turns":5},{"damage":10,"enemies":"Slavers","floor":24,"turns":7},{"damage":2,"enemies":"Gremlin Leader","floor":27,"turns":6},{"damage":2,"enemies":"Book of Stabbing","floor":29,"turns":4},{"damage":1,"enemies":"Snecko","floor":30,"turns":6},{"damage":39,"enemies":"Collector","floor":33,"turns":6}],"seed_played":"-8066998568578859860","potions_obtained":[{"floor":3,"key":"CultistPotion"},{"floor":7,"key":"DistilledChaos"},{"floor":8,"key":"Ancient Potion"},{"floor":24,"key":"Poison Potion"},{"floor":27,"key":"FearPotion"},{"floor":29,"key":"EssenceOfSteel"}],"is_trial":false,"path_per_floor":["M","?","M","M","?","E","M","E","T","R","E","?","M","?","R","B",null,"M","$","?","?","M","R","E","R","T","E","R","E","M","$","R","B"],"character_chosen":"THE_SILENT","items_purchased":["TwistedFunnel","Calculated Gamble"],"campfire_rested":4,"item_purchase_floors":[19,31],"current_hp_per_floor":[59,59,59,58,66,44,38,30,30,49,47,47,26,26,26,25,56,34,34,16,16,8,18,8,20,20,18,29,29,28,28,28,0,0],"gold":79,"neow_bonus":"BOSS_RELIC","is_daily":false,"chose_seed":false,"campfire_upgraded":2,"win_rate":0.0,"timestamp":1608273695,"path_taken":["M","?","?","M","?","E","?","E","T","R","E","?","M","?","R","BOSS","M","$","?","?","M","R","E","R","T","E","R","E","M","$","R","BOSS"],"items_purchased_type":["Relic","Card"],"build_version":"2020-12-13","purchased_purges":1,"victory":false,"max_hp_per_floor":[66,66,66,66,66,66,66,66,66,66,66,66,66,66,66,66,66,66,66,71,35,35,35,35,37,37,37,37,39,39,39,39,39,39],"relic_stats":{"Dream Catcher":4,"Tough Bandages":[99],"Centennial Puzzle":[12],"Singing Bowl":4,"counters":[16,93],"Blue Candle":[6],"Astrolabe":["Masterful Stab","Flechettes","Sucker Punch"],"Tingsha":[51],"Whetstone":["Quick Slash","Dagger Throw"],"Cursed Key":2,"obtain_stats":[{"TwistedFunnel":19,"Dream Catcher":6,"Tough Bandages":11,"Centennial Puzzle":26,"Calipers":9,"Singing Bowl":24,"Blue Candle":8,"Astrolabe":17,"Tingsha":27,"Whetstone":29,"Cursed Key":0,"Ring of the Snake":0},{"TwistedFunnel":10,"Dream Catcher":4,"Tough Bandages":7,"Centennial Puzzle":12,"Calipers":6,"Singing Bowl":12,"Blue Candle":6,"Astrolabe":9,"Tingsha":13,"Whetstone":14,"Cursed Key":0,"Ring of the Snake":0},{"TwistedFunnel":59,"Dream Catcher":20,"Tough Bandages":38,"Centennial Puzzle":71,"Calipers":30,"Singing Bowl":71,"Blue Candle":30,"Astrolabe":55,"Tingsha":77,"Whetstone":81,"Cursed Key":0,"Ring of the Snake":0}]},"card_choices":[{"not_picked":["Flying Knee","Dodge and Roll"],"picked":"Poisoned Stab","floor":1},{"not_picked":["Dagger Spray","Well Laid Plans"],"picked":"Bane","floor":3},{"not_picked":["Backflip","Outmaneuver"],"picked":"Deadly Poison","floor":4},{"not_picked":["Tools of the Trade","PiercingWail"],"picked":"Leg Sweep","floor":6},{"not_picked":["Blade Dance","Dodge and Roll"],"picked":"Footwork","floor":7},{"not_picked":["Flying Knee","Sucker Punch"],"picked":"Deflect","floor":8},{"not_picked":["Dagger Throw","Blade Dance"],"picked":"Venomology","floor":10},{"not_picked":["Accuracy","Blade Dance"],"picked":"Deadly Poison","floor":11},{"not_picked":["Backstab","Underhanded Strike"],"picked":"Noxious Fumes","floor":13},{"not_picked":["After Image","Adrenaline"],"picked":"Storm of Steel","floor":16},{"not_picked":["Cloak And Dagger","Slice","Backstab"],"picked":"SKIP","floor":18},{"not_picked":["Prepared","Skewer"],"picked":"Escape Plan","floor":22},{"not_picked":["Underhanded Strike","Dagger Throw"],"picked":"Expertise","floor":24},{"not_picked":["Masterful Stab","Blur","Distraction"],"picked":"Singing Bowl","floor":25},{"not_picked":["Blade Dance+1","Eviscerate"],"picked":"Dagger Throw","floor":27},{"not_picked":["Tactician","Slice"],"picked":"Dagger Throw","floor":28},{"not_picked":["Underhanded Strike","Slice","Dagger Spray"],"picked":"Singing Bowl","floor":29},{"not_picked":["Quick Slash+1","PiercingWail"],"picked":"Burst","floor":30}],"player_experience":794612,"relics_obtained":[{"floor":6,"key":"Dream Catcher"},{"floor":8,"key":"Blue Candle"},{"floor":9,"key":"Calipers"},{"floor":11,"key":"Tough Bandages"},{"floor":24,"key":"Singing Bowl"},{"floor":26,"key":"Centennial Puzzle"},{"floor":27,"key":"Tingsha"},{"floor":29,"key":"Whetstone"}],"event_choices":[{"damage_healed":0,"gold_gain":0,"cards_transformed":["Strike_G"],"player_choice":"Transformed","damage_taken":0,"max_hp_gain":0,"max_hp_loss":0,"event_name":"Transmorgrifier","floor":2,"gold_loss":0,"cards_obtained":["Quick Slash"]},{"damage_healed":8,"gold_gain":0,"player_choice":"Full Heal","damage_taken":0,"max_hp_gain":0,"max_hp_loss":0,"event_name":"Wheel of Change","floor":5,"gold_loss":0},{"cards_removed":["Strike_G"],"damage_healed":0,"gold_gain":0,"player_choice":"Forget","damage_taken":0,"max_hp_gain":0,"max_hp_loss":0,"event_name":"Living Wall","floor":12,"gold_loss":0},{"cards_removed":["Strike_G"],"damage_healed":0,"gold_gain":0,"player_choice":"Card Removal","damage_taken":0,"max_hp_gain":0,"max_hp_loss":0,"event_name":"The Cleric","floor":14,"gold_loss":75},{"damage_healed":0,"gold_gain":0,"player_choice":"Shed Blood","damage_taken":23,"max_hp_gain":5,"max_hp_loss":0,"event_name":"Forgotten Altar","floor":20,"gold_loss":0},{"damage_healed":0,"gold_gain":0,"player_choice":"Became a Ghost","damage_taken":0,"max_hp_gain":0,"max_hp_loss":36,"event_name":"Ghosts","floor":21,"gold_loss":0,"cards_obtained":["Ghostly","Ghostly","Ghostly"]}],"is_beta":false,"boss_relics":[{"not_picked":["Calling Bell","WristBlade"],"picked":"Astrolabe"}],"items_purged_floors":[19],"is_endless":false,"potions_floor_spawned":[3,7,8,24,27,29],"killed_by":"Collector","ascension_level":17}}