{"host":"14itbdr21u872c1w","time":1608304772,"event":{"mods":["AchievementEnabler","BaseMod","Minty Spire (QoL Compilation)","StSLib","SuperFastMode","everything is the same but u backflip on backflip"],"gold_per_floor":[113,130,145,165,165,165,190,203,230,230,230,47,71,71,71,71,71],"floor_reached":16,"playtime":271,"items_purged":["Defend_R"],"score":160,"play_id":"f74dde06-05c4-4f7b-ae07-aab7685a3a6b","local_time":"20201219001932","is_ascension_mode":true,"campfire_choices":[{"data":"Perfected Strike","floor":6,"key":"SMITH"},{"data":"Pommel Strike","floor":10,"key":"SMITH"},{"data":"Armaments","floor":15,"key":"SMITH"}],"circlet_count":0,"master_deck":["AscendersBane","Strike_R","Strike_R","Strike_R","Strike_R","Strike_R","Defend_R","Defend_R","Defend_R","Bash","Whirlwind","Perfected Strike+1","Headbutt","Pommel Strike+1","Bandage Up","Armaments+1"],"relics":["Burning Blood","Centennial Puzzle","Golden Idol"],"acts_visited":[],"potions_floor_usage":[4,16],"damage_taken":[{"damage":15,"enemies":"Small Slimes","floor":1,"turns":5},{"damage":1,"enemies":"Cultist","floor":2,"turns":3},{"damage":0,"enemies":"2 Louse","floor":3,"turns":2},{"damage":25,"enemies":"Exordium Thugs","floor":4,"turns":5},{"damage":11,"enemies":"Blue Slaver","floor":7,"turns":3},{"damage":8,"enemies":"3 Louse","floor":8,"turns":2},{"damage":10,"enemies":"2 Fungi Beasts","floor":13,"turns":3},{"damage":35,"enemies":"Hexaghost","floor":16,"turns":7}],"seed_played":"1741302259487182840","potions_obtained":[{"floor":1,"key":"Energy Potion"},{"floor":3,"key":"GamblersBrew"},{"floor":13,"key":"Energy Potion"}],"is_trial":false,"path_per_floor":["M","M","M","M","?","R","M","M","T","R","?","$","M","$","R","B"],"character_chosen":"IRONCLAD","items_purchased":["Bandage Up","Armaments"],"campfire_rested":0,"item_purchase_floors":[12,12],"current_hp_per_floor":[59,64,70,51,33,33,28,26,26,26,26,26,26,26,26,0,0],"gold":71,"neow_bonus":"RANDOM_COMMON_RELIC","is_daily":false,"chose_seed":false,"campfire_upgraded":3,"win_rate":0.0,"timestamp":1608304772,"path_taken":["M","M","M","M","?","R","M","M","T","R","?","$","?","?","R","BOSS"],"items_purchased_type":["Card","Card"],"build_version":"2020-12-13","purchased_purges":1,"victory":false,"max_hp_per_floor":[75,75,75,75,75,75,75,75,75,75,75,75,75,75,75,75,75],"card_choices":[{"not_picked":["Intimidate","Clash"],"picked":"Whirlwind","floor":1},{"not_picked":["Inflame","Burning Pact"],"picked":"Perfected Strike","floor":2},{"not_picked":["Uppercut","Metallicize","Clash"],"picked":"SKIP","floor":3},{"not_picked":["Entrench","Flex"],"picked":"Headbutt","floor":4},{"not_picked":["Body Slam","Heavy Blade","Bludgeon"],"picked":"SKIP","floor":7},{"not_picked":["Body Slam","Iron Wave"],"picked":"Pommel Strike","floor":8},{"not_picked":["Searing Blow","Intimidate","Metallicize"],"picked":"SKIP","floor":13}],"player_experience":341437,"relics_obtained":[],"event_choices":[{"damage_healed":0,"gold_gain":0,"player_choice":"Take Damage","damage_taken":18,"relics_obtained":["Golden Idol"],"max_hp_gain":0,"max_hp_loss":0,"event_name":"Golden Idol","floor":5,"gold_loss":0},{"damage_healed":0,"gold_gain":0,"player_choice":"0 cards matched","damage_taken":0,"max_hp_gain":0,"max_hp_loss":0,"event_name":"Match and Keep!","floor":11,"gold_loss":0,"cards_obtained":[]}],"is_beta":false,"boss_relics":[],"items_purged_floors":[12],"is_endless":false,"potions_floor_spawned":[1,3,13],"killed_by":"Hexaghost","ascension_level":14}}