{"host":"bbcqjedmotowk2e9","time":1608325240,"event":{"mods":["A Magickal Journey","AchievementEnabler","Aspiration","BaseMod","BetterRewards","Colored Powertips","Conspire","Energized Spire","GifTheSpireLib","Halation","Hubris","Hyrulean Relics","Minty Spire (QoL Compilation)","Permanent Neow","Quick Restart","Relic Stats","Replay The Spire","Spires And Sneckos","StSLib","Stuff the Spire","Synergy Search","The Disciple","vexMod"],"gold_per_floor":[111,130,130,130,146,179,197,226,253,253,279,279,295,315,315,413,413,413,413,413,413,174,174,174,174,174,174,174,31,31,31,31,31,31,31,31,31,31,31,31,31,31,31,31,31,31,31],"floor_reached":46,"playtime":1907,"items_purged":[],"score":719,"play_id":"21cc5dbb-2f9a-43ff-98cd-09b33df47e27","local_time":"20201219000040","is_ascension_mode":true,"campfire_choices":[{"floor":12,"key":"REST"},{"floor":15,"key":"REST"},{"data":"Phantasmal Killer","floor":24,"key":"SMITH"},{"floor":28,"key":"REST"},{"floor":32,"key":"REST"},{"floor":40,"key":"REST"},{"floor":45,"key":"REST"}],"circlet_count":0,"master_deck":["Strike_G","Strike_G","Strike_G","Strike_G","Strike_G","Defend_G","Defend_G","Defend_G","Defend_G","Defend_G","Survivor","Neutralize","Phantasmal Killer+1","Blade Dance","hubris:TrickCloak","Replay:Bag of Tricks","Blade Dance","Accuracy","Envenom","Blade Dance","Finisher+1","Deflect+1","A Thousand Cuts","conspire:DoublingDagger","StuffTheSpire:DoubleShiv+1","StuffTheSpire:DoubleShiv","PiercingWail","Atom Bomb","Dagger Throw+1","Infinite Blades+1","Noxious Fumes+1"],"relics":["Ring of the Snake","halation:StarCompass","PreservedInsect","Regal Pillow","aspiration:VileToxins","StuffTheSpire:MayFlowers","Ectoplasm","aspiration:StickyExplosives_weak","Pen Nib","Boot","Replay:WaspNest","vexMod:TimeEaterHat","Smiling Mask","Busted Crown","Turnip","hubris:Towel","Frozen Egg 2","Replay:Rubber Ducky"],"acts_visited":["Exordium","TheCity","TheBeyond"],"potions_floor_usage":[6,11,16,25,27,33,33,42,46],"damage_taken":[{"damage":4,"enemies":"conspire:RoseBush","floor":1,"turns":3},{"damage":0,"enemies":"2 Louse","floor":2,"turns":3},{"damage":5,"enemies":"Jaw Worm","floor":5,"turns":4},{"damage":9,"enemies":"Replay:BlueRogue","floor":6,"turns":5},{"damage":13,"enemies":"3 Louse","floor":7,"turns":3},{"damage":13,"enemies":"3 Sentries","floor":8,"turns":6},{"damage":7,"enemies":"Replay:BlueRogue","floor":11,"turns":3},{"damage":15,"enemies":"Looter","floor":13,"turns":4},{"damage":16,"enemies":"Lots of Slimes","floor":14,"turns":5},{"damage":26,"enemies":"Hexaghost","floor":16,"turns":5},{"damage":0,"enemies":"conspire:FuzzyDice","floor":18,"turns":6},{"damage":3,"enemies":"Chosen","floor":19,"turns":3},{"damage":19,"enemies":"Centurion and Healer","floor":21,"turns":3},{"damage":3,"enemies":"Replay:Snechameleon","floor":23,"turns":4},{"damage":12,"enemies":"Gremlin Leader","floor":25,"turns":2},{"damage":14,"enemies":"Shelled Parasite and Fungi","floor":27,"turns":4},{"damage":10,"enemies":"Book of Stabbing","floor":30,"turns":2},{"damage":11,"enemies":"conspire:HollyBat","floor":31,"turns":6},{"damage":32,"enemies":"Champ","floor":33,"turns":7},{"damage":14,"enemies":"Orb Walker","floor":35,"turns":3},{"damage":0,"enemies":"3 Shapes","floor":37,"turns":3},{"damage":27,"enemies":"Mind Bloom Boss Battle","floor":38,"turns":6},{"damage":14,"enemies":"Spire Growth","floor":42,"turns":3},{"damage":32,"enemies":"Giant Head","floor":44,"turns":6},{"damage":67,"enemies":"Transient","floor":46,"turns":5}],"seed_played":"4772882920042430639","potions_obtained":[{"floor":4,"key":"CunningPotion"},{"floor":4,"key":"Explosive Potion"},{"floor":4,"key":"Poison Potion"},{"floor":6,"key":"Swift Potion"},{"floor":14,"key":"SkillPotion"},{"floor":16,"key":"Doom Potion"},{"floor":25,"key":"Weak Potion"},{"floor":30,"key":"LiquidMemories"},{"floor":37,"key":"Ancient Potion"},{"floor":38,"key":"Toxic Potion"}],"is_trial":false,"path_per_floor":["M","M","?","?","M","E","M","E","T","?","E","R","M","M","R","B",null,"M","M","?","M","$","E","R","E","T","M","R","$","E","M","R","B",null,"M","$","M","?","$","R","?","M","T","E","R","M"],"character_chosen":"THE_SILENT","items_purchased":["aspiration:StickyExplosives_weak","vexMod:TimeEaterHat"],"campfire_rested":6,"item_purchase_floors":[22,29],"current_hp_per_floor":[59,59,59,59,54,45,32,19,19,40,33,63,48,32,63,37,57,60,57,57,38,38,35,35,23,23,9,42,42,32,24,57,31,55,41,41,41,19,19,52,52,38,38,9,42,0,0],"gold":31,"neow_bonus":"THREE_RARE_CARDS","is_daily":false,"chose_seed":false,"campfire_upgraded":1,"win_rate":0.0,"timestamp":1608325240,"path_taken":["M","M","?","?","?","E","M","E","T","?","E","R","M","M","R","BOSS","M","M","?","?","$","E","R","E","T","M","R","$","E","M","R","BOSS","M","$","M","?","?","R","?","M","T","E","R","?"],"items_purchased_type":["Relic","Relic"],"build_version":"2020-12-13","purchased_purges":0,"victory":false,"max_hp_per_floor":[63,63,63,63,63,63,63,63,63,63,63,63,63,63,63,63,63,63,63,63,63,63,63,63,63,63,63,63,63,63,63,63,63,63,63,63,63,63,63,63,63,63,63,63,63,63,63],"relic_stats":{"Regal Pillow":85,"Busted Crown":20,"counters":[25,104],"PreservedInsect":299,"Ectoplasm":560,"Pen Nib":[13],"Turnip":[0],"Boot":[33],"Smiling Mask":0,"obtain_stats":[{"aspiration:VileToxins":9,"Regal Pillow":8,"vexMod:TimeEaterHat":29,"PreservedInsect":6,"Pen Nib":23,"Replay:WaspNest":26,"hubris:Towel":41,"Frozen Egg 2":43,"halation:StarCompass":3,"Boot":25,"Smiling Mask":30,"aspiration:StickyExplosives_weak":22,"Replay:Rubber Ducky":44,"Busted Crown":34,"StuffTheSpire:MayFlowers":11,"Ectoplasm":17,"Turnip":38,"Ring of the Snake":0},{"aspiration:VileToxins":6,"Regal Pillow":6,"vexMod:TimeEaterHat":16,"PreservedInsect":4,"Pen Nib":14,"Replay:WaspNest":15,"hubris:Towel":22,"Frozen Egg 2":23,"halation:StarCompass":2,"Boot":15,"Smiling Mask":17,"aspiration:StickyExplosives_weak":13,"Replay:Rubber Ducky":24,"Busted Crown":19,"StuffTheSpire:MayFlowers":7,"Ectoplasm":10,"Turnip":22,"Ring of the Snake":0},{"aspiration:VileToxins":24,"Regal Pillow":24,"vexMod:TimeEaterHat":63,"PreservedInsect":15,"Pen Nib":57,"Replay:WaspNest":59,"hubris:Towel":90,"Frozen Egg 2":93,"halation:StarCompass":6,"Boot":59,"Smiling Mask":65,"aspiration:StickyExplosives_weak":53,"Replay:Rubber Ducky":99,"Busted Crown":78,"StuffTheSpire:MayFlowers":27,"Ectoplasm":41,"Turnip":90,"Ring of the Snake":0}],"Ring of the Snake":[50]},"card_choices":[{"not_picked":["Malaise","Wraith Form v2"],"picked":"Phantasmal Killer","floor":0},{"not_picked":["Acrobatics","Flying Knee"],"picked":"Blade Dance","floor":1},{"not_picked":["Hidden Blade","Dagger Spray","Dagger Throw"],"picked":"SKIP","floor":2},{"not_picked":["Cloak And Dagger","Prepared","Reflex"],"picked":"SKIP","floor":5},{"not_picked":["StuffTheSpire:Python","Prepared"],"picked":"hubris:TrickCloak","floor":6},{"not_picked":["Bane","Underhanded Strike"],"picked":"Replay:Bag of Tricks","floor":7},{"not_picked":["Masterful Stab","Heel Hook"],"picked":"Blade Dance","floor":8},{"not_picked":["StuffTheSpire:Shiver","Fluid Movement","ReplayTheSpireMod:The Works"],"picked":"SKIP","floor":11},{"not_picked":["Sucker Punch","Heel Hook","Outmaneuver"],"picked":"SKIP","floor":13},{"not_picked":["StuffTheSpire:Injection","PiercingWail"],"picked":"Accuracy","floor":14},{"not_picked":["ReplayTheSpireMod:From All Sides","After Image"],"picked":"Envenom","floor":16},{"not_picked":["Poisoned Stab","Slice"],"picked":"Blade Dance","floor":18},{"not_picked":["Deadly Poison","hubris:SlightOfHand"],"picked":"Finisher+1","floor":19},{"not_picked":["StuffTheSpire:ClusterCrunch","Flying Knee"],"picked":"Deflect+1","floor":21},{"not_picked":["Prepared+1","Heel Hook+1"],"picked":"A Thousand Cuts","floor":23},{"not_picked":["StuffTheSpire:BumpUp","Sucker Punch"],"picked":"conspire:DoublingDagger","floor":25},{"not_picked":["Underhanded Strike","Quick Slash"],"picked":"StuffTheSpire:DoubleShiv+1","floor":27},{"not_picked":["Replay:Poison Smokescreen","ReplayTheSpireMod:Speed Training"],"picked":"StuffTheSpire:DoubleShiv","floor":30},{"not_picked":["Sneak Up","Riddle With Holes"],"picked":"PiercingWail","floor":31},{"not_picked":["Tools of the Trade","Phantasmal Killer"],"picked":"Atom Bomb","floor":33},{"not_picked":[],"picked":"Dagger Throw+1","floor":35},{"not_picked":["Dagger Throw+1"],"picked":"SKIP","floor":37},{"not_picked":[],"picked":"Infinite Blades+1","floor":42},{"not_picked":[],"picked":"Noxious Fumes+1","floor":44}],"player_experience":528759,"relics_obtained":[{"floor":6,"key":"PreservedInsect"},{"floor":8,"key":"Regal Pillow"},{"floor":9,"key":"aspiration:VileToxins"},{"floor":11,"key":"StuffTheSpire:MayFlowers"},{"floor":23,"key":"Pen Nib"},{"floor":25,"key":"Boot"},{"floor":26,"key":"Replay:WaspNest"},{"floor":30,"key":"Smiling Mask"},{"floor":38,"key":"Turnip"},{"floor":43,"key":"Frozen Egg 2"},{"floor":44,"key":"Replay:Rubber Ducky"}],"event_choices":[{"damage_healed":0,"gold_gain":0,"player_choice":"Got Potions","damage_taken":0,"max_hp_gain":0,"max_hp_loss":0,"event_name":"Lab","floor":4,"gold_loss":0},{"damage_healed":21,"gold_gain":0,"player_choice":"Banana","damage_taken":0,"max_hp_gain":0,"max_hp_loss":0,"event_name":"Big Fish","floor":10,"gold_loss":0},{"damage_healed":0,"gold_gain":100,"player_choice":"Pray","damage_taken":0,"max_hp_gain":0,"max_hp_loss":0,"event_name":"Golden Shrine","floor":20,"gold_loss":0},{"damage_healed":0,"gold_gain":0,"player_choice":"Fight","damage_taken":0,"max_hp_gain":0,"max_hp_loss":0,"event_name":"MindBloom","floor":38,"gold_loss":0}],"is_beta":false,"boss_relics":[{"not_picked":["vexMod:FluxCapacitor","halation:SmartPhone"],"picked":"Ectoplasm"},{"not_picked":["ChewingGum","halation:MonkeysPaw"],"picked":"Busted Crown"}],"items_purged_floors":[],"is_endless":false,"potions_floor_spawned":[5,6,14,16,21,23,25,30,31,37,38],"killed_by":"Transient","ascension_level":6}}