{"host":"k5dhp0bkccqfauyu","time":1608265419,"event":{"mods":["BaseMod","Better Note","Better Skull","Better Vampires","Colored Map","Colored Powertips","DeckTracker","Minty Spire (QoL Compilation)","Permanent Neow","StSLib","SuperFastMode"],"gold_per_floor":[112,130,130,147,147,177,177,6,57,84,84,112,25,36,36,114,114,131,131,331,344,361,361,361],"floor_reached":23,"playtime":791,"items_purged":[],"score":448,"play_id":"9ecaefe4-3242-4635-b9ac-27ec842efdbd","local_time":"20201218152339","is_ascension_mode":true,"campfire_choices":[{"floor":7,"key":"REST"},{"floor":11,"key":"REST"},{"data":"Eruption","floor":15,"key":"SMITH"}],"circlet_count":0,"master_deck":["AscendersBane","Strike_P","Strike_P","Strike_P","Strike_P","Defend_P","Defend_P","Defend_P","Eruption+1","Vigilance","Adaptation","FlurryOfBlows","Indignation","DevaForm","ThirdEye","Scrawl","Tantrum","Blasphemy","Meditate","DeceiveReality+1","EmptyFist"],"relics":["SlaversCollar","Damaru","TheAbacus","Oddly Smooth Stone","Odd Mushroom","Orichalcum","VioletLotus"],"acts_visited":["Exordium","TheCity"],"potions_floor_usage":[6,12,21,22],"damage_taken":[{"damage":1,"enemies":"Cultist","floor":1,"turns":4},{"damage":3,"enemies":"2 Louse","floor":2,"turns":4},{"damage":13,"enemies":"Small Slimes","floor":4,"turns":5},{"damage":35,"enemies":"3 Sentries","floor":6,"turns":6},{"damage":10,"enemies":"The Mushroom Lair","floor":10,"turns":4},{"damage":0,"enemies":"Lagavulin","floor":12,"turns":4},{"damage":0,"enemies":"Exordium Wildlife","floor":14,"turns":4},{"damage":4,"enemies":"The Guardian","floor":16,"turns":9},{"damage":16,"enemies":"Spheric Guardian","floor":18,"turns":4},{"damage":6,"enemies":"3 Byrds","floor":21,"turns":5},{"damage":28,"enemies":"Snake Plant","floor":22,"turns":4},{"damage":12,"enemies":"Slavers","floor":23,"turns":2}],"seed_played":"-5605319012611636411","potions_obtained":[{"floor":2,"key":"Energy Potion"},{"floor":6,"key":"AttackPotion"},{"floor":12,"key":"Block Potion"},{"floor":21,"key":"GamblersBrew"},{"floor":22,"key":"Ancient Potion"}],"is_trial":false,"path_per_floor":["M","M","?","M","?","E","R","$","T","?","R","E","$","M","R","B",null,"M","?","?","M","M","E"],"character_chosen":"WATCHER","items_purchased":["TheAbacus","Scrawl"],"campfire_rested":2,"item_purchase_floors":[8,13],"current_hp_per_floor":[60,57,57,44,37,2,22,22,22,12,32,32,32,32,32,28,58,42,42,42,36,8,0,0],"gold":361,"neow_bonus":"BOSS_RELIC","is_daily":false,"chose_seed":false,"campfire_upgraded":1,"win_rate":0.0,"timestamp":1608265419,"path_taken":["M","?","?","M","?","E","R","?","T","?","R","E","$","?","R","BOSS","M","?","?","?","M","E"],"items_purchased_type":["Relic","Card"],"build_version":"2020-12-13","purchased_purges":0,"victory":false,"max_hp_per_floor":[68,68,68,68,68,68,68,68,68,68,68,68,68,68,68,68,68,68,68,68,68,68,68,68],"card_choices":[{"not_picked":["FlurryOfBlows","ThirdEye"],"picked":"Adaptation","floor":1},{"not_picked":["FlyingSleeves","BattleHymn"],"picked":"FlurryOfBlows","floor":2},{"not_picked":["JustLucky","ForeignInfluence"],"picked":"Indignation","floor":4},{"not_picked":["Swivel","Worship"],"picked":"DevaForm","floor":6},{"not_picked":["Halt","SashWhip"],"picked":"ThirdEye","floor":10},{"not_picked":["Study","BowlingBash","ThirdEye"],"picked":"SKIP","floor":12},{"not_picked":["BattleHymn","CrushJoints"],"picked":"Tantrum","floor":14},{"not_picked":["Ragnarok","Brilliance"],"picked":"Blasphemy","floor":16},{"not_picked":["CrushJoints","Perseverance","WaveOfTheHand"],"picked":"SKIP","floor":18},{"not_picked":["Vengeance","Evaluate"],"picked":"DeceiveReality+1","floor":21},{"not_picked":["Crescendo","Evaluate"],"picked":"EmptyFist","floor":22}],"player_experience":1775706,"relics_obtained":[{"floor":6,"key":"Damaru"},{"floor":9,"key":"Oddly Smooth Stone"},{"floor":10,"key":"Odd Mushroom"},{"floor":12,"key":"Orichalcum"}],"event_choices":[{"damage_healed":0,"gold_gain":0,"player_choice":"Ignored","damage_taken":0,"max_hp_gain":0,"max_hp_loss":0,"event_name":"Liars Game","floor":3,"gold_loss":0},{"cards_removed":["Defend_P"],"damage_healed":0,"gold_gain":0,"player_choice":"Card Removal","damage_taken":7,"max_hp_gain":0,"max_hp_loss":0,"event_name":"Golden Wing","floor":5,"gold_loss":0},{"damage_healed":0,"gold_gain":0,"player_choice":"Fought Mushrooms","damage_taken":0,"max_hp_gain":0,"max_hp_loss":0,"event_name":"Mushrooms","floor":10,"gold_loss":0},{"damage_healed":0,"gold_gain":0,"player_choice":"Read","damage_taken":0,"max_hp_gain":0,"max_hp_loss":0,"event_name":"The Library","floor":19,"gold_loss":0,"cards_obtained":["Meditate"]},{"damage_healed":0,"gold_gain":200,"player_choice":"Gold","damage_taken":0,"max_hp_gain":0,"max_hp_loss":0,"event_name":"Wheel of Change","floor":20,"gold_loss":0}],"is_beta":false,"boss_relics":[{"not_picked":["Cursed Key","Calling Bell"],"picked":"VioletLotus"}],"items_purged_floors":[],"is_endless":false,"potions_floor_spawned":[2,6,12,21,22],"killed_by":"Slavers","ascension_level":20}}