{"host":"y89x8uui45kcjy42","time":1608251304,"event":{"mods":["2.2 Compatiblity","BaseMod","CapriCore","Colored Map","Colored Powertips","Custom Start","Friendly Minions","Highlight Path","Keyboard Shortcuts","Koishi","Minty Spire (QoL Compilation)","Relic Stats","Slay the Relics Exporter","StSLib","SuperFastMode","Waifu the Spire"],"gold_per_floor":[115,40,60,75,75,75,75,75],"floor_reached":7,"playtime":209,"items_purged":["Koishi:BasicStrike"],"score":45,"play_id":"94376135-d0ad-4e93-a4dc-e901263640a7","local_time":"20201218092824","is_ascension_mode":true,"campfire_choices":[{"data":"Koishi:HeartStoppingHorror","floor":6,"key":"SMITH"}],"circlet_count":0,"master_deck":["Koishi:BasicStrike","Koishi:BasicStrike","Koishi:BasicStrike","Koishi:BasicDefend","Koishi:BasicDefend","Koishi:BasicDefend","Koishi:BasicDefend","Koishi:Provoke","Koishi:HauntingSlash","Koishi:HeartStoppingHorror+1","Koishi:ParalyzingFear","Koishi:StingingMind","Koishi:BloodcurdlingScream"],"relics":["Koishi:ImaginaryFriend"],"acts_visited":["Exordium"],"potions_floor_usage":[],"damage_taken":[{"damage":6,"enemies":"Cultist","floor":1,"turns":5},{"damage":7,"enemies":"Jaw Worm","floor":3,"turns":5},{"damage":22,"enemies":"Small Slimes","floor":4,"turns":4},{"damage":37,"enemies":"3 Sentries","floor":7,"turns":4}],"seed_played":"-930812701375656672","potions_obtained":[],"is_trial":false,"path_per_floor":["M","$","M","M","?","R","E"],"character_chosen":"KOISHI","items_purchased":[],"campfire_rested":0,"item_purchase_floors":[],"current_hp_per_floor":[38,38,34,13,33,33,0,0],"gold":75,"neow_bonus":"THREE_RARE_CARDS","is_daily":false,"chose_seed":false,"campfire_upgraded":1,"win_rate":0.0,"timestamp":1608251304,"path_taken":["M","?","M","M","?","R","E"],"items_purchased_type":[],"build_version":"2020-12-13","purchased_purges":1,"victory":false,"max_hp_per_floor":[60,60,60,60,60,60,60,60],"relic_stats":{"counters":[4,18],"obtain_stats":[{"Koishi:ImaginaryFriend":0},{"Koishi:ImaginaryFriend":0},{"Koishi:ImaginaryFriend":0}]},"card_choices":[{"not_picked":["Koishi:FormlessExistence","Koishi:RollingInRichesHeart"],"picked":"Koishi:HeartStoppingHorror","floor":0},{"not_picked":["Koishi:Jaunt","Koishi:HeartfeltFancy"],"picked":"Koishi:ParalyzingFear","floor":1},{"not_picked":["Koishi:Jaunt","Koishi:Heartbroken"],"picked":"Koishi:StingingMind","floor":3},{"not_picked":["Koishi:ParalyzingFear","Koishi:FleetingPhantom"],"picked":"Koishi:BloodcurdlingScream","floor":4}],"player_experience":508222,"relics_obtained":[],"event_choices":[{"damage_healed":20,"gold_gain":0,"player_choice":"Banana","damage_taken":0,"max_hp_gain":0,"max_hp_loss":0,"event_name":"Big Fish","floor":5,"gold_loss":0}],"is_beta":false,"boss_relics":[],"items_purged_floors":[2],"is_endless":false,"potions_floor_spawned":[],"killed_by":"3 Sentries","ascension_level":2}}