{"host":"f5gffvlv6a66yqkd","time":1608313567,"event":{"mods":["2.2 Compatiblity","BaseMod","Colored Map","DeckTracker","Keyboard Shortcuts","Minty Spire (QoL Compilation)","Permanent Neow","Quick Restart","Relic Stats","StSLib","SuperFastMode"],"gold_per_floor":[115,129,140,158,175,200,200,219,266,286,286,69,95,125,125,204,204,222,222,241,241,252,252,252,266,289,289,71,82,94,94,94,94,94],"floor_reached":33,"playtime":1016,"items_purged":["Strike_G","Strike_G"],"score":502,"play_id":"fbe37d7d-63bb-4637-887a-f0ba399bc625","local_time":"20201219024607","is_ascension_mode":true,"campfire_choices":[{"data":"Noxious Fumes","floor":7.0,"key":"SMITH"},{"data":"Tactician","floor":11.0,"key":"SMITH"},{"data":"Footwork","floor":15.0,"key":"SMITH"},{"data":"Acrobatics","floor":23.0,"key":"SMITH"},{"data":"Reflex","floor":27.0,"key":"SMITH"},{"floor":32,"key":"REST"}],"circlet_count":0,"master_deck":["AscendersBane","Strike_G","Strike_G","Defend_G","Defend_G","Defend_G","Defend_G","Survivor","Neutralize","Bane","Dagger Throw","Backstab","Noxious Fumes+1","Tactician+1","Eviscerate","Backflip","Footwork+1","Acrobatics+1","Escape Plan","Reflex+1"],"relics":["Ring of the Snake","Mercury Hourglass","Omamori","Odd Mushroom","Orichalcum","SacredBark","The Courier","Tiny Chest","MealTicket","TheAbacus"],"acts_visited":["Exordium","TheCity"],"potions_floor_usage":[30,33],"damage_taken":[{"damage":3.0,"enemies":"Cultist","floor":1.0,"turns":5.0},{"damage":0.0,"enemies":"2 Louse","floor":2.0,"turns":2.0},{"damage":4.0,"enemies":"Small Slimes","floor":3.0,"turns":4.0},{"damage":4.0,"enemies":"3 Louse","floor":4.0,"turns":3.0},{"damage":3.0,"enemies":"Looter","floor":5.0,"turns":4.0},{"damage":6.0,"enemies":"Gremlin Nob","floor":6.0,"turns":3.0},{"damage":4.0,"enemies":"Blue Slaver","floor":8.0,"turns":3.0},{"damage":1.0,"enemies":"Exordium Thugs","floor":10.0,"turns":3.0},{"damage":3.0,"enemies":"The Mushroom Lair","floor":13.0,"turns":4.0},{"damage":21.0,"enemies":"Hexaghost","floor":16.0,"turns":9.0},{"damage":0.0,"enemies":"3 Byrds","floor":18.0,"turns":2.0},{"damage":3.0,"enemies":"Spheric Guardian","floor":20.0,"turns":3.0},{"damage":20.0,"enemies":"Snake Plant","floor":22.0,"turns":5.0},{"damage":11.0,"enemies":"3 Cultists","floor":25.0,"turns":5.0},{"damage":0.0,"enemies":"Centurion and Healer","floor":29.0,"turns":6.0},{"damage":0,"enemies":"Chosen and Byrds","floor":30,"turns":4},{"damage":62,"enemies":"Champ","floor":33,"turns":16}],"seed_played":"1796219662272542795","potions_obtained":[{"floor":3.0,"key":"LiquidBronze"},{"floor":4.0,"key":"AttackPotion"},{"floor":6.0,"key":"Explosive Potion"},{"floor":16.0,"key":"SkillPotion"},{"floor":22.0,"key":"SteroidPotion"},{"floor":29.0,"key":"Weak Potion"}],"is_trial":false,"path_per_floor":["M","M","M","M","M","E","R","M","T","M","R","$","?","?","R","B",null,"M","?","M","?","M","R","?","M","T","R","$","M","M","T","R","B"],"character_chosen":"THE_SILENT","items_purchased":["Backflip","Footwork","TheAbacus"],"campfire_rested":1,"item_purchase_floors":[12,12,28],"current_hp_per_floor":[56,56,52,48,45,39,39,35,35,34,34,34,31,31,31,10,48,48,48,45,45,25,25,25,14,14,14,29,29,29,29,47,0,0],"gold":94,"neow_bonus":"REMOVE_TWO","is_daily":false,"chose_seed":false,"campfire_upgraded":5,"win_rate":0.0,"timestamp":1608313567,"path_taken":["M","M","M","M","M","E","R","M","T","?","R","$","?","?","R","BOSS","M","?","M","?","M","R","?","?","T","R","$","M","M","?","R","BOSS"],"items_purchased_type":["Card","Card","Relic"],"build_version":"2020-12-13","purchased_purges":2,"victory":false,"max_hp_per_floor":[60,60,60,60,60,60,60,60,60,60,60,60,60,60,60,60,60,60,60,60,60,60,60,60,60,60,60,60,60,60,60,60,60,60],"relic_stats":{"TheAbacus":[108],"counters":[17,80],"Tiny Chest":0,"MealTicket":15,"Orichalcum":[30],"obtain_stats":[{"TheAbacus":28,"SacredBark":17,"Tiny Chest":24,"MealTicket":26,"The Courier":21,"Omamori":9,"Odd Mushroom":13,"Orichalcum":14,"Ring of the Snake":0,"Mercury Hourglass":6},{"TheAbacus":14,"SacredBark":10,"Tiny Chest":13,"MealTicket":14,"The Courier":12,"Omamori":7,"Odd Mushroom":9,"Orichalcum":9,"Ring of the Snake":0,"Mercury Hourglass":6},{"TheAbacus":54,"SacredBark":39,"Tiny Chest":49,"MealTicket":54,"The Courier":44,"Omamori":24,"Odd Mushroom":30,"Orichalcum":30,"Ring of the Snake":0,"Mercury Hourglass":21}],"Ring of the Snake":[34],"Mercury Hourglass":[182]},"card_choices":[{"not_picked":["Infinite Blades","Prepared"],"picked":"Bane","floor":1.0},{"not_picked":["PiercingWail","Slice"],"picked":"Dagger Throw","floor":2.0},{"not_picked":["Quick Slash","Blade Dance"],"picked":"Backstab","floor":3.0},{"not_picked":["Deadly Poison","Poisoned Stab"],"picked":"Noxious Fumes","floor":4.0},{"not_picked":["Prepared","Wraith Form v2"],"picked":"Tactician","floor":5.0},{"not_picked":["Sucker Punch","Noxious Fumes","Masterful Stab"],"picked":"SKIP","floor":6.0},{"not_picked":["Dodge and Roll","Sucker Punch"],"picked":"Eviscerate","floor":8.0},{"not_picked":["Flying Knee","Sucker Punch","Caltrops"],"picked":"SKIP","floor":10.0},{"not_picked":["Prepared","Dagger Spray"],"picked":"Acrobatics","floor":18.0},{"not_picked":["Bouncing Flask+1","Catalyst","Cloak And Dagger"],"picked":"SKIP","floor":20.0},{"not_picked":["Terror","Blade Dance+1"],"picked":"Reflex","floor":22.0},{"not_picked":["All Out Attack","Deflect","Skewer"],"picked":"SKIP","floor":25.0},{"not_picked":["Flying Knee","Sucker Punch","Expertise"],"picked":"SKIP","floor":29.0},{"not_picked":["Escape Plan","Predator","Setup"],"picked":"SKIP","floor":30}],"player_experience":1469270,"relics_obtained":[{"floor":6.0,"key":"Mercury Hourglass"},{"floor":9.0,"key":"Omamori"},{"floor":13.0,"key":"Odd Mushroom"},{"floor":26.0,"key":"MealTicket"}],"event_choices":[{"damage_healed":0.0,"max_hp_gain":0.0,"max_hp_loss":0.0,"gold_gain":0.0,"event_name":"Mushrooms","player_choice":"Fought Mushrooms","floor":13.0,"gold_loss":0.0,"damage_taken":0.0},{"damage_healed":0.0,"max_hp_gain":0.0,"max_hp_loss":0.0,"gold_gain":30.0,"event_name":"Dead Adventurer","player_choice":"Searched \u00272\u0027 times","floor":14.0,"gold_loss":0.0,"damage_taken":0.0,"relics_obtained":["Orichalcum"]},{"damage_healed":0.0,"max_hp_gain":0.0,"max_hp_loss":0.0,"gold_gain":0.0,"event_name":"The Library","player_choice":"Read","floor":19.0,"gold_loss":0.0,"damage_taken":0.0,"cards_obtained":["Escape Plan"]},{"damage_healed":0.0,"max_hp_gain":0.0,"max_hp_loss":0.0,"gold_gain":0.0,"event_name":"The Mausoleum","player_choice":"Opened","floor":21.0,"gold_loss":0.0,"damage_taken":0.0,"relics_obtained":["The Courier"],"cards_obtained":["Writhe"]},{"damage_healed":0.0,"max_hp_gain":0.0,"max_hp_loss":0.0,"gold_gain":0.0,"event_name":"Addict","player_choice":"Stole Relic","floor":24.0,"gold_loss":0.0,"damage_taken":0.0,"relics_obtained":["Tiny Chest"],"cards_obtained":["Shame"]}],"is_beta":false,"boss_relics":[{"not_picked":["Ectoplasm","Tiny House"],"picked":"SacredBark"}],"items_purged_floors":[12,28],"is_endless":false,"potions_floor_spawned":[3,4,6,16,22,29],"killed_by":"Champ","ascension_level":20}}