{"host":"m6aaltr68g9tvoay","time":1608255467,"event":{"mods":["AchievementEnabler","BaseMod","Colored Map","Minty Spire (QoL Compilation)","StSLib"],"gold_per_floor":[14,30,50,66,78,78,105,105,129,164,183,183,196,196,196,270,270,285,305,57,57,57,57,70,89,116,116,116,28,28,28,28,28,28],"floor_reached":33,"playtime":1072,"items_purged":[],"score":613,"play_id":"c6ec117e-2cc2-45c6-8140-c19abe75aea1","local_time":"20201217173747","is_ascension_mode":true,"campfire_choices":[{"data":"Feed","floor":6.0,"key":"SMITH"},{"floor":8.0,"key":"REST"},{"floor":15.0,"key":"REST"},{"floor":23,"key":"REST"},{"floor":32,"key":"REST"}],"circlet_count":0,"master_deck":["AscendersBane","Defend_R","Defend_R","Defend_R","Defend_R","Bash","Cleave","Shrug It Off","Feed+1","Flex","Rampage","Disarm","Fire Breathing+1","True Grit","Twin Strike","Burning Pact","Double Tap","Disarm+1","Feed","Necronomicurse","Wild Strike","Iron Wave","Ghostly Armor","Decay","Bite","Bite","Bite","Bite","Bite","Rupture","Parasite","Shame","Offering"],"relics":["Burning Blood","Lantern","Happy Flower","Dream Catcher","Cursed Key","Orichalcum","Necronomicon","Juzu Bracelet","Bag of Preparation"],"acts_visited":["Exordium","TheCity"],"potions_floor_usage":[24,33],"damage_taken":[{"damage":8.0,"enemies":"Small Slimes","floor":1.0,"turns":3.0},{"damage":1.0,"enemies":"Cultist","floor":2.0,"turns":3.0},{"damage":0.0,"enemies":"2 Louse","floor":3.0,"turns":3.0},{"damage":7.0,"enemies":"Exordium Thugs","floor":4.0,"turns":4.0},{"damage":13.0,"enemies":"Blue Slaver","floor":5.0,"turns":3.0},{"damage":34.0,"enemies":"3 Sentries","floor":7.0,"turns":9.0},{"damage":45.0,"enemies":"Lagavulin","floor":10.0,"turns":7.0},{"damage":1.0,"enemies":"Lots of Slimes","floor":11.0,"turns":3.0},{"damage":0.0,"enemies":"Looter","floor":13.0,"turns":2.0},{"damage":69,"enemies":"Slime Boss","floor":16,"turns":9},{"damage":28,"enemies":"Shell Parasite","floor":18,"turns":5},{"damage":21,"enemies":"Chosen","floor":19,"turns":6},{"damage":16,"enemies":"Snake Plant","floor":24,"turns":6},{"damage":20,"enemies":"Snecko","floor":25,"turns":6},{"damage":66,"enemies":"Champ","floor":33,"turns":7}],"seed_played":"-4109140067832612469","potions_obtained":[{"floor":2.0,"key":"DuplicationPotion"},{"floor":3.0,"key":"Weak Potion"},{"floor":10.0,"key":"GamblersBrew"},{"floor":11.0,"key":"AttackPotion"},{"floor":18,"key":"Weak Potion"},{"floor":24,"key":"LiquidBronze"}],"is_trial":false,"path_per_floor":["M","M","M","M","M","R","E","R","T","E","M","?","M","?","R","B",null,"M","M","$","?","?","R","M","M","T","?","?","$","?","?","R","B"],"character_chosen":"IRONCLAD","items_purchased":["Orichalcum","Feed","Rupture"],"campfire_rested":4,"item_purchase_floors":[20,20,29],"current_hp_per_floor":[80,85,89,91,84,84,60,88,88,49,54,54,60,60,88,25,78,56,41,41,20,20,48,42,28,28,28,28,28,28,28,48,0,0],"gold":28,"neow_bonus":"TWENTY_PERCENT_HP_BONUS","is_daily":false,"chose_seed":false,"campfire_upgraded":1,"win_rate":0.0,"timestamp":1608255467,"path_taken":["M","M","M","M","M","R","E","R","T","E","M","?","?","?","R","BOSS","M","M","$","?","?","R","?","M","T","?","?","?","?","?","R","BOSS"],"items_purchased_type":["Relic","Card","Card"],"build_version":"2020-12-13","purchased_purges":0,"victory":false,"max_hp_per_floor":[89,89,89,92,92,92,96,96,96,96,96,96,96,96,96,96,96,96,96,96,96,96,96,100,100,100,100,69,69,69,69,69,69,69],"card_choices":[{"not_picked":["Heavy Blade","Shrug It Off"],"picked":"Cleave","floor":1.0},{"not_picked":["Sever Soul","Cleave"],"picked":"Shrug It Off","floor":2.0},{"not_picked":["Pommel Strike","Inflame"],"picked":"Feed","floor":3.0},{"not_picked":["Shrug It Off","Reckless Charge"],"picked":"Flex","floor":4.0},{"not_picked":["Shrug It Off","Uppercut"],"picked":"Rampage","floor":5.0},{"not_picked":["Bloodletting","Pummel"],"picked":"Disarm","floor":7.0},{"not_picked":["Rage","Body Slam"],"picked":"Fire Breathing","floor":10.0},{"not_picked":["Clash","Shrug It Off"],"picked":"True Grit","floor":11.0},{"not_picked":["True Grit","Burning Pact"],"picked":"Twin Strike","floor":13.0},{"not_picked":["Bludgeon","Berserk"],"picked":"Double Tap","floor":16},{"not_picked":["Havoc","Pummel"],"picked":"Disarm+1","floor":18},{"not_picked":["Body Slam","Thunderclap","Hemokinesis"],"picked":"SKIP","floor":19},{"not_picked":["Body Slam","Perfected Strike"],"picked":"Wild Strike","floor":23},{"not_picked":["Body Slam","Thunderclap"],"picked":"Iron Wave","floor":24},{"not_picked":["Havoc","Armaments"],"picked":"Ghostly Armor","floor":25},{"not_picked":["Thunderclap","Iron Wave"],"picked":"Offering","floor":32}],"player_experience":1254473,"relics_obtained":[{"floor":7.0,"key":"Lantern"},{"floor":9.0,"key":"Happy Flower"},{"floor":10.0,"key":"Dream Catcher"},{"floor":21,"key":"Necronomicon"},{"floor":26,"key":"Juzu Bracelet"}],"event_choices":[{"cards_removed":["Strike_R"],"damage_healed":0.0,"max_hp_gain":0.0,"max_hp_loss":0.0,"gold_gain":0.0,"event_name":"Wheel of Change","player_choice":"Card Removal","floor":12.0,"gold_loss":0.0,"damage_taken":0.0},{"damage_healed":0.0,"max_hp_gain":0.0,"max_hp_loss":0.0,"gold_gain":0.0,"cards_transformed":["Strike_R"],"event_name":"Transmorgrifier","player_choice":"Transformed","floor":14.0,"gold_loss":0.0,"damage_taken":0.0,"cards_obtained":["Burning Pact"]},{"damage_healed":0,"gold_gain":0,"player_choice":"Obtained Book","damage_taken":21,"max_hp_gain":0,"max_hp_loss":0,"event_name":"Cursed Tome","floor":21,"gold_loss":0},{"damage_healed":0,"gold_gain":0,"player_choice":"Upgraded","damage_taken":0,"max_hp_gain":0,"max_hp_loss":0,"event_name":"Upgrade Shrine","floor":22,"gold_loss":0,"cards_upgraded":["Fire Breathing"]},{"damage_healed":0,"gold_gain":0,"player_choice":"Smashed Altar","damage_taken":0,"max_hp_gain":0,"max_hp_loss":0,"event_name":"Forgotten Altar","floor":27,"gold_loss":0,"cards_obtained":["Decay"]},{"damage_healed":0,"gold_gain":0,"player_choice":"Became a vampire","damage_taken":0,"max_hp_gain":0,"max_hp_loss":31,"event_name":"Vampires","floor":28,"gold_loss":0,"cards_obtained":["Bite","Bite","Bite","Bite","Bite"]},{"damage_healed":0,"gold_gain":0,"cards_transformed":["Pain"],"player_choice":"Transformed","damage_taken":0,"max_hp_gain":0,"max_hp_loss":0,"event_name":"Transmorgrifier","floor":30,"gold_loss":0,"cards_obtained":["Parasite"]},{"damage_healed":0,"gold_gain":0,"player_choice":"Stole Relic","damage_taken":0,"relics_obtained":["Bag of Preparation"],"max_hp_gain":0,"max_hp_loss":0,"event_name":"Addict","floor":31,"gold_loss":0,"cards_obtained":["Shame"]}],"is_beta":false,"boss_relics":[{"not_picked":["Black Star","Ectoplasm"],"picked":"Cursed Key"}],"items_purged_floors":[],"is_endless":false,"potions_floor_spawned":[2,3,10,11,18,24],"killed_by":"Champ","ascension_level":18}}