{"host":"9v3x998ddbx8o276","time":1608332137,"event":{"mods":["AchievementEnabler","BaseMod","Colored Map","Highlight Path","Minty Spire (QoL Compilation)","Quick Restart","Rare Cards Sparkle"],"gold_per_floor":[110,127,127,127,17,17,43,43,43,43,76,87,87,87,87,87,87],"floor_reached":16,"playtime":1328,"items_purged":[],"score":212,"play_id":"9f012a5f-3a70-4525-897b-7b871f99e17a","local_time":"20201219092537","is_ascension_mode":true,"campfire_choices":[{"floor":6,"key":"REST"},{"data":"Barrage","floor":8,"key":"SMITH"},{"floor":10,"key":"REST"},{"data":"Sweeping Beam","floor":15,"key":"SMITH"}],"circlet_count":0,"master_deck":["AscendersBane","Strike_B","Strike_B","Strike_B","Strike_B","Defend_B","Defend_B","Defend_B","Defend_B","Zap","Dualcast","Deep Breath","Barrage+1","Cold Snap","Ball Lightning","Sweeping Beam+1","Hologram","Capacitor"],"relics":["Cracked Core","Nunchaku","Question Card","Turnip","Bottled Lightning","Mummified Hand"],"acts_visited":["Exordium"],"potions_floor_usage":[11],"damage_taken":[{"damage":0,"enemies":"2 Louse","floor":1,"turns":2},{"damage":8,"enemies":"Small Slimes","floor":2,"turns":4},{"damage":23,"enemies":"3 Sentries","floor":7,"turns":6},{"damage":16,"enemies":"Gremlin Nob","floor":11,"turns":4},{"damage":7,"enemies":"Jaw Worm","floor":12,"turns":2},{"damage":46,"enemies":"Slime Boss","floor":16,"turns":5}],"seed_played":"-1110436627563540546","potions_obtained":[{"floor":1,"key":"AttackPotion"},{"floor":7,"key":"Dexterity Potion"},{"floor":11,"key":"SteroidPotion"}],"is_trial":false,"path_per_floor":["M","M","?","?","$","R","E","R","T","R","E","M","?","T","R","B"],"character_chosen":"DEFECT","items_purchased":["Ball Lightning","Sweeping Beam"],"campfire_rested":2,"item_purchase_floors":[5,5],"current_hp_per_floor":[64,56,56,49,49,70,47,47,47,68,52,45,45,45,45,0,0],"gold":87,"neow_bonus":"RANDOM_COLORLESS","is_daily":false,"chose_seed":false,"campfire_upgraded":2,"win_rate":0.0,"timestamp":1608332137,"path_taken":["M","M","?","?","$","R","E","R","T","R","E","M","?","?","R","BOSS"],"items_purchased_type":["Card","Card"],"build_version":"2020-12-13","purchased_purges":0,"victory":false,"max_hp_per_floor":[71,71,71,71,71,71,71,71,71,71,71,71,71,71,71,71,71],"card_choices":[{"not_picked":["Madness","Dark Shackles"],"picked":"Deep Breath","floor":0},{"not_picked":["Hologram","Beam Cell"],"picked":"Barrage","floor":1},{"not_picked":["Capacitor","Reinforced Body"],"picked":"Cold Snap","floor":2},{"not_picked":["Consume","Redo"],"picked":"Hologram","floor":7},{"not_picked":["Rebound","Reprogram","Hologram","All For One"],"picked":"SKIP","floor":11},{"not_picked":["Go for the Eyes","Lockon","Compile Driver"],"picked":"Capacitor","floor":12}],"player_experience":2038370,"relics_obtained":[{"floor":7,"key":"Question Card"},{"floor":9,"key":"Turnip"},{"floor":11,"key":"Bottled Lightning"},{"floor":14,"key":"Mummified Hand"}],"event_choices":[{"damage_healed":0,"gold_gain":0,"player_choice":"Box","damage_taken":0,"relics_obtained":["Nunchaku"],"max_hp_gain":0,"max_hp_loss":0,"event_name":"Big Fish","floor":3,"gold_loss":0,"cards_obtained":["Regret"]},{"cards_removed":["Regret"],"damage_healed":0,"gold_gain":0,"player_choice":"Card Removal","damage_taken":7,"max_hp_gain":0,"max_hp_loss":0,"event_name":"Golden Wing","floor":4,"gold_loss":0},{"damage_healed":0,"gold_gain":0,"player_choice":"Ignored","damage_taken":0,"max_hp_gain":0,"max_hp_loss":0,"event_name":"Liars Game","floor":13,"gold_loss":0}],"is_beta":false,"boss_relics":[],"items_purged_floors":[],"is_endless":false,"potions_floor_spawned":[1,7,11],"killed_by":"Slime Boss","ascension_level":20}}