{"host":"og6lam4kt3nibbw0","time":1608255226,"event":{"mods":["AchievementEnabler","BaseMod","Colored Map","DeckTracker","Highlight Path","Keyboard Shortcuts","Minty Spire (QoL Compilation)","Permanent Neow","Quick Restart","StSLib","SuperFastMode"],"gold_per_floor":[117,117,138,188,209,209,232,232,232,232,251,251,281,294,294,393,393,378,378,378],"floor_reached":19,"playtime":482,"items_purged":[],"score":318,"play_id":"e2d40f34-0927-40fa-8fe6-359191d93773","local_time":"20201218103346","is_ascension_mode":true,"campfire_choices":[{"data":"Dualcast","floor":6.0,"key":"SMITH"},{"data":"Coolheaded","floor":8.0,"key":"SMITH"},{"data":"Zap","floor":10.0,"key":"SMITH"},{"floor":15,"key":"REST"}],"circlet_count":0,"master_deck":["AscendersBane","Zap+1","Dualcast+1","Hologram","Go for the Eyes","Coolheaded+1","Conserve Battery","Echo Form","Echo Form","Storm","Redo","Cold Snap","Double Energy","Hello World","Beam Cell","Skim","Streamline"],"relics":["Cracked Core","Calipers","Golden Idol","Ornamental Fan","Pandora\u0027s Box"],"acts_visited":["Exordium","TheCity"],"potions_floor_usage":[16],"damage_taken":[{"damage":17.0,"enemies":"Small Slimes","floor":1.0,"turns":3.0},{"damage":7.0,"enemies":"2 Louse","floor":3.0,"turns":3.0},{"damage":0.0,"enemies":"Cultist","floor":5.0,"turns":3.0},{"damage":11.0,"enemies":"Blue Slaver","floor":7.0,"turns":5.0},{"damage":5.0,"enemies":"2 Fungi Beasts","floor":11.0,"turns":4.0},{"damage":1,"enemies":"Looter","floor":14,"turns":4},{"damage":33,"enemies":"The Guardian","floor":16,"turns":18},{"damage":31,"enemies":"2 Thieves","floor":18,"turns":4},{"damage":0,"enemies":"3 Byrds","floor":19,"turns":1}],"seed_played":"1500941330495336332","potions_obtained":[{"floor":3.0,"key":"Strength Potion"},{"floor":5.0,"key":"GamblersBrew"}],"is_trial":false,"path_per_floor":["M","?","M","?","M","R","M","R","T","R","M","?","?","M","R","B",null,"M","M"],"character_chosen":"DEFECT","items_purchased":[],"campfire_rested":1,"item_purchase_floors":[],"current_hp_per_floor":[47,47,40,35,35,35,24,24,24,24,19,19,19,18,35,2,44,13,13,13],"gold":378,"neow_bonus":"ONE_RARE_RELIC","is_daily":false,"chose_seed":false,"campfire_upgraded":3,"win_rate":0.0,"timestamp":1608255226,"path_taken":["M","?","M","?","?","R","M","R","T","R","M","?","?","M","R","BOSS","M","M"],"items_purchased_type":[],"build_version":"2020-12-13","purchased_purges":0,"victory":false,"max_hp_per_floor":[64,58,58,58,58,58,58,58,58,58,58,58,58,58,58,58,58,58,58,58],"card_choices":[{"not_picked":["Aggregate","Hello World"],"picked":"Hologram","floor":1.0},{"not_picked":["Streamline","Cold Snap"],"picked":"Go for the Eyes","floor":3.0},{"not_picked":["Compile Driver","Sweeping Beam"],"picked":"Coolheaded","floor":5.0},{"not_picked":["Steam Power","Compile Driver","Streamline"],"picked":"SKIP","floor":7.0},{"not_picked":["Cold Snap","Gash","Barrage"],"picked":"SKIP","floor":11.0},{"not_picked":["Beam Cell","Rainbow"],"picked":"Conserve Battery","floor":14},{"not_picked":["Seek","Fission"],"picked":"Echo Form","floor":16},{"not_picked":["Leap+1","Sweeping Beam"],"picked":"Streamline","floor":18}],"player_experience":790932,"relics_obtained":[{"floor":9.0,"key":"Ornamental Fan"}],"event_choices":[{"damage_healed":0.0,"max_hp_gain":0.0,"max_hp_loss":6.0,"gold_gain":0.0,"event_name":"Golden Idol","player_choice":"Lose Max HP","floor":2.0,"gold_loss":0.0,"damage_taken":0.0,"relics_obtained":["Golden Idol"]},{"damage_healed":0.0,"max_hp_gain":0.0,"max_hp_loss":0.0,"gold_gain":50.0,"event_name":"FaceTrader","player_choice":"Touch","floor":4.0,"gold_loss":0.0,"damage_taken":5.0},{"damage_healed":0.0,"max_hp_gain":0.0,"max_hp_loss":0.0,"gold_gain":0.0,"event_name":"Liars Game","player_choice":"Ignored","floor":12.0,"gold_loss":0.0,"damage_taken":0.0},{"damage_healed":0,"gold_gain":30,"player_choice":"Searched \u00271\u0027 times","damage_taken":0,"max_hp_gain":0,"max_hp_loss":0,"event_name":"Dead Adventurer","floor":13,"gold_loss":0}],"is_beta":false,"boss_relics":[{"not_picked":["Ectoplasm","Runic Dome"],"picked":"Pandora\u0027s Box"}],"items_purged_floors":[],"is_endless":false,"potions_floor_spawned":[3,5],"killed_by":"3 Byrds","ascension_level":20}}