{"host":"9tzam4717zt8ei1o","time":1608301898,"event":{"mods":["BaseMod","Colored Map","Keyboard Shortcuts","Minty Spire (QoL Compilation)","Quick Restart","StSLib","SuperFastMode"],"gold_per_floor":[119,64,83,83,94,94,120,2,78,108,258,258,258,258],"floor_reached":13,"playtime":163,"items_purged":["Defend_G"],"score":177,"play_id":"79676422-76a0-49d1-a30b-b19166d6d68f","local_time":"20201218233138","is_ascension_mode":true,"campfire_choices":[{"data":"Deadly Poison","floor":6.0,"key":"SMITH"}],"circlet_count":0,"master_deck":["AscendersBane","Strike_G","Strike_G","Strike_G","Strike_G","Strike_G","Defend_G","Defend_G","Defend_G","Defend_G","Survivor","Neutralize","Deadly Poison+1","Poisoned Stab","Calculated Gamble","Footwork","Glass Knife"],"relics":["Ring of the Snake","NeowsBlessing","Centennial Puzzle","Strawberry","Gremlin Horn","Mercury Hourglass"],"acts_visited":["Exordium"],"potions_floor_usage":[13],"damage_taken":[{"damage":0.0,"enemies":"Cultist","floor":1.0,"turns":1.0},{"damage":0.0,"enemies":"2 Louse","floor":3.0,"turns":1.0},{"damage":0.0,"enemies":"Jaw Worm","floor":5.0,"turns":1.0},{"damage":37.0,"enemies":"3 Sentries","floor":7.0,"turns":14.0},{"damage":8,"enemies":"Lagavulin","floor":10,"turns":7},{"damage":4,"enemies":"Gremlin Nob","floor":13,"turns":2}],"seed_played":"-2274076926807812378","potions_obtained":[{"floor":1.0,"key":"AttackPotion"},{"floor":5.0,"key":"SkillPotion"}],"is_trial":false,"path_per_floor":["M","$","M","?","M","R","E","$","T","E","?","?","E"],"character_chosen":"THE_SILENT","items_purchased":["Deadly Poison","Footwork"],"campfire_rested":0,"item_purchase_floors":[2,8],"current_hp_per_floor":[59,59,59,41,41,41,11,11,11,3,3,3,0,0],"gold":258,"neow_bonus":"THREE_ENEMY_KILL","is_daily":false,"chose_seed":false,"campfire_upgraded":1,"win_rate":0.0,"timestamp":1608301898,"path_taken":["M","$","?","?","M","R","E","$","T","E","?","?","E"],"items_purchased_type":["Card","Card"],"build_version":"2020-12-13","purchased_purges":1,"victory":false,"max_hp_per_floor":[66,66,66,66,66,66,73,73,73,73,73,73,73,73],"card_choices":[{"not_picked":["Endless Agony","Bane","Quick Slash"],"picked":"SKIP","floor":1.0},{"not_picked":["Tactician","Dodge and Roll"],"picked":"Poisoned Stab","floor":3.0},{"not_picked":["Cloak And Dagger","Blade Dance","Choke"],"picked":"SKIP","floor":5.0},{"not_picked":["Tactician","Expertise"],"picked":"Calculated Gamble","floor":7.0},{"not_picked":["Outmaneuver","Underhanded Strike"],"picked":"Glass Knife","floor":10}],"player_experience":82770,"relics_obtained":[{"floor":7.0,"key":"Strawberry"},{"floor":9.0,"key":"Gremlin Horn"},{"floor":10,"key":"Mercury Hourglass"}],"event_choices":[{"damage_healed":0.0,"max_hp_gain":0.0,"max_hp_loss":0.0,"gold_gain":0.0,"event_name":"Scrap Ooze","player_choice":"Success","floor":4.0,"gold_loss":0.0,"damage_taken":18.0,"relics_obtained":["Centennial Puzzle"]},{"damage_healed":0,"gold_gain":150,"player_choice":"AGREE","damage_taken":0,"max_hp_gain":0,"max_hp_loss":0,"event_name":"Liars Game","floor":11,"gold_loss":0,"cards_obtained":["Doubt"]},{"cards_removed":["Doubt"],"damage_healed":0,"gold_gain":0,"player_choice":"Forget","damage_taken":0,"max_hp_gain":0,"max_hp_loss":0,"event_name":"Living Wall","floor":12,"gold_loss":0}],"is_beta":false,"boss_relics":[],"items_purged_floors":[8],"is_endless":false,"potions_floor_spawned":[1,5],"killed_by":"Gremlin Nob","ascension_level":19}}