{"host":"7tvb1em0d2fx72q7","time":1608252505,"event":{"mods":["BaseMod","Challenge The Spire","Minty Spire (QoL Compilation)","StSLib","everything is the same but u backflip on backflip"],"gold_per_floor":[111,186,206,15,29,62,79,79,104,142,142,176,225,225,225,225,225],"floor_reached":16,"playtime":1075,"items_purged":[],"score":240,"play_id":"c7e83cb5-2509-421c-8189-bbcaaed5e029","local_time":"20201217194825","is_ascension_mode":true,"campfire_choices":[{"floor":8,"key":"REST"},{"floor":15,"key":"REST"}],"circlet_count":0,"master_deck":["AscendersBane","Strike_B","Strike_B","Strike_B","Strike_B","Defend_B","Defend_B","Defend_B","Defend_B","Zap","Dualcast","Coolheaded","Gash","Doom and Gloom","Compile Driver","Gash","Glacier","Redo","Conserve Battery","Doom and Gloom","Chill"],"relics":["Cracked Core","TungstenRod","Toy Ornithopter","Bag of Preparation","CeramicFish","Golden Idol","Du-Vu Doll"],"acts_visited":["Exordium"],"potions_floor_usage":[6,10,16],"damage_taken":[{"damage":0,"enemies":"Cultist","floor":1,"turns":3},{"damage":0,"enemies":"2 Louse","floor":3,"turns":3},{"damage":0,"enemies":"Small Slimes","floor":5,"turns":3},{"damage":21,"enemies":"3 Sentries","floor":6,"turns":7},{"damage":0,"enemies":"Looter","floor":7,"turns":4},{"damage":10,"enemies":"Lagavulin","floor":10,"turns":7},{"damage":0,"enemies":"2 Fungi Beasts","floor":12,"turns":3},{"damage":23,"enemies":"Gremlin Nob","floor":13,"turns":4},{"damage":36,"enemies":"The Guardian","floor":16,"turns":7}],"seed_played":"-7707128799319937039","potions_obtained":[{"floor":3,"key":"Fire Potion"},{"floor":12,"key":"AttackPotion"}],"is_trial":false,"path_per_floor":["M","?","M","$","M","E","M","R","T","E","?","M","E","?","R","B"],"character_chosen":"DEFECT","items_purchased":["Doom and Gloom","Compile Driver","BlessingOfTheForge"],"campfire_rested":2,"item_purchase_floors":[4,4,4],"current_hp_per_floor":[46,36,36,36,36,15,15,36,36,31,31,31,8,4,23,0,0],"gold":225,"neow_bonus":"ONE_RARE_RELIC","is_daily":false,"chose_seed":false,"campfire_upgraded":0,"win_rate":0.0,"timestamp":1608252505,"path_taken":["M","?","M","$","M","E","M","R","T","E","?","M","E","?","R","BOSS"],"items_purchased_type":["Card","Card","Potion"],"build_version":"2020-12-13","purchased_purges":0,"victory":false,"max_hp_per_floor":[71,71,71,71,71,71,71,71,71,71,64,64,64,64,64,64,64],"card_choices":[{"not_picked":["Redo","Reinforced Body"],"picked":"Coolheaded","floor":1},{"not_picked":["Recycle","Heatsinks"],"picked":"Gash","floor":3},{"not_picked":["Streamline","Stack"],"picked":"Gash","floor":5},{"not_picked":["Cold Snap","Reboot"],"picked":"Glacier","floor":6},{"not_picked":["Barrage","Coolheaded"],"picked":"Redo","floor":7},{"not_picked":["Thunder Strike","Sweeping Beam"],"picked":"Conserve Battery","floor":10},{"not_picked":["Streamline","Sweeping Beam"],"picked":"Doom and Gloom","floor":12},{"not_picked":["Streamline","Hologram"],"picked":"Chill","floor":13}],"player_experience":1862861,"relics_obtained":[{"floor":6,"key":"Toy Ornithopter"},{"floor":9,"key":"Bag of Preparation"},{"floor":10,"key":"CeramicFish"},{"floor":13,"key":"Du-Vu Doll"}],"event_choices":[{"damage_healed":0,"gold_gain":75,"player_choice":"Gather Gold","damage_taken":11,"max_hp_gain":0,"max_hp_loss":0,"event_name":"World of Goop","floor":2,"gold_loss":0},{"damage_healed":0,"gold_gain":0,"player_choice":"Lose Max HP","damage_taken":0,"relics_obtained":["Golden Idol"],"max_hp_gain":0,"max_hp_loss":7,"event_name":"Golden Idol","floor":11,"gold_loss":0},{"damage_healed":0,"gold_gain":0,"player_choice":"Fled","damage_taken":5,"max_hp_gain":0,"max_hp_loss":0,"event_name":"Scrap Ooze","floor":14,"gold_loss":0}],"is_beta":false,"boss_relics":[],"items_purged_floors":[],"is_endless":false,"potions_floor_spawned":[3,12],"killed_by":"The Guardian","ascension_level":20}}