{"host":"o1wkfo8ppvrprpet","time":1608267144,"event":{"mods":["Aspiration","Astrologer","BaseMod","CapriCore","Colored Powertips","Koishi","Minty Spire (QoL Compilation)","Replay The Spire","RumiaBox-露米娅的神秘盒子","Spicy Shops","StSLib","The Administrix","The Alterego","The Gatherer","The Immortal","Waifu the Spire","【东方二次创作】八云紫mod"],"gold_per_floor":[118,193,209,233,246,276,276,295,318,55,86,103,103,114,114,214,214,224,323,413,426,438,438,44,44,44,44,57,75,75,90,90,193,193,207,220,21,35,45,45,77,77,130,130,141,157,7,18,18,18],"floor_reached":51,"playtime":2651,"items_purged":["alterego_mod:Strike","alterego_mod:Strike","alterego_mod:Punishment","Battle Trance+1"],"score":718,"play_id":"8febe9b1-93f7-4380-8de7-c2f82fe126af","local_time":"20201218125224","is_ascension_mode":true,"campfire_choices":[{"data":"alterego_mod:BigMeatyClaws","floor":7,"key":"SMITH"},{"data":"alterego_mod:BiFurious","floor":15,"key":"SMITH"},{"data":"alterego_mod:BrynhildrsRune","floor":23,"key":"SMITH"},{"data":"alterego_mod:Pet","floor":25,"key":"SMITH"},{"data":"Dual Wield","floor":27,"key":"SMITH"},{"data":"alterego_mod:Vow","floor":40,"key":"SMITH"},{"data":"alterego_mod:1TonWallop","floor":44,"key":"SMITH"},{"data":"alterego_mod:Mirror","floor":49,"key":"SMITH"}],"circlet_count":0,"master_deck":["alterego_mod:Defend","alterego_mod:Defend","alterego_mod:Defend","alterego_mod:Defend","alterego_mod:Impale+1","alterego_mod:BigMeatyClaws+1","alterego_mod:BrynhildrsRune+1","alterego_mod:Cooking","alterego_mod:RidiculouslyBig","alterego_mod:1TonWallop+1","alterego_mod:Pet+1","alterego_mod:Exercise+1","alterego_mod:Venus+1","alterego_mod:SakuraFive","alterego_mod:BiFurious+1","alterego_mod:Vow+1","Replay:Undeath\u0027s Touch","alterego_mod:Support","Dual Wield+1","Spot Weakness+1","alterego_mod:DeftHands","Offering+1","alterego_mod:Valentines","Body Slam+1","alterego_mod:Mirror+1"],"relics":["alterego_mod:MasochisticConstitution","aspiration:Nostalgia","Ring of the Snake","SSSystem","Omamori","Dream Catcher","Replay:Ringing Soul","StrikeDummy","aspiration:IroncladSkillbook","Toolbox","Ornamental Fan","Busted Crown","ZombieArmy","Whetstone"],"acts_visited":["Exordium","TheCity","TheBeyond"],"potions_floor_usage":[6,16,16,31,33,41,50,50],"damage_taken":[{"damage":10,"enemies":"Cultist","floor":1,"turns":4},{"damage":0,"enemies":"Jaw Worm","floor":3,"turns":5},{"damage":0,"enemies":"2 Louse","floor":5,"turns":4},{"damage":30,"enemies":"Lagavulin","floor":6,"turns":7},{"damage":4,"enemies":"Lots of Slimes","floor":8,"turns":1},{"damage":4,"enemies":"Replay:BlueRogue","floor":11,"turns":7},{"damage":0,"enemies":"3 Louse","floor":12,"turns":1},{"damage":8,"enemies":"Blue Slaver","floor":14,"turns":5},{"damage":17,"enemies":"Fading Forest","floor":16,"turns":11},{"damage":24,"enemies":"2 Thieves","floor":18,"turns":4},{"damage":13,"enemies":"3 Byrds","floor":21,"turns":4},{"damage":30,"enemies":"Shelled Parasite and Fungi","floor":22,"turns":9},{"damage":0,"enemies":"Chosen and Byrds","floor":28,"turns":5},{"damage":4,"enemies":"3 Cultists","floor":29,"turns":4},{"damage":30,"enemies":"Sentry and Sphere","floor":31,"turns":7},{"damage":36,"enemies":"Collector","floor":33,"turns":4},{"damage":0,"enemies":"Orb Walker","floor":35,"turns":3},{"damage":19,"enemies":"3 Shapes","floor":36,"turns":5},{"damage":2,"enemies":"Spire Growth","floor":38,"turns":4},{"damage":0,"enemies":"Sphere and 2 Shapes","floor":39,"turns":2},{"damage":33,"enemies":"Nemesis","floor":41,"turns":7},{"damage":7,"enemies":"4 Shapes","floor":45,"turns":2},{"damage":0,"enemies":"Spire Growth","floor":46,"turns":3},{"damage":11,"enemies":"Sphere and 2 Shapes","floor":48,"turns":3},{"damage":20,"enemies":"Replay:Hell Engine","floor":50,"turns":7}],"seed_played":"-110348410770796929","potions_obtained":[{"floor":1,"key":"AttackPotion"},{"floor":6,"key":"AttackPotion"},{"floor":14,"key":"Explosive Potion"},{"floor":18,"key":"Swift Potion"},{"floor":22,"key":"ColorlessPotion"},{"floor":29,"key":"Regen Potion"},{"floor":38,"key":"LiquidMemories"},{"floor":39,"key":"Explosive Potion"},{"floor":41,"key":"SpeedPotion"},{"floor":45,"key":"Languid Potion"}],"is_trial":false,"path_per_floor":["M","?","M","T","M","E","R","M","T","$","E","M","?","M","R","B",null,"M","?","?","M","M","R","$","R","T","R","M","M","?","M","R","B",null,"M","M","$","M","M","R","E","?","T","R","M","M","$","M","R","B",null],"character_chosen":"The_Alterego","items_purchased":["alterego_mod:Venus","Replay:Ringing Soul","Dual Wield","Toolbox","alterego_mod:Valentines"],"campfire_rested":0,"item_purchase_floors":[10,10,24,24,37],"current_hp_per_floor":[61,50,53,53,56,37,37,34,34,34,44,50,43,39,39,51,84,68,68,56,54,35,35,38,38,38,38,45,52,52,33,68,52,114,114,107,110,119,119,119,98,98,98,98,106,116,116,116,116,126],"gold":18,"neow_bonus":"NOSTALGIA","is_daily":false,"chose_seed":false,"campfire_upgraded":8,"win_rate":0.0,"timestamp":1608267144,"path_taken":["M","?","M","?","M","E","R","?","T","$","E","M","?","M","R","BOSS","M","?","?","?","M","R","$","R","T","R","M","M","?","M","R","BOSS","M","M","?","M","M","R","E","?","T","R","?","M","$","M","R","BOSS"],"items_purchased_type":["Card","Relic","Card","Relic","Card"],"build_version":"2020-12-13","purchased_purges":4,"victory":true,"max_hp_per_floor":[71,71,71,71,71,71,71,72,72,72,76,79,79,80,80,84,84,88,88,88,92,96,96,99,99,99,99,99,103,103,107,110,114,114,114,115,118,119,119,119,120,120,120,120,121,124,124,128,128,129],"card_choices":[{"not_picked":["alterego_mod:DiscoLights","alterego_mod:Rip"],"picked":"alterego_mod:Cooking","floor":1},{"not_picked":["alterego_mod:SakuraPetals","alterego_mod:GoddessCore"],"picked":"alterego_mod:RidiculouslyBig","floor":3},{"not_picked":["alterego_mod:Smother","alterego_mod:PerceptionDisorder"],"picked":"alterego_mod:1TonWallop","floor":5},{"not_picked":["alterego_mod:Crossover","alterego_mod:SakuraLabyrinth"],"picked":"alterego_mod:Pet","floor":6},{"not_picked":["alterego_mod:Bounce","alterego_mod:Skirt"],"picked":"alterego_mod:Exercise","floor":8},{"not_picked":["alterego_mod:DeftHands","alterego_mod:SuperDuperMasochism"],"picked":"alterego_mod:SakuraFive","floor":11},{"not_picked":["alterego_mod:1TonWallop","alterego_mod:DiscoLights"],"picked":"alterego_mod:BiFurious","floor":12},{"not_picked":["alterego_mod:Alter","alterego_mod:PerceptionDisorder","alterego_mod:HighServant"],"picked":"SKIP","floor":14},{"not_picked":["alterego_mod:IdEs","alterego_mod:Lift"],"picked":"alterego_mod:Vow","floor":16},{"not_picked":["Body Slam","Clash","alterego_mod:1TonWallop"],"picked":"Replay:Undeath\u0027s Touch","floor":18},{"not_picked":["Searing Blow","Ghostly Armor","alterego_mod:PurpleHair"],"picked":"alterego_mod:Support","floor":21},{"not_picked":["alterego_mod:Collar","alterego_mod:Support","Whirlwind"],"picked":"Battle Trance+1","floor":22},{"not_picked":["alterego_mod:Bounce+1","alterego_mod:DiscoLights","alterego_mod:BeGentle","Shrug It Off"],"picked":"SKIP","floor":28},{"not_picked":["Cleave","alterego_mod:Complex+1","alterego_mod:Pet"],"picked":"alterego_mod:Punishment","floor":29},{"not_picked":["Havoc+1","ReplayTheSpireMod:LeadingStrike","Headbutt"],"picked":"Spot Weakness+1","floor":31},{"not_picked":["Rupture","Fiend Fire","alterego_mod:HighServant+1"],"picked":"alterego_mod:DeftHands","floor":32},{"not_picked":["alterego_mod:Rake","Immolate","Replay:Many Hands"],"picked":"Offering","floor":33},{"not_picked":["alterego_mod:1TonWallop","Ghostly Armor+1"],"picked":"SKIP","floor":35},{"not_picked":["alterego_mod:MagicResistance","ReplayTheSpireMod:Strike From Hell"],"picked":"SKIP","floor":36},{"not_picked":["alterego_mod:GoddessCore+1","Dark Embrace"],"picked":"SKIP","floor":38},{"not_picked":["alterego_mod:Skirt","alterego_mod:SakuraPetals"],"picked":"SKIP","floor":39},{"not_picked":["Entrench","Clash+1"],"picked":"SKIP","floor":41},{"not_picked":["Offering","Heavy Blade+1"],"picked":"SKIP","floor":45},{"not_picked":["alterego_mod:Belts"],"picked":"Body Slam+1","floor":46},{"not_picked":["alterego_mod:Bounce+1"],"picked":"alterego_mod:Mirror","floor":48}],"player_experience":613204,"relics_obtained":[{"floor":4,"key":"SSSystem"},{"floor":6,"key":"Omamori"},{"floor":9,"key":"Dream Catcher"},{"floor":11,"key":"StrikeDummy"},{"floor":26,"key":"Ornamental Fan"},{"floor":41,"key":"ZombieArmy"},{"floor":43,"key":"Whetstone"}],"event_choices":[{"damage_healed":0,"gold_gain":75,"player_choice":"Gather Gold","damage_taken":11,"max_hp_gain":0,"max_hp_loss":0,"event_name":"World of Goop","floor":2,"gold_loss":0},{"cards_removed":["alterego_mod:Strike"],"damage_healed":0,"gold_gain":0,"player_choice":"Card Removal","damage_taken":7,"max_hp_gain":0,"max_hp_loss":0,"event_name":"Golden Wing","floor":13,"gold_loss":0},{"damage_healed":0,"gold_gain":99,"player_choice":"Stole From Cult","damage_taken":0,"max_hp_gain":0,"max_hp_loss":0,"event_name":"Nest","floor":19,"gold_loss":0},{"damage_healed":0,"gold_gain":90,"player_choice":"GOLD ","damage_taken":12,"max_hp_gain":0,"max_hp_loss":0,"event_name":"Knowing Skull","floor":20,"potions_obtained":[],"gold_loss":0,"cards_obtained":[]},{"cards_removed":["alterego_mod:Strike"],"damage_healed":0,"gold_gain":0,"player_choice":"Card Removal","damage_taken":0,"max_hp_gain":0,"max_hp_loss":0,"event_name":"Wheel of Change","floor":30,"gold_loss":0},{"damage_healed":0,"gold_gain":0,"player_choice":"Upgraded","damage_taken":0,"max_hp_gain":0,"max_hp_loss":0,"event_name":"Upgrade Shrine","floor":42,"gold_loss":0,"cards_upgraded":["Offering"]}],"is_beta":false,"boss_relics":[{"not_picked":["Cursed Key","Replay:Drink Me"],"picked":"aspiration:IroncladSkillbook"},{"not_picked":["Tiny House","Pandora\u0027s Box"],"picked":"Busted Crown"}],"items_purged_floors":[24,24,37,47],"is_endless":false,"potions_floor_spawned":[1,6,14,18,22,29,38,39,41,45,48],"ascension_level":1}}