{"host":"5u4m3sklrpw6xc20","time":1608254896,"event":{"mods":["2.2 Compatiblity","BaseMod","Better Third Choice","CapriCore","Colored Map","Downfall","Hubris","Infinite Spire","Minty Spire (QoL Compilation)","Permanent Neow","Replay The Spire","Spicy Shops","StSLib","SuperFastMode"],"gold_per_floor":[116,308,333,344,344,344,359,369,369,369,369,194,194,208,208,307,307,324,324,324,344,344],"floor_reached":21,"playtime":757,"items_purged":["Strike_B","Strike_B"],"score":169,"play_id":"81ab729f-95a0-4f19-96fd-09510eb96269","local_time":"20201217192816","is_ascension_mode":false,"campfire_choices":[{"data":"ReplayTheSpireMod:Fabricate Wheel","floor":6,"key":"SMITH"},{"data":"Creative AI","floor":10,"key":"SMITH"},{"data":"Capacitor","floor":13,"key":"SMITH"},{"data":"White Noise","floor":15,"key":"SMITH"}],"circlet_count":0,"master_deck":["Strike_B","Defend_B","Defend_B","Defend_B","Defend_B","Zap","Dualcast","FTL","Conserve Battery","Conserve Battery","Creative AI+1","Capacitor+1","White Noise+1","White Noise+1"],"relics":["Cracked Core","ReplayTheSpireMod:TigerMarble","Prayer Wheel","hubris:Icosahedron","Sozu"],"acts_visited":["Exordium","TheCity"],"potions_floor_usage":[],"damage_taken":[{"damage":5,"enemies":"Jaw Worm","floor":1,"turns":4},{"damage":0,"enemies":"2 Louse","floor":4,"turns":2},{"damage":2,"enemies":"Cultist","floor":7,"turns":5},{"damage":7,"enemies":"Blue Slaver","floor":8,"turns":4},{"damage":0,"enemies":"Exordium Wildlife","floor":14,"turns":4},{"damage":35,"enemies":"Hexaghost","floor":16,"turns":14},{"damage":20,"enemies":"3 Byrds","floor":18,"turns":4},{"damage":37,"enemies":"Chosen","floor":21,"turns":6}],"seed_played":"-448234854281380174","potions_obtained":[{"floor":1,"key":"Explosive Potion"},{"floor":7,"key":"Fruit Juice"},{"floor":8,"key":"Regen Potion"}],"is_trial":false,"path_per_floor":["M","?","T","M","?","R","M","M","T","R","?","$","R","M","R","B",null,"M","?","?","M"],"character_chosen":"DEFECT","items_purchased":[],"campfire_rested":0,"item_purchase_floors":[],"current_hp_per_floor":[49,49,49,49,49,49,47,40,40,40,40,40,40,40,40,5,75,55,55,55,18,18],"gold":344,"neow_bonus":"THREE_RARE_CARDS","is_daily":false,"chose_seed":false,"campfire_upgraded":4,"win_rate":0.0,"timestamp":1608254896,"path_taken":["M","?","?","M","?","R","?","M","T","R","?","?","R","M","R","BOSS","M","?","?","M"],"items_purchased_type":[],"build_version":"2020-12-13","purchased_purges":2,"victory":false,"max_hp_per_floor":[75,75,75,75,75,75,75,75,75,75,75,75,75,75,75,75,75,75,75,75,75,75],"card_choices":[{"not_picked":["Creative AI","Biased Cognition"],"picked":"ReplayTheSpireMod:Fabricate Wheel","floor":0},{"not_picked":["ReplayTheSpireMod:System Scan","Stack"],"picked":"FTL","floor":1},{"not_picked":["Hologram","Stack"],"picked":"Conserve Battery","floor":2},{"not_picked":["ReplayTheSpireMod:System Scan","Heatsinks"],"picked":"Conserve Battery","floor":4},{"not_picked":["ReplaySort","Rebound","Beam Cell"],"picked":"SKIP","floor":7},{"not_picked":["FIFO Queue","ReplaySolidLightProjector","Rebound"],"picked":"SKIP","floor":7},{"not_picked":["Blizzard","Hologram"],"picked":"Capacitor","floor":8},{"not_picked":["Lockon","Beam Cell","Crystallizer"],"picked":"SKIP","floor":8},{"not_picked":["Stack","Chaos"],"picked":"White Noise","floor":14},{"not_picked":["Coolheaded","Streamline","BasicCrystalCard"],"picked":"SKIP","floor":14},{"not_picked":["Steam","Leap","Hologram"],"picked":"SKIP","floor":18},{"not_picked":["hubris:SpecializedCircuitry","ReplayTheSpireMod:Repulse","Streamline"],"picked":"SKIP","floor":18}],"player_experience":223039,"relics_obtained":[{"floor":3,"key":"ReplayTheSpireMod:TigerMarble"}],"event_choices":[{"cards_removed":["Strike_B"],"damage_healed":0,"gold_gain":0,"player_choice":"Offered Basic","damage_taken":0,"max_hp_gain":0,"max_hp_loss":0,"event_name":"Bonfire Elementals","floor":5,"gold_loss":0},{"damage_healed":0,"gold_gain":0,"player_choice":"Ignored","damage_taken":0,"max_hp_gain":0,"max_hp_loss":0,"event_name":"Ghosts","floor":19,"gold_loss":0},{"damage_healed":0,"gold_gain":0,"player_choice":"Copied","damage_taken":0,"max_hp_gain":0,"max_hp_loss":0,"event_name":"Duplicator","floor":20,"gold_loss":0,"cards_obtained":["White Noise"]}],"is_beta":false,"boss_relics":[{"not_picked":["infinitespire:Cupcake","ReplayTheSpireMod:SealedPack","Replay:Bronze Core"]}],"items_purged_floors":[12,12],"is_endless":false,"potions_floor_spawned":[1,7,8,16,21],"killed_by":"Chosen","ascension_level":0}}