{"host":"970o1nclt6rqqnly","time":1608320722,"event":{"mods":["AchievementEnabler","Act Like it!","Aspiration","Bard","BaseMod","Better Altar","Better Match","Better Note","Better Sensory Stone","Better Skull","Better Third Choice","BetterRewards","CCEM","Clawfect","Conspire","Downfall","GifTheSpireLib","Halation","Hallownest","Hermit","Highlight Path","Hubris","Hunter ??","Infinite Spire","Mad Scientist","Mimic Mod","Minty Spire (QoL Compilation)","Permanent Neow","Replay The Spire","Shade Mod","Shop Mod","Spicy Shops","StSLib","Stuff the Spire","The Bug Knight","The Construct","The Cursed","The Disciple","The Hierophant","The Jungle","The Necromancer","The Problem Sleuth","The Runesmith","The Spell Scribe","The Witch","Unceasing Turn Reminder","everything is the same but u backflip on backflip"],"gold_per_floor":[114,134,144,162,55,55,80,80,115,130,130,149,165,165,165,184,184,280,280,297,39,59,76,76,76,108,108,154,154,170,170,170],"floor_reached":31,"playtime":2600,"items_purged":["CommonCold"],"score":259,"play_id":"6d9e2b0d-1da0-49af-976b-f48b3823d2d4","local_time":"20201218174522","is_ascension_mode":false,"campfire_choices":[{"data":"Draining Mist","floor":6,"key":"SMITH"},{"data":"Venomology","floor":8,"key":"SMITH"},{"floor":17,"key":"REST"},{"floor":25,"key":"REST"},{"floor":29,"key":"REST"}],"circlet_count":0,"master_deck":["Strike_G","Strike_G","Strike_G","Strike_G","Strike_G","Defend_G","Defend_G","Defend_G","Defend_G","Defend_G","Flying Knee","Deadly Poison","Deadly Poison","Draining Mist+1","Backstab","Venomology+1","hubris:Sniper","HollowMod:CycloneSlash","Leap","Beam Cell","Blade Dance","Noxious Fumes","Dagger Throw","Burst","Flechettes","StuffTheSpire:Fury","Infinite Blades","StuffTheSpire:Shiver","conspire:PoisonWeapons","Flying Knee","Backstab"],"relics":["Ring of the Snake","Juzu Bracelet","ReplayTheSpireMod:CursedCoin","MerchantsRug","hubris:DisguiseKit","CCEMRelics:GreenEgg","Lantern","StuffTheSpire:Barrel","CCEMRelics:Barrel"],"acts_visited":["Exordium","TheCity"],"potions_floor_usage":[7,7,9,18,18,18,18,23,26,26,26,31],"damage_taken":[{"damage":10,"enemies":"infinitespire:Voidling","floor":1,"turns":4},{"damage":3,"enemies":"Jaw Worm","floor":2,"turns":4},{"damage":6,"enemies":"2 Louse","floor":3,"turns":2},{"damage":4,"enemies":"Looter","floor":4,"turns":3},{"damage":6,"enemies":"Gremlin Nob","floor":7,"turns":3},{"damage":6,"enemies":"Blue Slaver","floor":9,"turns":6},{"damage":4,"enemies":"Blue Slaver","floor":10,"turns":3},{"damage":5,"enemies":"Lots of Slimes","floor":12,"turns":2},{"damage":13,"enemies":"Gremlin Gang","floor":13,"turns":4},{"damage":14,"enemies":"conspire:2 RoseBushes","floor":16,"turns":4},{"damage":11,"enemies":"Hexaghost","floor":18,"turns":6},{"damage":20,"enemies":"Shell Parasite","floor":20,"turns":4},{"damage":0,"enemies":"Spheric Guardian","floor":22,"turns":3},{"damage":18,"enemies":"3 Cultists","floor":23,"turns":5},{"damage":35,"enemies":"Book of Stabbing","floor":26,"turns":5},{"damage":30,"enemies":"Sentry and Sphere","floor":30,"turns":6},{"damage":9,"enemies":"Shelled Parasite and Fungi","floor":31,"turns":2}],"seed_played":"8125727571378234395","potions_obtained":[{"floor":2,"key":"EssenceOfSteel"},{"floor":4,"key":"AttackPotion"},{"floor":10,"key":"SteroidPotion"},{"floor":12,"key":"champ:CounterPotion"},{"floor":18,"key":"Swift Potion"},{"floor":23,"key":"SteroidPotion"}],"is_trial":false,"path_per_floor":["M","M","M","M","$","R","E","R","MIM","M","?","M","M","PTL","PTL","M","R","B",null,"M","$","M","M","?","R","E","?","T","R","M","M"],"character_chosen":"THE_SILENT","items_purchased":["ReplayTheSpireMod:CursedCoin","MerchantsRug","Backstab","StuffTheSpire:Fury","Infinite Blades","Lantern"],"campfire_rested":3,"item_purchase_floors":[5,5,5,21,21,21],"current_hp_per_floor":[67,64,58,54,54,54,48,48,42,38,38,33,20,20,20,6,27,16,70,50,50,50,32,32,53,18,18,18,39,9,0,0],"gold":170,"neow_bonus":"RANDOM_COMMON_RELIC","is_daily":false,"chose_seed":false,"campfire_upgraded":2,"win_rate":0.0,"timestamp":1608320722,"path_taken":["M","M","M","M","$","R","E","R","MIM","M","?","M","M","PTL","PTL","M","R","BOSS","M","$","M","M","?","R","E","?","T","R","M","M"],"items_purchased_type":["Relic","Relic","Card","Card","Card","Relic"],"build_version":"2020-12-13","purchased_purges":1,"victory":false,"max_hp_per_floor":[70,70,70,70,70,70,70,70,70,70,70,70,70,70,70,70,70,70,70,70,70,70,70,70,70,70,70,70,70,70,70,70],"card_choices":[{"not_picked":["Blur","StuffTheSpire:Incantation"],"picked":"Flying Knee","floor":1},{"not_picked":["Prepared","Fluid Movement"],"picked":"Deadly Poison","floor":2},{"not_picked":["ReplayTheSpireMod:Exploit Weakness","Deflect"],"picked":"Deadly Poison","floor":3},{"not_picked":["Deflect","ReplayTheSpireMod:Scrap Shanks"],"picked":"Draining Mist","floor":4},{"not_picked":["Blur","Choke"],"picked":"Venomology","floor":7},{"not_picked":["Acrobatics","conspire:DoublingDagger","HollowMod:SharpenedNail"],"picked":"hubris:Sniper","floor":9},{"not_picked":["StuffTheSpire:Injection","Dagger Spray","StuffTheSpire:Shiver"],"picked":"HollowMod:CycloneSlash","floor":10},{"not_picked":["Dagger Spray","Tactician","HollowMod:NewLittleFool"],"picked":"Blade Dance","floor":12},{"not_picked":["StuffTheSpire:MirrorStance","Calculated Gamble","HollowMod:SharpenedShadows"],"picked":"Noxious Fumes","floor":13},{"not_picked":["Prepared","Draining Mist","HollowMod:WraithStrike"],"picked":"Dagger Throw","floor":16},{"not_picked":["Doppelganger","After Image","HollowMod:theNailsmith"],"picked":"Burst","floor":18},{"not_picked":["StuffTheSpire:Repulse","Underhanded Strike+1","HollowMod:NewJinnsSoul"],"picked":"Flechettes","floor":20},{"not_picked":["hubris:SlightOfHand","Slice+1","HollowMod:CornifersMapStart"],"picked":"StuffTheSpire:Shiver","floor":22},{"not_picked":["Outmaneuver","Expertise","HollowMod:DashSlash"],"picked":"conspire:PoisonWeapons","floor":23},{"not_picked":["StuffTheSpire:Incantation+1","Sucker Punch+1","HollowMod:CycloneSlash"],"picked":"Flying Knee","floor":26},{"not_picked":["Leg Sweep","Outmaneuver+1","Prepared","HollowMod:ShapeofUnn"],"picked":"SKIP","floor":30}],"player_experience":13289,"relics_obtained":[{"floor":7,"key":"hubris:DisguiseKit"},{"floor":9,"key":"hubris:ToyBattleship"},{"floor":26,"key":"StuffTheSpire:Barrel"},{"floor":28,"key":"CCEMRelics:Barrel"}],"event_choices":[{"cards_removed":["Draining Mist"],"damage_healed":0,"gold_gain":0,"player_choice":"Give","damage_taken":0,"max_hp_gain":0,"max_hp_loss":0,"event_name":"betterNote:BetterNote","floor":24,"gold_loss":0,"cards_obtained":["None"]},{"damage_healed":0,"gold_gain":0,"player_choice":"Copied","damage_taken":0,"max_hp_gain":0,"max_hp_loss":0,"event_name":"Duplicator","floor":27,"gold_loss":0,"cards_obtained":["Backstab"]}],"is_beta":false,"boss_relics":[{"not_picked":["halation:PlatinumPhoenix","Empty Cage"],"picked":"CCEMRelics:GreenEgg"}],"items_purged_floors":[5],"is_endless":false,"potions_floor_spawned":[2,4,10,12,16,18,22,23],"killed_by":"Shelled Parasite and Fungi","ascension_level":0}}