{"host":"8h3glbk9j4k4ylc4","time":1608313176,"event":{"mods":["AchievementEnabler","Act Like it!","BaseMod","Colored Map","Colored Powertips","Energized Spire","Gensokyo","Hallownest","Hermit","Hubris","Infinite Spire","Jorbs\u0027s Wanderer Trilogy","Lobotomy","Marisa????????","Minty Spire (QoL Compilation)","Replay The Spire","Somnambulant","StSLib","Td1madao Mod","The Bug Knight","The Judge","The Senshi"],"gold_per_floor":[279,292,292,309,319,319,338,338,365,26,49,84,95,109,109,216,216,234,254,289,70,95,95,35,35,35,35,52,75,100,293,293,300,300],"floor_reached":33,"playtime":3803,"items_purged":["hermit:HighCaliber"],"score":253,"play_id":"cfef906e-f7b9-48f9-8d25-dc3cb7054f8e","local_time":"20201218193936","is_ascension_mode":false,"campfire_choices":[{"data":"hermit:Scavenge","floor":6,"key":"SMITH"},{"data":"hermit:CursedWeapon","floor":8,"key":"SMITH"},{"data":"hermit:Combo","floor":15,"key":"SMITH"},{"floor":23,"key":"REST"},{"data":"hermit:HighNoon","floor":25,"key":"SMITH"},{"data":"hermit:OverwhelmingPower","floor":27,"key":"SMITH"},{"floor":32,"key":"REST"}],"circlet_count":0,"master_deck":["hermit:Strike_Hermit","hermit:Strike_Hermit","hermit:Strike_Hermit","hermit:Strike_Hermit","hermit:Defend_Hermit","hermit:Defend_Hermit","hermit:Defend_Hermit","hermit:Snapshot","hermit:Covet","hermit:Ricochet","hermit:Scavenge+1","hermit:Desperado","hermit:HoleUp","hermit:CursedWeapon+1","hermit:Combo+1","hermit:GoldenBullet","hermit:GhostlyPresence","hermit:FinalCanter","hermit:Midnight","hermit:HighNoon+1","hermit:Glare","hermit:OverwhelmingPower+1","hermit:TakeAim+1","hermit:Misfire+1","hermit:Roughhouse","hermit:WideOpen"],"relics":["hermit:Momento","Lantern","HandDrill","Pondfish Scales","energizedSpire:MagnifyingGlass","Red Mask","Regal Pillow","HollowMod:PaleOreRelic"],"acts_visited":["Exordium","TheCity"],"potions_floor_usage":[5,11,11,11,19,19,28,28,33],"damage_taken":[{"damage":2,"enemies":"Small Slimes","floor":1,"turns":4},{"damage":1,"enemies":"Cultist","floor":2,"turns":3},{"damage":1,"enemies":"Jaw Worm","floor":4,"turns":2},{"damage":5,"enemies":"Exordium Thugs","floor":5,"turns":3},{"damage":0,"enemies":"Blue Slaver","floor":7,"turns":3},{"damage":2,"enemies":"Looter","floor":11,"turns":4},{"damage":23,"enemies":"Replay:BlueRogue","floor":12,"turns":4},{"damage":3,"enemies":"3 Louse","floor":13,"turns":3},{"damage":9,"enemies":"2 Fungi Beasts","floor":14,"turns":3},{"damage":3,"enemies":"Fading Forest","floor":16,"turns":11},{"damage":0,"enemies":"Chosen","floor":18,"turns":3},{"damage":18,"enemies":"2 Thieves","floor":19,"turns":4},{"damage":30,"enemies":"Masked Bandits","floor":20,"turns":6},{"damage":19,"enemies":"Snake Plant","floor":22,"turns":4},{"damage":13,"enemies":"Shelled Parasite and Fungi","floor":28,"turns":5},{"damage":23,"enemies":"Centurion and Healer","floor":29,"turns":5},{"damage":7,"enemies":"Chosen and Byrds","floor":30,"turns":4},{"damage":46,"enemies":"Pondfish","floor":33,"turns":7}],"seed_played":"-131167759614301705","potions_obtained":[{"floor":2,"key":"PowerPotion"},{"floor":5,"key":"PowerPotion"},{"floor":7,"key":"EntropicBrew"},{"floor":12,"key":"SteroidPotion"},{"floor":20,"key":"SpeedPotion"},{"floor":22,"key":"Fruit Juice"},{"floor":28,"key":"SmokeBomb"},{"floor":30,"key":"Fire Potion"}],"is_trial":false,"path_per_floor":["M","M","?","M","M","R","M","R","T","$","M","E","M","M","R","B",null,"M","M","?","$","M","R","$","R","T","R","M","M","M","?","R","B"],"character_chosen":"HERMIT","items_purchased":["hermit:Combo","hermit:GoldenBullet","hermit:GhostlyPresence","HandDrill","Regal Pillow","hermit:TakeAim+1"],"campfire_rested":2,"item_purchase_floors":[10,10,10,10,21,24],"current_hp_per_floor":[73,72,72,71,66,66,66,66,66,66,64,41,38,29,29,36,75,75,57,27,27,8,45,45,45,45,45,37,14,7,7,46,0,0],"gold":300,"neow_bonus":"","is_daily":false,"chose_seed":false,"campfire_upgraded":5,"win_rate":0.0,"timestamp":1608313176,"path_taken":["M","M","?","M","M","R","M","R","T","$","M","E","M","?","R","BOSS","M","M","?","$","M","R","?","R","T","R","M","M","M","?","R","BOSS"],"items_purchased_type":["Card","Card","Card","Relic","Relic","Card"],"build_version":"2020-12-13","purchased_purges":1,"victory":false,"max_hp_per_floor":[75,75,75,75,75,75,75,75,75,75,75,75,75,75,75,75,75,75,75,75,75,75,75,75,75,75,75,80,80,80,80,80,80,80],"card_choices":[{"not_picked":["hermit:Misfire","hermit:Malice"],"picked":"hermit:Ricochet","floor":1},{"not_picked":["hermit:Ricochet","hermit:TrackingShot"],"picked":"hermit:Scavenge","floor":2},{"not_picked":["hermit:Virtue","hermit:Coalescence"],"picked":"hermit:Desperado","floor":4},{"not_picked":["hermit:Roulette","hermit:BodyArmor"],"picked":"hermit:HoleUp","floor":5},{"not_picked":["hermit:Roulette","hermit:SprayPray"],"picked":"hermit:CursedWeapon","floor":7},{"not_picked":["hermit:WideOpen","hermit:CalledShot"],"picked":"hermit:HighCaliber","floor":11},{"not_picked":["hermit:Virtue","hermit:NoHoldsBarred","hermit:Spite"],"picked":"SKIP","floor":12},{"not_picked":["hermit:HighCaliber","hermit:ItchyTrigger"],"picked":"hermit:FinalCanter","floor":13},{"not_picked":["hermit:PistolWhip","hermit:Snipe"],"picked":"hermit:Midnight","floor":14},{"not_picked":["hermit:Adapt","hermit:Gambit"],"picked":"hermit:HighNoon","floor":16},{"not_picked":["hermit:Shortfuse","hermit:Ricochet","hermit:Desperado"],"picked":"SKIP","floor":18},{"not_picked":["hermit:LuckOfTheDraw","hermit:Headshot","hermit:HoleUp"],"picked":"SKIP","floor":19},{"not_picked":["hermit:WideOpen","hermit:Headshot"],"picked":"hermit:Glare","floor":20},{"not_picked":["hermit:Desperado+1","hermit:Coalescence+1"],"picked":"hermit:OverwhelmingPower","floor":22},{"not_picked":["hermit:WideOpen","hermit:HighCaliber"],"picked":"hermit:Misfire+1","floor":28},{"not_picked":["hermit:Manifest","hermit:Headshot+1"],"picked":"hermit:Roughhouse","floor":29},{"not_picked":["hermit:Glare","hermit:Misfire","hermit:ItchyTrigger"],"picked":"SKIP","floor":30},{"not_picked":["hermit:CalledShot+1","hermit:LowProfile"],"picked":"hermit:WideOpen","floor":31}],"player_experience":298043,"relics_obtained":[{"floor":9,"key":"Lantern"},{"floor":12,"key":"Pondfish Scales"},{"floor":20,"key":"Red Mask"},{"floor":26,"key":"HollowMod:PaleOreRelic"}],"event_choices":[{"cards_removed":["hermit:Defend_Hermit"],"damage_healed":0,"gold_gain":0,"player_choice":"Purged","damage_taken":0,"max_hp_gain":0,"max_hp_loss":0,"event_name":"Purifier","floor":3,"gold_loss":0},{"damage_healed":0,"gold_gain":0,"player_choice":"Fought Bandits","damage_taken":0,"max_hp_gain":0,"max_hp_loss":0,"event_name":"Masked Bandits","floor":20,"gold_loss":0}],"is_beta":false,"boss_relics":[{"not_picked":["ReplayTheSpireMod:DimensionalGlitch","Replay:Wanted Poster"],"picked":"energizedSpire:MagnifyingGlass"}],"items_purged_floors":[21],"is_endless":false,"potions_floor_spawned":[2,5,7,12,20,22,28,30],"killed_by":"Pondfish","ascension_level":0}}