{"host":"wl5kcyk3ocgwii71","time":1608267095,"event":{"mods":["AchievementEnabler","BaseMod","Better Altar","Better Match","Better Note","Better Sensory Stone","Better Skull","Better Third Choice","Colored Powertips","Downfall","Hermit","Minty Spire (QoL Compilation)","Quick Restart","Replay The Spire","StSLib","The Servant 0.9.4"],"gold_per_floor":[111,127,140,127,15,15,31,31,31,105,105,123,123,48,63,74,74,177,177,177,177,177,127,80,80,80,80,80,80,80,80,80,80,80,80,80],"floor_reached":35,"playtime":1213,"items_purged":["Strike_G"],"score":438,"play_id":"29a08fb5-7e26-4b3e-ad99-9a0a21697a90","local_time":"20201217205135","is_ascension_mode":true,"campfire_choices":[{"data":"Neutralize","floor":6,"key":"SMITH"},{"data":"Finisher","floor":13,"key":"SMITH"},{"data":"Riddle With Holes","floor":17,"key":"SMITH"},{"data":"After Image","floor":26,"key":"SMITH"},{"data":"Ghostly","floor":34,"key":"SMITH"}],"circlet_count":0,"master_deck":["Strike_G","Strike_G","Strike_G","Strike_G","Defend_G","Defend_G","Defend_G","Defend_G","Defend_G","Survivor","Neutralize+1","Finisher+1","Cloak And Dagger","Cloak And Dagger","Infinite Blades","Deflect","Prepared","Riddle With Holes+1","After Image+1","Quick Slash","PiercingWail","Poisoned Stab","Acrobatics+1","Ghostly+1","Ghostly","Ghostly","Ghostly","Ghostly","Flying Knee"],"relics":["Busted Crown","Mercury Hourglass","Ectoplasm","Iron Hammer","Prayer Wheel","Replay:Bottled Flurry"],"acts_visited":["Exordium","TheCity"],"potions_floor_usage":[],"damage_taken":[{"damage":0,"enemies":"Cultist","floor":1,"turns":4},{"damage":7,"enemies":"Jaw Worm","floor":2,"turns":4},{"damage":0,"enemies":"Small Slimes","floor":3,"turns":4},{"damage":6,"enemies":"Exordium Thugs","floor":4,"turns":5},{"damage":0,"enemies":"Blue Slaver","floor":7,"turns":4},{"damage":4,"enemies":"Red Slaver","floor":12,"turns":2},{"damage":0,"enemies":"2 Fungi Beasts","floor":15,"turns":3},{"damage":0,"enemies":"Looter","floor":16,"turns":4},{"damage":36,"enemies":"Fading Forest","floor":18,"turns":11},{"damage":3,"enemies":"Chosen","floor":20,"turns":5},{"damage":0,"enemies":"Spheric Guardian","floor":21,"turns":3},{"damage":22,"enemies":"Snake Plant","floor":22,"turns":7},{"damage":10,"enemies":"Book of Stabbing","floor":25,"turns":7},{"damage":8,"enemies":"Snecko","floor":27,"turns":6},{"damage":0,"enemies":"Centurion and Healer","floor":29,"turns":7},{"damage":0,"enemies":"Gremlin Leader","floor":31,"turns":8},{"damage":0,"enemies":"Sentry and Sphere","floor":33,"turns":5},{"damage":38,"enemies":"Automaton","floor":35,"turns":6}],"seed_played":"-6931403238967138714","potions_obtained":[{"floor":1,"key":"Dexterity Potion"},{"floor":2,"key":"Elixir"},{"floor":4,"key":"Regen Potion"}],"is_trial":false,"path_per_floor":["M","M","M","M","$","R","M","PTL","PTL","?","T","M","R","$","M","M","R","B",null,"M","M","M","?","$","E","R","M","T","M","?","E","?","M","R","B"],"character_chosen":"THE_SILENT","items_purchased":["Cloak And Dagger","Infinite Blades","PiercingWail"],"campfire_rested":0,"item_purchase_floors":[5,5,24],"current_hp_per_floor":[63,56,56,50,50,50,50,50,50,50,50,46,46,46,46,46,46,34,61,58,58,36,36,36,26,26,18,18,18,18,18,30,30,30,0,0],"gold":80,"neow_bonus":"BOSS_RELIC","is_daily":false,"chose_seed":false,"campfire_upgraded":5,"win_rate":0.0,"timestamp":1608267095,"path_taken":["M","M","M","?","$","R","M","PTL","PTL","?","T","M","R","?","M","M","R","BOSS","M","M","M","?","$","E","R","M","T","?","?","E","?","M","R","BOSS"],"items_purchased_type":["Card","Card","Card"],"build_version":"2020-12-13","purchased_purges":1,"victory":false,"max_hp_per_floor":[70,70,70,70,70,70,70,70,70,70,70,70,70,70,70,70,70,70,70,70,70,70,70,70,70,70,70,70,70,35,35,35,35,35,35,35],"card_choices":[{"not_picked":["Reflex"],"picked":"SKIP","floor":1},{"not_picked":[],"picked":"Finisher","floor":2},{"not_picked":["Sucker Punch"],"picked":"SKIP","floor":3},{"not_picked":["Replay:Poison Smokescreen"],"picked":"SKIP","floor":4},{"not_picked":["Replay:Poison Smokescreen"],"picked":"SKIP","floor":7},{"not_picked":[],"picked":"Deflect","floor":10},{"not_picked":[],"picked":"Prepared","floor":12},{"not_picked":["Expertise"],"picked":"SKIP","floor":15},{"not_picked":[],"picked":"Riddle With Holes","floor":16},{"not_picked":[],"picked":"After Image","floor":18},{"not_picked":["Leg Sweep"],"picked":"SKIP","floor":20},{"not_picked":["Eviscerate"],"picked":"SKIP","floor":21},{"not_picked":[],"picked":"Quick Slash","floor":22},{"not_picked":[],"picked":"Poisoned Stab","floor":25},{"not_picked":["Dagger Spray"],"picked":"SKIP","floor":27},{"not_picked":[],"picked":"Acrobatics+1","floor":29},{"not_picked":["Phantasmal Killer"],"picked":"SKIP","floor":29},{"not_picked":["Bane"],"picked":"SKIP","floor":31},{"not_picked":[],"picked":"Flying Knee","floor":33},{"not_picked":["Sucker Punch+1"],"picked":"SKIP","floor":33}],"player_experience":364741,"relics_obtained":[{"floor":11,"key":"Mercury Hourglass"},{"floor":25,"key":"Iron Hammer"},{"floor":28,"key":"Prayer Wheel"},{"floor":31,"key":"Replay:Bottled Flurry"}],"event_choices":[{"damage_healed":0,"gold_gain":0,"player_choice":"Bet on Murderer","damage_taken":0,"max_hp_gain":0,"max_hp_loss":0,"event_name":"The Joust","floor":23,"gold_loss":50},{"damage_healed":0,"gold_gain":0,"player_choice":"Became a Ghost","damage_taken":0,"max_hp_gain":0,"max_hp_loss":35,"event_name":"Ghosts","floor":30,"gold_loss":0,"cards_obtained":["Ghostly","Ghostly","Ghostly","Ghostly","Ghostly"]},{"damage_healed":12,"gold_gain":0,"player_choice":"Heal","damage_taken":0,"max_hp_gain":0,"max_hp_loss":0,"event_name":"The Library","floor":32,"gold_loss":0}],"is_beta":false,"boss_relics":[{"not_picked":["Pandora\u0027s Box","Replay:Wanted Poster"],"picked":"Ectoplasm"}],"items_purged_floors":[14],"is_endless":false,"potions_floor_spawned":[1,2,4,16,20,22],"killed_by":"Automaton","ascension_level":6}}