{"host":"3h4noqcu0mfg0f0b","time":1608332094,"event":{"mods":["BaseMod","Better Note","Better Sensory Stone","Better Skull","Better Third Choice","Better Vampires","Downfall-Rebalance","Emptier Cage","Minty Spire (QoL Compilation)","Permanent Neow","StSLib"],"gold_per_floor":[118,137,137,153,168,168,203,203,203,203,237,247,267,9,9,108,108,123,143,143,158,158,158,158,158,181,181,181],"floor_reached":27,"playtime":1583,"items_purged":["Strike_B"],"score":267,"play_id":"70fc2d04-b1d1-41c9-a493-a2028c8c084a","local_time":"20201218145454","is_ascension_mode":true,"campfire_choices":[{"data":"Streamline","floor":6,"key":"SMITH"},{"data":"Auto Shields","floor":8,"key":"SMITH"},{"data":"Conserve Battery","floor":10,"key":"SMITH"},{"data":"Genetic Algorithm","floor":15,"key":"SMITH"},{"data":"Sweeping Beam","floor":23,"key":"SMITH"},{"data":"1","floor":25,"key":"LIFT"}],"circlet_count":0,"master_deck":["Strike_B","Strike_B","Defend_B","Defend_B","Defend_B","Defend_B","Zap","Dualcast","Auto Shields+1","Loop","Streamline+1","Conserve Battery+1","Double Energy","Sweeping Beam+1","Heatsinks","Buffer","Self Repair","Genetic Algorithm+1","Seek","CurseOfTheBell","Capacitor","Force Field","Writhe","Storm+1"],"relics":["Nuclear Battery","Kunai","Mummified Hand","Gremlin Horn","Membership Card","Calling Bell","Toy Ornithopter","White Beast Statue","Girya","Strawberry"],"acts_visited":["Exordium","TheCity"],"potions_floor_usage":[7,16,19,21,21,24],"damage_taken":[{"damage":0,"enemies":"Cultist","floor":1,"turns":4},{"damage":1,"enemies":"2 Louse","floor":2,"turns":3},{"damage":8,"enemies":"Jaw Worm","floor":4,"turns":6},{"damage":6,"enemies":"Looter","floor":5,"turns":4},{"damage":45,"enemies":"Gremlin Nob","floor":7,"turns":5},{"damage":3,"enemies":"Lagavulin","floor":11,"turns":6},{"damage":7,"enemies":"Exordium Wildlife","floor":12,"turns":3},{"damage":0,"enemies":"Large Slime","floor":13,"turns":5},{"damage":21,"enemies":"Slime Boss","floor":16,"turns":13},{"damage":19,"enemies":"Spheric Guardian","floor":18,"turns":7},{"damage":16,"enemies":"3 Byrds","floor":19,"turns":8},{"damage":30,"enemies":"Snake Plant","floor":21,"turns":7},{"damage":8,"enemies":"Book of Stabbing","floor":24,"turns":6},{"damage":24,"enemies":"Slavers","floor":27,"turns":2}],"seed_played":"-2311800236029702292","potions_obtained":[{"floor":2,"key":"PowerPotion"},{"floor":7,"key":"FairyPotion"},{"floor":12,"key":"Dexterity Potion"},{"floor":13,"key":"SkillPotion"},{"floor":18,"key":"Block Potion"},{"floor":19,"key":"Strength Potion"},{"floor":21,"key":"SmokeBomb"}],"is_trial":false,"path_per_floor":["M","M","?","M","M","R","E","R","T","R","E","M","M","$","R","B",null,"M","M","?","M","?","R","E","R","T","E"],"character_chosen":"DEFECT","items_purchased":["Membership Card","Self Repair","Genetic Algorithm"],"campfire_rested":0,"item_purchase_floors":[14,14,14],"current_hp_per_floor":[75,74,74,66,60,60,15,15,15,15,12,5,5,5,5,29,75,63,59,66,53,37,37,41,41,41,17,17],"gold":181,"neow_bonus":"BOSS_RELIC","is_daily":false,"chose_seed":false,"campfire_upgraded":5,"win_rate":0.0,"timestamp":1608332094,"path_taken":["M","M","?","?","?","R","E","R","T","R","E","M","M","$","R","BOSS","M","M","?","M","?","R","E","R","T","E"],"items_purchased_type":["Relic","Card","Card"],"build_version":"2020-12-13","purchased_purges":1,"victory":false,"max_hp_per_floor":[75,75,75,75,75,75,75,75,75,75,75,75,75,75,75,75,75,75,75,82,82,87,87,87,87,87,87,87],"card_choices":[{"not_picked":["Turbo","Redo"],"picked":"Auto Shields","floor":1},{"not_picked":["Hologram","Stack"],"picked":"Loop","floor":2},{"not_picked":["Scrape","Stack"],"picked":"Streamline","floor":4},{"not_picked":["Redo","Chill"],"picked":"Conserve Battery","floor":5},{"not_picked":["Leap","Heatsinks"],"picked":"Double Energy","floor":7},{"not_picked":["Darkness","Compile Driver"],"picked":"Sweeping Beam","floor":11},{"not_picked":["Barrage","Turbo"],"picked":"Heatsinks","floor":12},{"not_picked":["Sweeping Beam","Fusion"],"picked":"Buffer","floor":13},{"not_picked":["Electrodynamics","Core Surge"],"picked":"Seek","floor":16},{"not_picked":["Conserve Battery+1","Stack"],"picked":"Capacitor","floor":18},{"not_picked":["Sweeping Beam","Hologram"],"picked":"Force Field","floor":19},{"not_picked":["Sweeping Beam","Beam Cell+1"],"picked":"Storm+1","floor":21}],"player_experience":172106,"relics_obtained":[{"floor":7,"key":"Kunai"},{"floor":9,"key":"Mummified Hand"},{"floor":11,"key":"Gremlin Horn"},{"floor":17,"key":"Toy Ornithopter"},{"floor":17,"key":"White Beast Statue"},{"floor":17,"key":"Girya"}],"event_choices":[{"cards_removed":["Strike_B"],"damage_healed":0,"gold_gain":0,"player_choice":"Offered Basic","damage_taken":0,"max_hp_gain":0,"max_hp_loss":0,"event_name":"Bonfire Elementals","floor":3,"gold_loss":0},{"damage_healed":0,"gold_gain":0,"player_choice":"Opened","damage_taken":0,"relics_obtained":["Strawberry"],"max_hp_gain":0,"max_hp_loss":0,"event_name":"The Mausoleum","floor":20,"gold_loss":0,"cards_obtained":["Writhe"]},{"damage_healed":0,"gold_gain":0,"player_choice":"Shed Blood","damage_taken":21,"max_hp_gain":5,"max_hp_loss":0,"event_name":"Forgotten Altar","floor":22,"gold_loss":0}],"is_beta":false,"boss_relics":[{"not_picked":["Velvet Choker","Busted Crown"],"picked":"Calling Bell"}],"items_purged_floors":[14],"is_endless":false,"potions_floor_spawned":[2,7,12,13,18,19,21,24],"killed_by":"Slavers","ascension_level":2}}