{"host":"as6ljwn8p53umtwv","time":1608331513,"event":{"mods":["BaseMod","Better Third Choice","Hermit","Marisa????????","Minty Spire (QoL Compilation)","StSLib","The Animator","The Servant 0.9.4"],"gold_per_floor":[117,67,85,85,99,99,99,122,170,170,170,170,193,236,236,365,365,389,389,76,99,99,99,132,145,145,145,45,69,69,83,83,206,206,226,244,244,244,257,257,257,257,257,257,282,282,282,282,282,282],"floor_reached":51,"playtime":2876,"items_purged":["Injury","Writhe"],"score":695,"play_id":"6a2bcf69-44fe-4fbd-ac2b-c3aa4f80f12e","local_time":"20201218234513","is_ascension_mode":true,"campfire_choices":[{"data":"hermit:Vantage","floor":6,"key":"SMITH"},{"data":"hermit:Maintenance","floor":10,"key":"SMITH"},{"data":"hermit:Snapshot","floor":12,"key":"SMITH"},{"floor":15,"key":"REST"},{"data":"hermit:BlackWind","floor":23,"key":"SMITH"},{"data":"hermit:TakeAim","floor":27,"key":"SMITH"},{"data":"hermit:Adapt","floor":30,"key":"SMITH"},{"floor":32,"key":"RECALL"},{"floor":40,"key":"REST"},{"data":"hermit:HighNoon","floor":42,"key":"SMITH"},{"data":"hermit:Determination","floor":44,"key":"SMITH"},{"floor":46,"key":"REST"},{"floor":49,"key":"REST"}],"circlet_count":0,"master_deck":["hermit:Strike_Hermit","hermit:Strike_Hermit","hermit:Strike_Hermit","hermit:Strike_Hermit","hermit:Defend_Hermit","hermit:Defend_Hermit","hermit:Defend_Hermit","hermit:Snapshot+1","hermit:Covet","hermit:Vantage+1","hermit:BigShot+1","hermit:Maintenance+1","hermit:BlackWind+1","hermit:Adapt+1","hermit:NoHoldsBarred+1","hermit:TakeAim+1","hermit:Determination+1","hermit:HighNoon+1","Madness+1","Madness+1","Mind Blast"],"relics":["hermit:Momento","NeowsBlessing","Golden Idol","Bronze Scales","Anchor","Sozu","Enchiridion","Singing Bowl","Art of War","Blood Vial","Toxic Egg 2","Runic Dome","TungstenRod"],"acts_visited":["Exordium","TheCity","TheBeyond"],"potions_floor_usage":[14,16],"damage_taken":[{"damage":0,"enemies":"Jaw Worm","floor":1,"turns":1},{"damage":0,"enemies":"2 Louse","floor":3,"turns":1},{"damage":0,"enemies":"Small Slimes","floor":5,"turns":1},{"damage":0,"enemies":"Exordium Wildlife","floor":8,"turns":3},{"damage":0,"enemies":"2 Fungi Beasts","floor":13,"turns":3},{"damage":23,"enemies":"Gremlin Nob","floor":14,"turns":4},{"damage":32,"enemies":"The Guardian","floor":16,"turns":11},{"damage":2,"enemies":"Shell Parasite","floor":18,"turns":6},{"damage":4,"enemies":"3 Byrds","floor":21,"turns":3},{"damage":0,"enemies":"Gremlin Leader","floor":24,"turns":5},{"damage":1,"enemies":"Snake Plant","floor":25,"turns":3},{"damage":1,"enemies":"Centurion and Healer","floor":29,"turns":7},{"damage":18,"enemies":"Sentry and Sphere","floor":31,"turns":4},{"damage":39,"enemies":"Collector","floor":33,"turns":9},{"damage":9,"enemies":"3 Darklings","floor":35,"turns":4},{"damage":30,"enemies":"3 Shapes","floor":36,"turns":4},{"damage":18,"enemies":"Jaw Worm Horde","floor":39,"turns":3},{"damage":11,"enemies":"4 Shapes","floor":45,"turns":4},{"damage":54,"enemies":"Donu and Deca","floor":50,"turns":9}],"seed_played":"6691961080121158602","potions_obtained":[{"floor":3,"key":"ColorlessPotion"},{"floor":5,"key":"EssenceOfSteel"}],"is_trial":false,"path_per_floor":["M","?","M","?","M","R","?","M","T","R","?","R","M","E","R","B",null,"M","?","$","M","?","R","E","M","T","R","$","M","R","M","R","B",null,"M","M","?","?","M","R","?","R","T","R","M","R","$","?","R","B",null],"character_chosen":"HERMIT","items_purchased":["Singing Bowl"],"campfire_rested":4,"item_purchase_floors":[20],"current_hp_per_floor":[75,75,75,75,75,75,60,60,60,60,48,48,48,25,47,15,75,73,57,57,53,53,53,55,56,56,56,56,59,59,43,43,6,79,72,46,36,36,22,47,47,47,47,47,40,66,66,66,87,33],"gold":282,"neow_bonus":"THREE_ENEMY_KILL","is_daily":false,"chose_seed":false,"campfire_upgraded":8,"win_rate":0.0,"timestamp":1608331513,"path_taken":["M","?","M","?","?","R","?","M","T","R","?","R","M","E","R","BOSS","M","?","$","M","?","R","E","M","T","R","$","M","R","M","R","BOSS","M","M","?","?","?","R","?","R","T","R","?","R","$","?","R","BOSS"],"items_purchased_type":["Relic"],"build_version":"2020-12-13","purchased_purges":2,"victory":true,"max_hp_per_floor":[75,75,75,75,75,75,75,75,75,75,75,75,75,75,75,75,75,75,75,75,75,75,75,77,77,77,77,77,79,79,79,79,79,79,81,83,83,83,85,85,85,85,85,85,87,87,87,87,87,87],"card_choices":[{"not_picked":["hermit:DeadMansHand","hermit:ItchyTrigger"],"picked":"hermit:Vantage","floor":1},{"not_picked":["hermit:Vantage","hermit:CalledShot"],"picked":"hermit:TrackingShot","floor":3},{"not_picked":["hermit:HoleUp","hermit:Cheat"],"picked":"hermit:BigShot","floor":5},{"not_picked":["hermit:Dive","hermit:Horror"],"picked":"hermit:Maintenance","floor":8},{"not_picked":["hermit:SprayPray","hermit:Snipe","hermit:Headshot"],"picked":"SKIP","floor":13},{"not_picked":["hermit:Virtue","hermit:Gestalt"],"picked":"hermit:BlackWind","floor":14},{"not_picked":["hermit:Gambit","hermit:BlackWind"],"picked":"hermit:Adapt","floor":16},{"not_picked":["hermit:TrackingShot","hermit:HighCaliber","hermit:Misfire+1"],"picked":"SKIP","floor":18},{"not_picked":["hermit:DeadMansHand","hermit:Misfire+1"],"picked":"hermit:NoHoldsBarred+1","floor":21},{"not_picked":["hermit:CalledShot+1","hermit:EyeOfTheStorm","hermit:HoleUp"],"picked":"Singing Bowl","floor":24},{"not_picked":["hermit:ShadowCloak","hermit:Enervate"],"picked":"hermit:TakeAim","floor":25},{"not_picked":["hermit:Quickdraw+1","hermit:Roulette","hermit:NoHoldsBarred"],"picked":"Singing Bowl","floor":29},{"not_picked":["hermit:LowProfile+1","hermit:ShadowCloak"],"picked":"hermit:Determination","floor":31},{"not_picked":["hermit:FatalDesire","hermit:HeroicBravado+1"],"picked":"hermit:HighNoon","floor":33},{"not_picked":["hermit:CursedWeapon","hermit:Desperado","hermit:CalledShot"],"picked":"Singing Bowl","floor":35},{"not_picked":["hermit:HoleUp+1","hermit:BodyArmor+1","hermit:Combo+1"],"picked":"Singing Bowl","floor":36},{"not_picked":["hermit:ShadowCloak+1","hermit:Virtue+1","hermit:BodyArmor+1"],"picked":"Singing Bowl","floor":39},{"not_picked":["hermit:Glare+1","hermit:HoleUp+1","hermit:GhostlyPresence+1"],"picked":"Singing Bowl","floor":45},{"not_picked":["Enlightenment+1","Good Instincts+1"],"picked":"Mind Blast","floor":48}],"player_experience":594885,"relics_obtained":[{"floor":9,"key":"Bronze Scales"},{"floor":14,"key":"Anchor"},{"floor":19,"key":"Enchiridion"},{"floor":24,"key":"Blood Vial"},{"floor":26,"key":"Toxic Egg 2"},{"floor":43,"key":"TungstenRod"}],"event_choices":[{"cards_removed":["hermit:Defend_Hermit"],"damage_healed":0,"gold_gain":0,"player_choice":"Card Removal","damage_taken":0,"max_hp_gain":0,"max_hp_loss":0,"event_name":"The Cleric","floor":2,"gold_loss":50},{"damage_healed":0,"gold_gain":0,"player_choice":"Take Wound","damage_taken":0,"relics_obtained":["Golden Idol"],"max_hp_gain":0,"max_hp_loss":0,"event_name":"Golden Idol","floor":4,"gold_loss":0,"cards_obtained":["Injury"]},{"damage_healed":75,"gold_gain":0,"player_choice":"Upgrade","damage_taken":15,"max_hp_gain":0,"max_hp_loss":75,"event_name":"betterThird:BetterShining","floor":7,"gold_loss":0,"cards_upgraded":["hermit:BigShot","hermit:TrackingShot"]},{"damage_healed":0,"gold_gain":1,"player_choice":"LEAVE","damage_taken":12,"max_hp_gain":0,"max_hp_loss":0,"event_name":"betterThird:BetterScrap","floor":11,"gold_loss":0,"cards_obtained":["WaveOfTheHand"]},{"damage_healed":0,"gold_gain":0,"player_choice":"Obtained Book","damage_taken":16,"max_hp_gain":0,"max_hp_loss":0,"event_name":"Cursed Tome","floor":19,"gold_loss":0},{"damage_healed":0,"gold_gain":0,"player_choice":"Opened","damage_taken":0,"relics_obtained":["Art of War"],"max_hp_gain":0,"max_hp_loss":0,"event_name":"The Mausoleum","floor":22,"gold_loss":0,"cards_obtained":["Writhe"]},{"damage_healed":0,"gold_gain":0,"player_choice":"Embrace Madness","damage_taken":10,"max_hp_gain":0,"max_hp_loss":0,"event_name":"Winding Halls","floor":37,"gold_loss":0,"cards_obtained":["Madness","Madness"]},{"cards_removed":["hermit:TrackingShot"],"damage_healed":0,"gold_gain":0,"player_choice":"Purged","damage_taken":0,"max_hp_gain":0,"max_hp_loss":0,"event_name":"Purifier","floor":38,"gold_loss":0},{"damage_healed":0,"gold_gain":0,"player_choice":"Bought 0 Potions","damage_taken":0,"max_hp_gain":0,"max_hp_loss":0,"event_name":"The Woman in Blue","floor":41,"gold_loss":0},{"damage_healed":0,"gold_gain":0,"player_choice":"Memory 1","damage_taken":0,"max_hp_gain":0,"max_hp_loss":0,"event_name":"SensoryStone","floor":48,"gold_loss":0}],"is_beta":false,"boss_relics":[{"not_picked":["Pandora\u0027s Box","Velvet Choker"],"picked":"Sozu"},{"not_picked":["hermit:BartenderGlass","hermit:DentedPlate"],"picked":"Runic Dome"}],"items_purged_floors":[20,28],"is_endless":false,"potions_floor_spawned":[3,5,21,29,31,36,45],"ascension_level":1}}