{"host":"jt6ecp28db45jqps","time":1608315529,"event":{"mods":["Act Like it!","BaseMod","Downfall","Highlight Path","Minty Spire (QoL Compilation)","Shop Mod","Spicy Shops","StSLib","The Poker Player","[地精首领爬塔]The Maniac"],"gold_per_floor":[109,124,134,145,157,157,184,210,222,245,257,282,294,318,330,447,459,490,518,545,577,604,616,656,668,680,692,717,745,774,804,816,929,941,972,601,618,629,201,244,256,272,272,9,27,68,95,109,109,109],"floor_reached":51,"playtime":3616,"items_purged":["Parasite"],"score":925,"play_id":"a9e4d8b8-4668-4bc9-83d4-4599da8078b8","local_time":"20201219021849","daily_mods":["Vintage","Heirloom","Time Dilation","Flight"],"is_ascension_mode":false,"metric_token":662,"campfire_choices":[{"data":"1","floor":6,"key":"LIFT"},{"floor":11,"key":"REST"},{"data":"PokerPlayerMod:Diamond1","floor":13,"key":"SMITH"},{"data":"PokerPlayerMod:Spade1","floor":15,"key":"SMITH"},{"data":"PokerPlayerMod:BadJoker","floor":23,"key":"SMITH"},{"data":"2","floor":25,"key":"LIFT"},{"data":"3","floor":27,"key":"LIFT"},{"data":"PokerPlayerMod:Sharpen","floor":32,"key":"SMITH"},{"data":"PokerPlayerMod:Diamond2","floor":49,"key":"SMITH"}],"circlet_count":0,"master_deck":["PokerPlayerMod:Diamond3","PokerPlayerMod:Diamond2","PokerPlayerMod:Diamond3","PokerPlayerMod:Diamond4","PokerPlayerMod:Diamond5","PokerPlayerMod:Spade2","PokerPlayerMod:Spade2","PokerPlayerMod:Spade3","PokerPlayerMod:Spade4","PokerPlayerMod:Club1","PokerPlayerMod:Club2","PokerPlayerMod:Heart2","PokerPlayerMod:TrumpStrike+1","PokerPlayerMod:BadJoker+1","PokerPlayerMod:Mulligan+1","PokerPlayerMod:Sharpen+1","PokerPlayerMod:ChangeRules+1","PokerPlayerMod:Diamond1","PokerPlayerMod:WasteCollection+1","PokerPlayerMod:MagicTrick+1","PokerPlayerMod:Harden","PokerPlayerMod:SpadeStrike+1","Apotheosis+1","PokerPlayerMod:CardPrinter+2"],"relics":["PokerPlayerMod:DeckCase","Ice Cream","Bag of Marbles","Ornamental Fan","Potion Belt","PokerPlayerMod:BrokenClock","Girya","sneckomod:BlankCard","Pantograph","Thread and Needle","PokerPlayerMod:FairLicense","Toxic Egg 2","PokerPlayerMod:AceCard","PokerPlayerMod:StuffedPocket","Nunchaku","Anchor","Juzu Bracelet","PokerPlayerMod:ClubPass","Lantern","Eternal Feather","Molten Egg 2","Pen Nib","Guardian:PocketSentry","Membership Card","MerchantsRug","Bronze Scales","Question Card","Du-Vu Doll","CeramicFish","Lee\u0027s Waffle","PokerPlayerMod:BottledPoker","Happy Flower","Omamori","PokerPlayerMod:PendantOfEscape","Orichalcum","Regal Pillow","Torii","Frozen Egg 2","Sling","Incense Burner","Bottled Tornado","Peace Pipe","Strawberry","Pear"],"acts_visited":["Exordium","TheCity","TheBeyond"],"potions_floor_usage":[12,12,19,24,33,50],"damage_taken":[{"damage":8,"enemies":"Small Slimes","floor":1,"turns":3},{"damage":2,"enemies":"Cultist","floor":2,"turns":3},{"damage":0,"enemies":"2 Louse","floor":3,"turns":1},{"damage":8,"enemies":"Blue Slaver","floor":4,"turns":4},{"damage":7,"enemies":"Large Slime","floor":5,"turns":5},{"damage":26,"enemies":"3 Sentries","floor":7,"turns":6},{"damage":0,"enemies":"Red Slaver","floor":8,"turns":2},{"damage":0,"enemies":"2 Fungi Beasts","floor":10,"turns":2},{"damage":0,"enemies":"Large Slime","floor":12,"turns":3},{"damage":0,"enemies":"Blue Slaver","floor":14,"turns":2},{"damage":2,"enemies":"Slime Boss","floor":16,"turns":6},{"damage":2,"enemies":"Spheric Guardian","floor":18,"turns":3},{"damage":4,"enemies":"2 Thieves","floor":19,"turns":3},{"damage":5,"enemies":"Snecko","floor":20,"turns":4},{"damage":3,"enemies":"Chosen and Byrds","floor":21,"turns":4},{"damage":10,"enemies":"Sentry and Sphere","floor":22,"turns":4},{"damage":0,"enemies":"Slavers","floor":24,"turns":5},{"damage":2,"enemies":"3 Cultists","floor":28,"turns":5},{"damage":9,"enemies":"Snecko","floor":29,"turns":3},{"damage":0,"enemies":"Cultist and Chosen","floor":30,"turns":4},{"damage":0,"enemies":"Centurion and Healer","floor":31,"turns":3},{"damage":17,"enemies":"Champ","floor":33,"turns":9},{"damage":0,"enemies":"3 Shapes","floor":35,"turns":2},{"damage":0,"enemies":"Orb Walker","floor":37,"turns":2},{"damage":0,"enemies":"3 Darklings","floor":38,"turns":1},{"damage":0,"enemies":"Giant Head","floor":40,"turns":7},{"damage":0,"enemies":"4 Shapes","floor":41,"turns":4},{"damage":0,"enemies":"Sphere and 2 Shapes","floor":42,"turns":2},{"damage":0,"enemies":"Jaw Worm Horde","floor":45,"turns":2},{"damage":0,"enemies":"Nemesis","floor":46,"turns":3},{"damage":12,"enemies":"Reptomancer","floor":47,"turns":4},{"damage":0,"enemies":"Maw","floor":48,"turns":5},{"damage":14,"enemies":"Donu and Deca","floor":50,"turns":7}],"seed_played":"4127079201371825088","potions_obtained":[{"floor":1,"key":"ColorlessPotion"},{"floor":7,"key":"SpeedPotion"},{"floor":8,"key":"LiquidMemories"},{"floor":10,"key":"LiquidBronze"},{"floor":12,"key":"Fire Potion"},{"floor":21,"key":"Energy Potion"},{"floor":24,"key":"ColorlessPotion"},{"floor":29,"key":"SmokeBomb"},{"floor":30,"key":"EssenceOfSteel"},{"floor":31,"key":"Dexterity Potion"},{"floor":33,"key":"Fire Potion"},{"floor":40,"key":"PowerPotion"},{"floor":45,"key":"Weak Potion"},{"floor":48,"key":"Regen Potion"}],"is_trial":true,"path_per_floor":["M","M","M","M","M","R","E","M","T","M","R","M","R","M","R","B",null,"M","M","M","M","M","R","E","R","T","R","M","M","M","M","R","B",null,"M","$","M","M","$","E","M","M","T","$","M","E","E","M","R","B",null],"character_chosen":"THE_POKER_PLAYER","items_purchased":["Membership Card","MerchantsRug","Bronze Scales","PokerPlayerMod:MagicTrick+1","PokerPlayerMod:Harden","Question Card","Lee\u0027s Waffle","PokerPlayerMod:BottledPoker","Happy Flower","Omamori","PokerPlayerMod:PendantOfEscape","Frozen Egg 2","Sling","Incense Burner","Apotheosis+1"],"campfire_rested":1,"item_purchase_floors":[36,36,36,36,36,36,39,39,39,39,39,44,44,44,44],"current_hp_per_floor":[44,45,51,44,40,40,16,18,18,24,39,41,41,45,45,50,52,50,46,43,46,42,42,45,45,45,52,52,43,43,43,52,35,52,52,49,49,49,56,56,56,56,56,56,56,56,51,63,73,59],"gold":109,"neow_bonus":"","is_daily":false,"chose_seed":false,"campfire_upgraded":5,"win_rate":0.0,"timestamp":1608315529,"path_taken":["M","M","M","M","M","R","E","M","T","M","R","M","R","M","R","BOSS","M","M","M","M","M","R","E","R","T","R","M","M","M","M","R","BOSS","M","$","M","M","$","E","M","M","T","$","M","E","E","M","R","BOSS"],"items_purchased_type":["Relic","Relic","Relic","Card","Card","Relic","Relic","Relic","Relic","Relic","Relic","Relic","Relic","Relic","Card"],"build_version":"2020-12-13","purchased_purges":1,"victory":true,"max_hp_per_floor":[52,52,52,52,52,52,52,52,52,52,52,52,52,52,52,52,52,52,52,52,52,52,52,52,52,52,52,52,52,52,52,52,52,52,52,49,49,49,56,56,56,56,56,56,56,56,63,73,73,73],"card_choices":[{"not_picked":["PokerPlayerMod:Diamond3","PokerPlayerMod:Spade8"],"picked":"PokerPlayerMod:Sharpen","floor":7},{"not_picked":["PokerPlayerMod:Club7","PokerPlayerMod:WildCard+1"],"picked":"PokerPlayerMod:ChangeRules","floor":16},{"not_picked":["PokerPlayerMod:Club3","PokerPlayerMod:Diamond2"],"picked":"PokerPlayerMod:Diamond1","floor":24},{"not_picked":["PokerPlayerMod:Diamond9","PokerPlayerMod:ChangeRules+1"],"picked":"PokerPlayerMod:WasteCollection+1","floor":33},{"not_picked":["PokerPlayerMod:Sharpen","PokerPlayerMod:Diamond6","PokerPlayerMod:Spade6"],"picked":"PokerPlayerMod:SpadeStrike+1","floor":40},{"not_picked":["PokerPlayerMod:Spade2","PokerPlayerMod:Diamond1","PokerPlayerMod:FillThePot+1"],"picked":"PokerPlayerMod:CardPrinter+1","floor":46},{"not_picked":["PokerPlayerMod:MagicTrick+1","PokerPlayerMod:Club1","PokerPlayerMod:Extraction+1","PokerPlayerMod:HiddenCard+1"],"picked":"SKIP","floor":47}],"player_experience":971189,"relics_obtained":[{"floor":1,"key":"Bag of Marbles"},{"floor":2,"key":"Ornamental Fan"},{"floor":3,"key":"Potion Belt"},{"floor":4,"key":"PokerPlayerMod:BrokenClock"},{"floor":5,"key":"Girya"},{"floor":7,"key":"MawBank"},{"floor":8,"key":"sneckomod:BlankCard"},{"floor":9,"key":"Pantograph"},{"floor":10,"key":"Thread and Needle"},{"floor":12,"key":"PokerPlayerMod:FairLicense"},{"floor":14,"key":"Toxic Egg 2"},{"floor":18,"key":"PokerPlayerMod:StuffedPocket"},{"floor":19,"key":"Nunchaku"},{"floor":20,"key":"Anchor"},{"floor":21,"key":"Juzu Bracelet"},{"floor":22,"key":"Matryoshka"},{"floor":24,"key":"PokerPlayerMod:ClubPass"},{"floor":26,"key":"Lantern"},{"floor":26,"key":"Eternal Feather"},{"floor":29,"key":"Molten Egg 2"},{"floor":30,"key":"Pen Nib"},{"floor":31,"key":"Guardian:PocketSentry"},{"floor":35,"key":"Whetstone"},{"floor":37,"key":"Du-Vu Doll"},{"floor":38,"key":"CeramicFish"},{"floor":40,"key":"Orichalcum"},{"floor":41,"key":"War Paint"},{"floor":42,"key":"Regal Pillow"},{"floor":43,"key":"StrikeDummy"},{"floor":43,"key":"Torii"},{"floor":45,"key":"Bottled Tornado"},{"floor":46,"key":"Peace Pipe"},{"floor":47,"key":"Strawberry"},{"floor":48,"key":"Pear"}],"event_choices":[],"is_beta":false,"boss_relics":[{"not_picked":["Black Star","Philosopher\u0027s Stone"],"picked":"PokerPlayerMod:AceCard"},{"not_picked":["Empty Cage","Calling Bell","Fusion Hammer"]}],"items_purged_floors":[36],"is_endless":false,"potions_floor_spawned":[1,7,8,10,12,21,24,29,30,31,33,35,40,45,48],"ascension_level":0}}