{"host":"a5lz0e76zb3fcwkm","time":1608311124,"event":{"mods":["AchievementEnabler","BaseMod","Colored Map","Colored Powertips","Minty Spire (QoL Compilation)","StSLib","SuperFastMode"],"gold_per_floor":[109,128,128,128,53,53,87,104,172,197,209,209,209,229,229,229,229],"floor_reached":16,"playtime":207,"items_purged":["Strike_R"],"score":266,"play_id":"8dc90fc3-31bd-4f35-9b80-db7f32f4e825","local_time":"20201219020524","is_ascension_mode":true,"campfire_choices":[{"data":"Wild Strike","floor":6,"key":"SMITH"},{"data":"Inflame","floor":12,"key":"SMITH"},{"data":"Heavy Blade","floor":15,"key":"SMITH"}],"circlet_count":0,"master_deck":["AscendersBane","Strike_R","Strike_R","Strike_R","Strike_R","Defend_R","Defend_R","Defend_R","Defend_R","Bash","Wild Strike+1","Offering","Inflame+1","Heavy Blade+1"],"relics":["Burning Blood","NeowsBlessing","Lantern","Toy Ornithopter","Du-Vu Doll","Self Forming Clay","Art of War","Odd Mushroom"],"acts_visited":["Exordium"],"potions_floor_usage":[16],"damage_taken":[{"damage":0,"enemies":"2 Louse","floor":1,"turns":2},{"damage":0,"enemies":"Small Slimes","floor":2,"turns":1},{"damage":0,"enemies":"3 Sentries","floor":7,"turns":2},{"damage":0,"enemies":"Cultist","floor":8,"turns":2},{"damage":25,"enemies":"Lagavulin","floor":10,"turns":5},{"damage":14,"enemies":"Blue Slaver","floor":11,"turns":2},{"damage":16,"enemies":"The Mushroom Lair","floor":14,"turns":4},{"damage":44,"enemies":"Hexaghost","floor":16,"turns":7}],"seed_played":"-4190422180345443312","potions_obtained":[{"floor":1,"key":"ElixirPotion"},{"floor":10,"key":"SneckoOil"}],"is_trial":false,"path_per_floor":["M","M","?","?","$","R","E","M","T","E","M","R","?","?","R","B"],"character_chosen":"IRONCLAD","items_purchased":[],"campfire_rested":0,"item_purchase_floors":[],"current_hp_per_floor":[74,75,57,57,57,57,63,69,69,50,42,42,42,32,32,0,0],"gold":229,"neow_bonus":"THREE_ENEMY_KILL","is_daily":false,"chose_seed":false,"campfire_upgraded":3,"win_rate":0.0,"timestamp":1608311124,"path_taken":["M","M","?","?","$","R","E","?","T","E","M","R","?","?","R","BOSS"],"items_purchased_type":[],"build_version":"2020-12-13","purchased_purges":1,"victory":false,"max_hp_per_floor":[75,75,75,75,75,75,75,75,75,75,75,75,75,75,75,75,75],"card_choices":[{"not_picked":["Intimidate","Heavy Blade","True Grit"],"picked":"SKIP","floor":1},{"not_picked":["Spot Weakness","Heavy Blade"],"picked":"Wild Strike","floor":2},{"not_picked":["Headbutt","Rupture","Clash"],"picked":"SKIP","floor":7},{"not_picked":["Heavy Blade","Cleave"],"picked":"Offering","floor":8},{"not_picked":["Armaments","Rage","Perfected Strike"],"picked":"SKIP","floor":10},{"not_picked":["Infernal Blade","Whirlwind"],"picked":"Inflame","floor":11},{"not_picked":["Clash","Wild Strike"],"picked":"Heavy Blade","floor":14}],"player_experience":1610537,"relics_obtained":[{"floor":4,"key":"Toy Ornithopter"},{"floor":7,"key":"Du-Vu Doll"},{"floor":9,"key":"Self Forming Clay"},{"floor":10,"key":"Art of War"},{"floor":14,"key":"Odd Mushroom"}],"event_choices":[{"damage_healed":0,"gold_gain":0,"player_choice":"Success","damage_taken":18,"relics_obtained":["Lantern"],"max_hp_gain":0,"max_hp_loss":0,"event_name":"Scrap Ooze","floor":3,"gold_loss":0},{"damage_healed":0,"gold_gain":0,"player_choice":"Relic","damage_taken":0,"max_hp_gain":0,"max_hp_loss":0,"event_name":"Wheel of Change","floor":4,"gold_loss":0},{"damage_healed":0,"gold_gain":0,"player_choice":"Ignored","damage_taken":0,"max_hp_gain":0,"max_hp_loss":0,"event_name":"Liars Game","floor":13,"gold_loss":0},{"damage_healed":0,"gold_gain":0,"player_choice":"Fought Mushrooms","damage_taken":0,"max_hp_gain":0,"max_hp_loss":0,"event_name":"Mushrooms","floor":14,"gold_loss":0}],"is_beta":false,"boss_relics":[],"items_purged_floors":[5],"is_endless":false,"potions_floor_spawned":[1,10],"killed_by":"Hexaghost","ascension_level":20}}