{"host":"vh33hu3wddwn6yt6","time":1608319981,"event":{"mods":["AchievementEnabler","Act Like it!","Aspiration","BaseMod","Better Altar","Better Match","Better Note","Better Sensory Stone","Better Skull","Better Third Choice","BetterRewards","Downfall","Hubris","Minty Spire (QoL Compilation)","Permanent Neow","Replay The Spire","Shade Mod","Shop Mod","Spicy Shops","StSLib","SuperFastMode","The Blackbeard","The Necromancer","The Poker Player","The Servant 0.9.4","Wandering Minibosses"],"gold_per_floor":[114,214,10,20,95,120,120,150,150,206,206,206,230,249,249,389,389,424,127,177,224,254,254,311,311,311,311,376,172,221,246,246,393,393,424,484,520,242,270,331,331,528,528,152,212,251,251,251,251,301,301,301,35,89,143],"floor_reached":56,"playtime":1208,"items_purged":[],"score":1606,"play_id":"c45184f6-c216-4219-b157-15bdd63af2de","local_time":"20201218203301","is_ascension_mode":true,"campfire_choices":[{"floor":7,"key":"RECALL"},{"floor":12,"key":"REST"},{"floor":15,"key":"REST"},{"data":"Blade Dance","floor":23,"key":"SMITH"},{"data":"Choke","floor":25,"key":"SMITH"},{"data":"Adrenaline","floor":27,"key":"SMITH"},{"data":"Infinite Blades","floor":32,"key":"SMITH"},{"data":"Envenom","floor":41,"key":"SMITH"},{"data":"Accuracy","floor":47,"key":"SMITH"},{"data":"Neutralize","floor":49,"key":"SMITH"},{"data":"Defend_G","floor":52,"key":"SMITH"}],"circlet_count":0,"master_deck":["Strike_G","Strike_G","Strike_G+1","Strike_G","Strike_G","Defend_G","Defend_G","Defend_G+2","Defend_G+1","Defend_G+1","Survivor","Neutralize+1","Noxious Fumes","Bane","Dramatic Entrance+1","Choke+1","Blade Dance+1","Blade Dance+1","Adrenaline+1","Infinite Blades+1","Accuracy+1","Infinite Blades+1","Envenom+1","Luminosity+1","ReplayUltimateDefense+1"],"relics":["Ring of the Snake","aspiration:Nostalgia","Uniform","Membership Card","Simple Rune","Replay:Bandana","CeramicFish","hubris:Metronome","Vajra","hubris:ScarierMask","Replay:Baseball","hubris:PeanutButter","Sundial","Kunai","aspiration:Stabinomicon","Lantern","aspiration:DSix","hubris:VirtuousBlindfold","Painkiller Herb","aspiration:ServantSkillbook","SlaversCollar","hubris:Potato","Singing Bowl","Anchor","War Paint","aspiration:StickyExplosives_weak","TungstenRod","Sling","Strawberry","Blue Doll","Replay:WaspNest","MerchantsRug","Bronze Scales"],"acts_visited":["Exordium","TheCity","TheBeyond","TheEnding"],"potions_floor_usage":[8,16,24,31,36,40,55],"damage_taken":[{"damage":0,"enemies":"2 Louse","floor":1,"turns":2},{"damage":0,"enemies":"Cultist","floor":4,"turns":3},{"damage":12,"enemies":"3 Sentries","floor":6,"turns":7},{"damage":18,"enemies":"Lagavulin","floor":8,"turns":5},{"damage":17,"enemies":"Gremlin Nob","floor":10,"turns":4},{"damage":0,"enemies":"Jaw Worm","floor":14,"turns":1},{"damage":4,"enemies":"Fading Forest","floor":16,"turns":11},{"damage":2,"enemies":"Chosen","floor":18,"turns":3},{"damage":0,"enemies":"Shell Parasite","floor":21,"turns":2},{"damage":0,"enemies":"Shelled Parasite and Fungi","floor":22,"turns":2},{"damage":0,"enemies":"Slavers","floor":24,"turns":2},{"damage":11,"enemies":"Book of Stabbing","floor":28,"turns":4},{"damage":0,"enemies":"Slavers","floor":30,"turns":3},{"damage":0,"enemies":"Snake Plant","floor":31,"turns":2},{"damage":0,"enemies":"Champ","floor":33,"turns":3},{"damage":0,"enemies":"3 Shapes","floor":35,"turns":2},{"damage":4,"enemies":"2 Orb Walkers","floor":36,"turns":2},{"damage":0,"enemies":"Orb Walker","floor":37,"turns":2},{"damage":0,"enemies":"Sphere and 2 Shapes","floor":39,"turns":2},{"damage":0,"enemies":"R_Hoarder","floor":40,"turns":2},{"damage":0,"enemies":"Transient","floor":45,"turns":4},{"damage":0,"enemies":"Writhing Mass","floor":46,"turns":3},{"damage":1,"enemies":"Donu and Deca","floor":50,"turns":3},{"damage":0,"enemies":"Shield and Spear","floor":54,"turns":2},{"damage":0,"enemies":"The Heart","floor":55,"turns":4}],"seed_played":"-7228154225984482204","potions_obtained":[{"floor":6,"key":"ColorlessPotion"},{"floor":10,"key":"Fire Potion"},{"floor":24,"key":"sneckomod:MuddlingPotion"},{"floor":30,"key":"Languid Potion"},{"floor":31,"key":"Milkshake"},{"floor":39,"key":"Venom Potion"},{"floor":40,"key":"LifebloodPotion"},{"floor":54,"key":"Adrenaline Potion"}],"is_trial":false,"path_per_floor":["M","?","$","M","?","E","R","E","T","E","?","R","T","M","R","B",null,"M","$","?","M","M","R","E","R","T","R","E","$","E","M","R","B",null,"?","?","?","T","?","E","T","?","T","T","?","?","T","?","T","B",null,"T","T","E","B",null],"character_chosen":"THE_SILENT","items_purchased":["Membership Card","Bane","Dramatic Entrance","Replay:Baseball","hubris:PeanutButter","Energy Potion","EssenceOfSteel","Infinite Blades","Lantern","SteroidPotion","Singing Bowl","Anchor","War Paint","TungstenRod","Sling","Strawberry","Blue Doll","Replay:WaspNest","MerchantsRug","ReplayUltimateDefense+1"],"campfire_rested":2,"item_purchase_floors":[3,3,3,19,19,19,19,29,29,29,38,38,38,44,44,44,44,53,53,53],"current_hp_per_floor":[70,70,70,70,59,47,47,29,29,12,12,33,33,33,54,60,70,68,68,68,68,68,68,68,68,68,68,57,57,57,57,57,57,70,70,66,70,70,72,74,74,76,76,83,85,87,87,87,87,86,87,87,87,89,89],"gold":143,"neow_bonus":"NOSTALGIA","is_daily":false,"chose_seed":false,"campfire_upgraded":8,"win_rate":0.0,"timestamp":1608319981,"path_taken":["M","?","$","?","?","E","R","E","T","E","?","R","?","M","R","BOSS","M","?","?","M","M","R","E","R","T","R","E","?","E","M","R","BOSS","?","?","?","T","?","E","T","?","T","T","?","?","T","?","T","BOSS","T","T","E","BOSS"],"items_purchased_type":["Relic","Card","Card","Relic","Relic","Potion","Potion","Card","Relic","Potion","Relic","Relic","Relic","Relic","Relic","Relic","Relic","Relic","Relic","Card"],"build_version":"2020-12-13","purchased_purges":0,"victory":true,"max_hp_per_floor":[70,70,70,70,70,70,70,70,70,70,70,70,70,70,70,70,70,70,70,70,70,70,70,70,70,70,70,70,70,70,70,70,70,70,70,70,70,70,72,74,74,76,76,83,85,87,87,87,87,87,87,87,87,89,89],"card_choices":[{"not_picked":["Flying Knee","Toxin Wave"],"picked":"Noxious Fumes","floor":1},{"not_picked":["Dagger Throw","Deadly Poison"],"picked":"Choke","floor":4},{"not_picked":["Grand Finale","Cloak And Dagger"],"picked":"Blade Dance","floor":6},{"not_picked":["Fluid Movement","Quick Slash","Skewer"],"picked":"SKIP","floor":8},{"not_picked":["Hidden Blade","Backstab"],"picked":"Blade Dance","floor":10},{"not_picked":["All Out Attack","hubris:SlightOfHand","Calculated Gamble"],"picked":"SKIP","floor":14},{"not_picked":["Burst","Corpse Explosion"],"picked":"Adrenaline","floor":16},{"not_picked":["Distraction","Quick Slash","PiercingWail"],"picked":"SKIP","floor":18},{"not_picked":["Prepared","Distraction"],"picked":"Infinite Blades+1","floor":21},{"not_picked":["hubris:TrickCloak+1","hubris:SlightOfHand+1","Acrobatics"],"picked":"SKIP","floor":22},{"not_picked":["Predator","Deflect","Slice"],"picked":"SKIP","floor":24},{"not_picked":["ReplayTheSpireMod:Tripwire","Dagger Spray+1"],"picked":"Accuracy","floor":28},{"not_picked":["Dagger Throw","Noxious Fumes","ReplayTheSpireMod:Tripwire"],"picked":"SKIP","floor":30},{"not_picked":["Acrobatics","Poison Darts","Underhanded Strike"],"picked":"SKIP","floor":31},{"not_picked":["Grand Finale","Die Die Die"],"picked":"Envenom","floor":33},{"not_picked":["ShatteredReality+1","Unruled","Starlight+1"],"picked":"Luminosity+1","floor":35},{"not_picked":["Storm of Steel","Desolation","WasteNot+1","Poisoned Stab+1"],"picked":"SKIP","floor":37},{"not_picked":["Bane+1","Alleviate","BestPractice+1","ReplayTheSpireMod:Shiv Toss+1"],"picked":"Singing Bowl","floor":39},{"not_picked":["Flying Knee+1","DoubleEdge+1","Hidden Blade","Quick Slash+1"],"picked":"Singing Bowl","floor":40},{"not_picked":["Dagger Throw+1","Poisoned Stab","hubris:Counter+1","Rearm"],"picked":"Singing Bowl","floor":42},{"not_picked":["Rearm","Advance","Grand Finale","Revamp"],"picked":"Singing Bowl","floor":45},{"not_picked":["Dagger Spray","Rewind+1","ShiftingGears+1","Replace+1"],"picked":"Singing Bowl","floor":46},{"not_picked":["Ricochet","Dagger Spray+1","Deadly Poison","Hightail"],"picked":"Singing Bowl","floor":54}],"player_experience":525334,"relics_obtained":[{"floor":6,"key":"Simple Rune"},{"floor":8,"key":"Replay:Bandana"},{"floor":9,"key":"CeramicFish"},{"floor":10,"key":"hubris:Metronome"},{"floor":13,"key":"Vajra"},{"floor":24,"key":"Sundial"},{"floor":26,"key":"Kunai"},{"floor":28,"key":"aspiration:Stabinomicon"},{"floor":30,"key":"aspiration:DSix"},{"floor":36,"key":"hubris:Potato"},{"floor":40,"key":"aspiration:StickyExplosives_weak"},{"floor":54,"key":"Bronze Scales"}],"event_choices":[{"damage_healed":0,"gold_gain":100,"player_choice":"Pray","damage_taken":0,"max_hp_gain":0,"max_hp_loss":0,"event_name":"Golden Shrine","floor":2,"gold_loss":0},{"damage_healed":0,"gold_gain":75,"player_choice":"Gold","damage_taken":11,"max_hp_gain":0,"max_hp_loss":0,"event_name":"betterThird:BetterGoop","floor":5,"gold_loss":0},{"damage_healed":0,"gold_gain":0,"player_choice":"Grow","damage_taken":0,"max_hp_gain":0,"max_hp_loss":0,"event_name":"Living Wall","floor":11,"gold_loss":0,"cards_upgraded":["Blade Dance"]},{"damage_healed":0,"gold_gain":100,"player_choice":"Bet on Murderer","damage_taken":0,"max_hp_gain":0,"max_hp_loss":0,"event_name":"The Joust","floor":20,"gold_loss":50},{"damage_healed":0,"gold_gain":0,"player_choice":"Fight","damage_taken":0,"max_hp_gain":0,"max_hp_loss":0,"event_name":"Mysterious Sphere","floor":36,"gold_loss":0},{"damage_healed":0,"gold_gain":0,"player_choice":"Forge","damage_taken":0,"max_hp_gain":0,"max_hp_loss":0,"event_name":"Accursed Blacksmith","floor":48,"gold_loss":0,"cards_upgraded":["Dramatic Entrance"]}],"is_beta":false,"boss_relics":[{"not_picked":["Honey Jar","ChewingGum"],"picked":"hubris:ScarierMask"},{"not_picked":["Snecko Scales","Tiny House"],"picked":"Replay:Grab Bag"},{"not_picked":["Philosopher\u0027s Stone","ReplayTheSpireMod:Onyx Gauntlets"],"picked":"hubris:VirtuousBlindfold"},{"not_picked":["hubris:TerracottaHorce","Fusion Hammer"],"picked":"Painkiller Herb"},{"not_picked":["Runic Pyramid","Snecko Eye"],"picked":"aspiration:ServantSkillbook"},{"not_picked":["Kintsugi","hubris:Stopwatch"],"picked":"SlaversCollar"}],"items_purged_floors":[],"is_endless":false,"potions_floor_spawned":[6,10,24,30,31,33,35,39,40,54],"ascension_level":1}}