{"host":"5gc11emcm5chfr5t","time":1608262501,"event":{"mods":["2.2 Compatiblity","AchievementEnabler","BaseMod","Bestiary","Better Note","Colored Map","Colored Powertips","Downfall","Googly Eyes","Minty Spire (QoL Compilation)","Rare Cards Sparkle","StSLib"],"gold_per_floor":[99,159,84,116,116,116,116,116,136,161,172,172,187,287,307,307,307],"floor_reached":16,"playtime":502,"items_purged":[],"score":219,"play_id":"56645122-8f0f-403d-b519-c24c8e2abeef","local_time":"20201217223501","is_ascension_mode":true,"campfire_choices":[{"floor":1,"key":"RECALL"},{"data":"sneckomod:QuickMove","floor":3,"key":"SMITH"},{"data":"sneckomod:SnekBite","floor":5,"key":"SMITH"},{"data":"sneckomod:SerpentIdol","floor":8,"key":"SMITH"}],"circlet_count":0,"master_deck":["AscendersBane","sneckomod:Strike+1","sneckomod:Defend","sneckomod:Defend","sneckomod:Defend","sneckomod:TailWhip","sneckomod:SnekBite+1","sneckomod:Unknown","sneckomod:Unknown","sneckomod:QuickMove+1","sneckomod:SerpentIdol+1","sneckomod:Nope","sneckomod:ImprovisedAttack+1","sneckomod:SoulCleanse+1","sneckomod:SnekBeam+1","Regret","sneckomod:WideSting","sneckomod:Transmogrify","sneckomod:UnknownStrength"],"relics":["sneckomod:SneckoSoul","downfall:HeartsMalice","Question Card","downfall:HeartBlessingRed","White Beast Statue","Shuriken"],"acts_visited":["Exordium"],"potions_floor_usage":[9,10,13,16],"damage_taken":[{"damage":0,"enemies":"Lagavulin Event","floor":2,"turns":1},{"damage":0,"enemies":"Gremlin Nob","floor":4,"turns":1},{"damage":0,"enemies":"Small Slimes","floor":6,"turns":1},{"damage":2,"enemies":"Jaw Worm","floor":9,"turns":2},{"damage":21,"enemies":"3 Sentries","floor":10,"turns":5},{"damage":0,"enemies":"Cultist","floor":11,"turns":3},{"damage":8,"enemies":"2 Fungi Beasts","floor":13,"turns":2},{"damage":42,"enemies":"downfall:Heads","floor":14,"turns":5},{"damage":0,"enemies":"3 Louse","floor":15,"turns":1},{"damage":51,"enemies":"downfall:Defect","floor":16,"turns":6}],"seed_played":"-4383858932687618620","potions_obtained":[{"floor":2,"key":"FairyPotion"},{"floor":4,"key":"sneckomod:MuddlingPotion"},{"floor":6,"key":"sneckomod:DiceRollPotion"},{"floor":9,"key":"SkillPotion"},{"floor":10,"key":"EssenceOfSteel"},{"floor":13,"key":"FearPotion"},{"floor":15,"key":"DistilledChaos"}],"is_trial":false,"path_per_floor":["R","?","R","E","R","M","T","R","M","E","M","?","M","?","M","B"],"character_chosen":"THE_SNECKO","items_purchased":[],"campfire_rested":0,"item_purchase_floors":[],"current_hp_per_floor":[81,81,81,81,81,81,81,81,79,58,58,58,50,20,21,0,0],"gold":307,"neow_bonus":"THREE_ENEMY_KILL","is_daily":false,"chose_seed":false,"campfire_upgraded":3,"win_rate":0.0,"timestamp":1608262501,"path_taken":["R","?","R","E","R","M","T","R","M","E","M","?","M","?","M","BOSS"],"items_purchased_type":[],"build_version":"2020-12-13","purchased_purges":0,"victory":false,"max_hp_per_floor":[90,90,90,90,90,90,90,90,90,90,90,90,90,90,91,91,91],"card_choices":[{"not_picked":["sneckomod:UnknownWeak","sneckomod:MasterEye"],"picked":"sneckomod:QuickMove","floor":2},{"not_picked":["sneckomod:UnknownStrength","sneckomod:SlitherStrike","sneckomod:UnknownVulnerable"],"picked":"sneckomod:SerpentIdol","floor":4},{"not_picked":["sneckomod:MixItUp","sneckomod:QuickBite","sneckomod:UnknownBlock"],"picked":"sneckomod:Nope","floor":6},{"not_picked":["sneckomod:UnknownClassHEXA_GHOST_PURPLE","sneckomod:UnknownVulnerable","sneckomod:UnknownUncommonPower"],"picked":"sneckomod:ImprovisedAttack","floor":9},{"not_picked":["sneckomod:SoulDraw","sneckomod:Nope","sneckomod:UnknownCommonAttack"],"picked":"sneckomod:SoulCleanse","floor":10},{"not_picked":["sneckomod:SoulRoll","sneckomod:IronFang","sneckomod:SoulDraw"],"picked":"sneckomod:SnekBeam","floor":11},{"not_picked":["sneckomod:UnknownClassRED","sneckomod:SoulDraw","sneckomod:UnknownCommonAttack"],"picked":"sneckomod:WideSting","floor":13},{"not_picked":["sneckomod:DefensiveFlair","sneckomod:Nope","sneckomod:QuickBite"],"picked":"sneckomod:UnknownStrength","floor":15}],"player_experience":421866,"relics_obtained":[{"floor":2,"key":"Question Card"},{"floor":4,"key":"White Beast Statue"},{"floor":7,"key":"Shuriken"},{"floor":10,"key":"Dream Catcher"}],"event_choices":[],"is_beta":false,"boss_relics":[],"items_purged_floors":[],"is_endless":false,"potions_floor_spawned":[2,4,6,9,10,11,13,15],"killed_by":"downfall:Defect","ascension_level":13}}