{"host":"kta213tp32cz47du","time":1608289797,"event":{"mods":["BaseMod","Better Altar","Better Note","Better Sensory Stone","Better Skull","Better Third Choice","Colored Map","Colored Powertips","Conspire","Curses Come First","Displayed Cursed Tome","Downfall","Hubris","Infinite Spire","Marisa????????","Minty Spire (QoL Compilation)","Rare Cards Sparkle","Replay The Spire","Shade Mod","Shop Mod","Spikes Relics","StSLib","The Animator","The Blue Laboratory","The Bug Knight","The Cursed","The Servant 0.9.4","vexMod"],"gold_per_floor":[110,110,123,138,11,136,136,136,161,91,66,78,78,97,97,97,97],"floor_reached":16,"playtime":816,"items_purged":["Defend_B"],"score":100,"play_id":"eb452fe4-09e7-4dcc-9c94-be3c7ce42e21","local_time":"20201218110957","is_ascension_mode":false,"campfire_choices":[{"data":"Glacier","floor":8,"key":"SMITH"},{"data":"Rebound","floor":13,"key":"SMITH"},{"data":"Undo","floor":15,"key":"SMITH"}],"circlet_count":0,"master_deck":["Strike_B","Strike_B","Strike_B","Strike_B","Defend_B","Defend_B","Defend_B","Zap","Dualcast","FTL","Chill","Glacier+1","Sweeping Beam","Undo+1","Storm","Rebound+1","Cold Snap"],"relics":["Cracked Core","NeowsBlessing","hubris:Icosahedron","Gambling Chip","Replay:Antivirus Software"],"acts_visited":["Exordium"],"potions_floor_usage":[6],"damage_taken":[{"damage":0,"enemies":"2 Louse","floor":1,"turns":1},{"damage":0,"enemies":"Jaw Worm","floor":3,"turns":1},{"damage":10,"enemies":"Small Slimes","floor":4,"turns":1},{"damage":8,"enemies":"Lagavulin","floor":6,"turns":3},{"damage":3,"enemies":"Blue Slaver","floor":12,"turns":4},{"damage":0,"enemies":"3 Louse","floor":14,"turns":4},{"damage":0,"enemies":"The Guardian","floor":16,"turns":1}],"seed_played":"2862509069074522903","potions_obtained":[{"floor":3,"key":"infinitespire:BlackPotion"},{"floor":12,"key":"blueLaboratory:RememoryPotion"}],"is_trial":false,"path_per_floor":["M","?","M","M","$","E","?","R","T","$","?","M","R","M","R","B"],"character_chosen":"DEFECT","items_purchased":["Sweeping Beam","Storm"],"campfire_rested":0,"item_purchase_floors":[5,10],"current_hp_per_floor":[75,75,75,65,65,57,57,57,57,57,57,54,54,75,75,75,75],"gold":97,"neow_bonus":"THREE_ENEMY_KILL","is_daily":false,"chose_seed":false,"campfire_upgraded":3,"win_rate":0.0,"timestamp":1608289797,"path_taken":["M","?","M","M","$","E","?","R","T","$","?","?","R","M","R","BOSS"],"items_purchased_type":["Card","Card"],"build_version":"2020-12-13","purchased_purges":1,"victory":false,"max_hp_per_floor":[75,75,75,75,75,75,75,75,75,75,75,75,75,75,75,75,75],"card_choices":[{"not_picked":["Scrape","Crystallizer"],"picked":"FTL","floor":1},{"not_picked":["Hologram","Go for the Eyes"],"picked":"Chill","floor":3},{"not_picked":["Turbo","Steam"],"picked":"Glacier","floor":4},{"not_picked":["ReplayTheSpireMod:System Scan","Gash"],"picked":"Undo","floor":6},{"not_picked":["Aggregate","ReplaySort"],"picked":"Rebound","floor":12},{"not_picked":["Stack","Coolheaded"],"picked":"Cold Snap","floor":14}],"player_experience":253904,"relics_obtained":[{"floor":6,"key":"Gambling Chip"},{"floor":9,"key":"Replay:Antivirus Software"}],"event_choices":[{"damage_healed":0,"gold_gain":0,"player_choice":"Ignored","damage_taken":136,"max_hp_gain":0,"max_hp_loss":0,"event_name":"betterThird:BetterSerpent","floor":7,"gold_loss":0}],"is_beta":false,"boss_relics":[],"items_purged_floors":[5],"is_endless":false,"potions_floor_spawned":[3,12],"killed_by":"The Guardian","ascension_level":0}}