{"host":"jyuuog6ydc2s7nd8","time":1608281584,"event":{"mods":["BaseMod","Better Vampires","Minty Spire (QoL Compilation)","Shop Mod","StSLib","The Hierophant","The Servant 0.9.4","TheBandit","[IsaacMod]ÒÔÈö¼âËþ"],"gold_per_floor":[113,127,140,140,140,140,190,190,213,138,63,82,82,82,82,82,82],"floor_reached":16,"playtime":320,"items_purged":["Strike_R"],"score":176,"play_id":"668e1260-d105-486e-a0bd-d6a2418c5592","local_time":"20201218165304","is_ascension_mode":true,"campfire_choices":[{"data":"True Grit","floor":6.0,"key":"SMITH"},{"floor":8.0,"key":"REST"},{"data":"Sever Soul","floor":15.0,"key":"SMITH"}],"circlet_count":0,"master_deck":["AscendersBane","Strike_R","Strike_R","Strike_R","Defend_R","Defend_R","Defend_R","Defend_R","Bash","Sever Soul+1","True Grit+1","Power Through"],"relics":["HushsDoor","Mark of Pain","GuppysHead","CeramicFish","NineVolt","HowToJump","Blood Vial","Golden Idol"],"acts_visited":["Exordium"],"potions_floor_usage":[],"damage_taken":[{"damage":0.0,"enemies":"Small Slimes","floor":1.0,"turns":3.0},{"damage":6.0,"enemies":"2 Louse","floor":2.0,"turns":2.0},{"damage":0.0,"enemies":"Cultist","floor":3.0,"turns":2.0},{"damage":49.0,"enemies":"Hiden Room Battle","floor":7.0,"turns":5.0},{"damage":18.0,"enemies":"Gremlin Gang","floor":12.0,"turns":5.0},{"damage":0,"enemies":"Slime Boss","floor":16,"turns":5}],"seed_played":"3777799473209773916","potions_obtained":[{"floor":1.0,"key":"Regen Potion"},{"floor":2.0,"key":"BlessingOfTheForge"}],"is_trial":false,"path_per_floor":["M","M","M","?","?","R","?","R","T","$","?","M","?","$","R","B"],"character_chosen":"IRONCLAD","items_purchased":[],"campfire_rested":1,"item_purchase_floors":[],"current_hp_per_floor":[68,62,62,62,51,51,1,23,23,23,23,7,7,7,7,9,9],"gold":82,"neow_bonus":"BOSS_RELIC","is_daily":false,"chose_seed":false,"campfire_upgraded":2,"win_rate":0.0,"timestamp":1608281584,"path_taken":["M","M","M","?","?","R","?","R","T","$","?","M","?","?","R","BOSS"],"items_purchased_type":[],"build_version":"2020-12-13","purchased_purges":1,"victory":false,"max_hp_per_floor":[75,75,75,75,75,75,75,75,75,75,75,75,68,68,68,68,68],"card_choices":[{"not_picked":["Warcry","Metallicize"],"picked":"Sever Soul","floor":1.0},{"not_picked":["Impervious","True Grit","Flex"],"picked":"SKIP","floor":2.0},{"not_picked":["Impervious","Flex"],"picked":"True Grit","floor":2.0},{"not_picked":["Intimidate","Heavy Blade"],"picked":"Power Through","floor":3.0},{"not_picked":["Disarm","Armaments","Heavy Blade"],"picked":"SKIP","floor":12.0}],"player_experience":1755126,"relics_obtained":[{"floor":7.0,"key":"NineVolt"},{"floor":7.0,"key":"HowToJump"},{"floor":9.0,"key":"Blood Vial"}],"event_choices":[{"damage_healed":0.0,"max_hp_gain":0.0,"max_hp_loss":0.0,"gold_gain":0.0,"event_name":"Liars Game","player_choice":"Ignored","floor":4.0,"gold_loss":0.0,"damage_taken":0.0},{"damage_healed":0.0,"max_hp_gain":0.0,"max_hp_loss":0.0,"gold_gain":0.0,"event_name":"Scrap Ooze","player_choice":"Success","floor":5.0,"gold_loss":0.0,"damage_taken":11.0,"relics_obtained":["CeramicFish"]},{"damage_healed":0.0,"max_hp_gain":0.0,"max_hp_loss":0.0,"gold_gain":0.0,"event_name":"HidenRoomEvent","player_choice":"Fight","floor":7.0,"gold_loss":0.0,"damage_taken":0.0},{"cards_removed":["Strike_R"],"damage_healed":0.0,"max_hp_gain":0.0,"max_hp_loss":0.0,"gold_gain":0.0,"event_name":"The Cleric","player_choice":"Card Removal","floor":11.0,"gold_loss":75.0,"damage_taken":0.0},{"damage_healed":0.0,"max_hp_gain":0.0,"max_hp_loss":7.0,"gold_gain":0.0,"event_name":"Golden Idol","player_choice":"Lose Max HP","floor":13.0,"gold_loss":0.0,"damage_taken":0.0,"relics_obtained":["Golden Idol"]}],"is_beta":false,"boss_relics":[],"items_purged_floors":[10],"is_endless":false,"potions_floor_spawned":[1,2],"killed_by":"Slime Boss","ascension_level":20}}