{"host":"aj7el8l5kufbk20z","time":1608271815,"event":{"mods":["AchievementEnabler","BaseMod","Colored Map","Colored Powertips","Curses Come First","Highlight Path","Minty Spire (QoL Compilation)","Quick Restart","Rare Cards Sparkle","Relic Stats","StSLib","SuperFastMode"],"gold_per_floor":[1160,530,530,530,550,550,550,568,616,598,618,618,635,931,931,1030,1030,1044,1057,1300,1319,1244,1277,1277,1297,1346,1358,311,311,704,721,721,817,817,830,830,830,251,251,281,281,301,301,158,185,204,204,204,204,204],"floor_reached":51,"playtime":4164,"items_purged":["Strike_R","Strike_R","Strike_R","Strike_R","Defend_R","Brutality+1"],"score":801,"play_id":"36f3eb8e-86ae-4b71-b0bf-5c012453e40b","local_time":"20201218141015","is_ascension_mode":true,"campfire_choices":[{"data":"Heavy Blade","floor":6,"key":"SMITH"},{"data":"Armaments","floor":12,"key":"SMITH"},{"data":"Inflame","floor":15,"key":"SMITH"},{"data":"Berserk","floor":24,"key":"SMITH"},{"data":"Flame Barrier","floor":29,"key":"SMITH"},{"data":"Anger","floor":32,"key":"SMITH"},{"data":"Spot Weakness","floor":41,"key":"SMITH"},{"data":"Searing Blow","floor":47,"key":"SMITH"},{"data":"Searing Blow+1","floor":49,"key":"SMITH"}],"circlet_count":0,"master_deck":["Bash+1","Flex","Heavy Blade+1","Armaments+1","Shrug It Off","Berserk+1","Shrug It Off","Inflame+1","Corruption","Fire Breathing+1","Shrug It Off+1","Feel No Pain+1","Feel No Pain+1","Spot Weakness+1","Anger+1","Twin Strike+1","Inflame+1","Flame Barrier+1","Impervious","Inflame+1","Juggernaut+1","Pummel+1","Flex+1","Shockwave","Rupture+1","Violence","Feel No Pain+1","Flame Barrier+1","Headbutt+1","Searing Blow+2"],"relics":["Burning Blood","NeowsBlessing","Oddly Smooth Stone","InkBottle","TheAbacus","Pear","Bird Faced Urn","Bag of Marbles","Eternal Feather","Pantograph","Philosopher\u0027s Stone","Frozen Egg 2","Self Forming Clay","DollysMirror","Toy Ornithopter","Lantern","Calipers","Lizard Tail","Strawberry","Bottled Flame","Astrolabe","FossilizedHelix","Letter Opener","White Beast Statue","Regal Pillow","Whetstone"],"acts_visited":["Exordium","TheCity","TheBeyond"],"potions_floor_usage":[50,50],"damage_taken":[{"damage":0.0,"enemies":"Small Slimes","floor":1.0,"turns":1.0},{"damage":0,"enemies":"Jaw Worm","floor":5,"turns":1},{"damage":0,"enemies":"Cultist","floor":8,"turns":1},{"damage":7,"enemies":"Exordium Thugs","floor":10,"turns":6},{"damage":1,"enemies":"2 Fungi Beasts","floor":11,"turns":4},{"damage":1,"enemies":"Large Slime","floor":13,"turns":5},{"damage":43,"enemies":"Slime Boss","floor":16,"turns":8},{"damage":6,"enemies":"Shell Parasite","floor":18,"turns":5},{"damage":39,"enemies":"3 Byrds","floor":19,"turns":7},{"damage":25,"enemies":"Snake Plant","floor":21,"turns":6},{"damage":6,"enemies":"Gremlin Leader","floor":23,"turns":6},{"damage":19,"enemies":"Centurion and Healer","floor":25,"turns":4},{"damage":18,"enemies":"Cultist and Chosen","floor":27,"turns":5},{"damage":14,"enemies":"3 Cultists","floor":31,"turns":5},{"damage":13,"enemies":"Champ","floor":33,"turns":9},{"damage":0,"enemies":"3 Shapes","floor":35,"turns":6},{"damage":0,"enemies":"Giant Head","floor":40,"turns":7},{"damage":17,"enemies":"3 Darklings","floor":42,"turns":6},{"damage":66,"enemies":"Reptomancer","floor":45,"turns":7},{"damage":6,"enemies":"4 Shapes","floor":46,"turns":7},{"damage":47,"enemies":"Donu and Deca","floor":50,"turns":9}],"seed_played":"-7407993653351779818","potions_obtained":[{"floor":8,"key":"BlessingOfTheForge"},{"floor":10,"key":"SteroidPotion"},{"floor":13,"key":"ElixirPotion"},{"floor":19,"key":"Weak Potion"},{"floor":23,"key":"Weak Potion"},{"floor":33,"key":"Strength Potion"},{"floor":35,"key":"BloodPotion"},{"floor":46,"key":"ColorlessPotion"}],"is_trial":false,"path_per_floor":["M","$","?","?","M","R","?","M","T","M","M","R","M","$","R","B",null,"M","M","$","M","?","E","R","M","T","M","$","R","$","M","R","B",null,"M","?","?","$","?","E","R","M","T","$","E","M","R","?","R","B",null],"character_chosen":"IRONCLAD","items_purchased":["Oddly Smooth Stone","InkBottle","TheAbacus","Eternal Feather","Pantograph","Shrug It Off","Inflame","Frozen Egg 2","Self Forming Clay","Feel No Pain+1","DollysMirror","Spot Weakness","Calipers","Lizard Tail","Inflame+1","Flame Barrier","Impervious","Strawberry","Bottled Flame","Inflame+1","Rupture+1","FossilizedHelix","Regal Pillow"],"campfire_rested":0,"item_purchase_floors":[2,2,2,14,14,14,14,20,20,20,20,20,28,28,28,28,28,30,30,30,38,38,44],"current_hp_per_floor":[80,80,65,65,71,71,71,77,77,76,81,81,88,88,90,53,90,90,61,61,50,50,62,74,71,71,69,69,81,88,91,97,90,97,97,97,97,97,97,97,97,97,97,97,45,63,81,81,92,61],"gold":204,"neow_bonus":"THREE_ENEMY_KILL","is_daily":false,"chose_seed":false,"campfire_upgraded":9,"win_rate":0.0,"timestamp":1608271815,"path_taken":["M","$","?","?","M","R","?","?","T","?","M","R","M","?","R","BOSS","M","M","$","M","?","E","R","M","T","M","$","R","$","M","R","BOSS","M","?","?","$","?","E","R","?","T","?","E","M","R","?","R","BOSS"],"items_purchased_type":["Relic","Relic","Relic","Relic","Relic","Card","Card","Relic","Relic","Card","Relic","Card","Relic","Relic","Card","Card","Card","Relic","Relic","Card","Card","Relic","Relic"],"build_version":"2020-12-13","purchased_purges":6,"victory":true,"max_hp_per_floor":[80,80,90,90,90,90,90,90,90,90,90,90,90,90,90,90,90,90,90,90,90,90,90,90,90,90,90,90,90,97,97,97,97,97,97,97,97,97,97,97,97,97,97,97,97,97,97,92,92,92],"relic_stats":{"Regal Pillow":0,"counters":[21,115],"Self Forming Clay":[81],"Astrolabe":["Brutality","Pummel","Flex"],"Eternal Feather":61,"Letter Opener":[82],"Whetstone":["Bash"],"Burning Blood":98,"Lizard Tail":0,"TheAbacus":[162],"Bird Faced Urn":[114],"Pantograph":0,"obtain_stats":[{"Lantern":26,"Regal Pillow":44,"Calipers":28,"Whetstone":45,"Burning Blood":0,"Lizard Tail":28,"TheAbacus":2,"DollysMirror":20,"Pantograph":14,"Strawberry":30,"Philosopher\u0027s Stone":17,"InkBottle":2,"Pear":3,"NeowsBlessing":0,"Self Forming Clay":20,"Astrolabe":34,"Oddly Smooth Stone":2,"Eternal Feather":14,"Letter Opener":40,"Frozen Egg 2":20,"White Beast Statue":43,"Bottled Flame":30,"Bird Faced Urn":4,"Bag of Marbles":9,"Toy Ornithopter":23,"FossilizedHelix":38},{"Lantern":12,"Regal Pillow":18,"Calipers":13,"Whetstone":19,"Burning Blood":0,"Lizard Tail":13,"TheAbacus":1,"DollysMirror":9,"Pantograph":6,"Strawberry":13,"Philosopher\u0027s Stone":7,"InkBottle":1,"Pear":1,"NeowsBlessing":0,"Self Forming Clay":9,"Astrolabe":15,"Oddly Smooth Stone":1,"Eternal Feather":6,"Letter Opener":17,"Frozen Egg 2":9,"White Beast Statue":18,"Bottled Flame":13,"Bird Faced Urn":1,"Bag of Marbles":3,"Toy Ornithopter":11,"FossilizedHelix":16},{"Lantern":54,"Regal Pillow":92,"Calipers":59,"Whetstone":99,"Burning Blood":0,"Lizard Tail":59,"TheAbacus":1,"DollysMirror":38,"Pantograph":18,"Strawberry":59,"Philosopher\u0027s Stone":26,"InkBottle":1,"Pear":1,"NeowsBlessing":0,"Self Forming Clay":38,"Astrolabe":73,"Oddly Smooth Stone":1,"Eternal Feather":18,"Letter Opener":86,"Frozen Egg 2":38,"White Beast Statue":92,"Bottled Flame":59,"Bird Faced Urn":1,"Bag of Marbles":3,"Toy Ornithopter":50,"FossilizedHelix":79}],"InkBottle":[43],"Toy Ornithopter":0},"card_choices":[{"not_picked":["Wild Strike","Whirlwind"],"picked":"Flex","floor":1},{"not_picked":["Perfected Strike","Thunderclap"],"picked":"Heavy Blade","floor":5},{"not_picked":["Wild Strike","Clothesline"],"picked":"Armaments","floor":8},{"not_picked":["Iron Wave","Sword Boomerang"],"picked":"Shrug It Off","floor":10},{"not_picked":["Body Slam","Warcry"],"picked":"Berserk","floor":11},{"not_picked":["Sever Soul","Sentinel"],"picked":"Heavy Blade","floor":13},{"not_picked":["Brutality","Exhume"],"picked":"Corruption","floor":16},{"not_picked":["Perfected Strike","Armaments"],"picked":"Fire Breathing+1","floor":18},{"not_picked":["Twin Strike","Flex"],"picked":"Shrug It Off+1","floor":19},{"not_picked":["Clothesline","Twin Strike"],"picked":"Anger","floor":21},{"not_picked":["Shrug It Off","Headbutt","Warcry"],"picked":"SKIP","floor":23},{"not_picked":["Sever Soul+1","Clothesline","Corruption+1"],"picked":"SKIP","floor":25},{"not_picked":["Sentinel","Iron Wave"],"picked":"Twin Strike+1","floor":27},{"not_picked":["Iron Wave","Warcry","Shrug It Off"],"picked":"SKIP","floor":31},{"not_picked":["Reaper","Feed"],"picked":"Juggernaut+1","floor":33},{"not_picked":["Battle Trance","Hemokinesis+1"],"picked":"Shockwave","floor":35},{"not_picked":["Enlightenment","Dramatic Entrance"],"picked":"Violence","floor":39},{"not_picked":["Reaper","Havoc"],"picked":"Feel No Pain+1","floor":40},{"not_picked":["Clash","True Grit+1"],"picked":"Flame Barrier+1","floor":42},{"not_picked":["Rupture+1","Havoc+1"],"picked":"Headbutt+1","floor":45},{"not_picked":["Thunderclap+1","Flex+1"],"picked":"Searing Blow","floor":46}],"player_experience":268935,"relics_obtained":[{"floor":9,"key":"Bag of Marbles"},{"floor":23,"key":"Toy Ornithopter"},{"floor":26,"key":"Lantern"},{"floor":40,"key":"Letter Opener"},{"floor":43,"key":"White Beast Statue"},{"floor":45,"key":"Whetstone"}],"event_choices":[{"damage_healed":0,"gold_gain":0,"player_choice":"Success","damage_taken":25,"relics_obtained":["Pear"],"max_hp_gain":0,"max_hp_loss":0,"event_name":"Scrap Ooze","floor":3,"gold_loss":0},{"damage_healed":0,"gold_gain":0,"player_choice":"Box","damage_taken":0,"relics_obtained":["Bird Faced Urn"],"max_hp_gain":0,"max_hp_loss":0,"event_name":"Big Fish","floor":4,"gold_loss":0,"cards_obtained":["Regret"]},{"cards_removed":["Regret"],"damage_healed":0,"gold_gain":0,"player_choice":"Forget","damage_taken":0,"max_hp_gain":0,"max_hp_loss":0,"event_name":"Living Wall","floor":7,"gold_loss":0},{"cards_removed":["Defend_R"],"damage_healed":0,"gold_gain":0,"player_choice":"Gave Gold","damage_taken":0,"max_hp_gain":0,"max_hp_loss":0,"event_name":"Beggar","floor":22,"gold_loss":75},{"cards_removed":["Heavy Blade"],"damage_healed":0,"gold_gain":0,"player_choice":"Removed Attack","damage_taken":0,"max_hp_gain":0,"max_hp_loss":0,"event_name":"Falling","floor":36,"gold_loss":0},{"damage_healed":0,"gold_gain":0,"player_choice":"Ignored","damage_taken":0,"max_hp_gain":0,"max_hp_loss":0,"event_name":"Tomb of Lord Red Mask","floor":37,"gold_loss":0},{"damage_healed":0,"gold_gain":0,"player_choice":"Memory 1","damage_taken":0,"max_hp_gain":0,"max_hp_loss":0,"event_name":"SensoryStone","floor":39,"gold_loss":0},{"damage_healed":0,"gold_gain":0,"player_choice":"Max HP","damage_taken":0,"max_hp_gain":0,"max_hp_loss":5,"event_name":"Winding Halls","floor":48,"gold_loss":0}],"is_beta":false,"boss_relics":[{"not_picked":["Fusion Hammer","Black Blood"],"picked":"Philosopher\u0027s Stone"},{"not_picked":["Tiny House","Sozu"],"picked":"Astrolabe"}],"items_purged_floors":[2,14,20,28,30,38],"is_endless":false,"potions_floor_spawned":[8,10,13,19,23,25,33,35,40,45,46],"ascension_level":1}}