{"host":"39tyozym5sxfdumj","time":1608295343,"event":{"mods":["AchievementEnabler","BaseMod","Colored Powertips","Minty Spire (QoL Compilation)"],"gold_per_floor":[112,287,287,298,308,334,334,334,334],"floor_reached":8,"playtime":446,"items_purged":[],"score":70,"play_id":"7adfebe2-b9a4-4234-ac94-814ff3640ce7","local_time":"20201218134223","is_ascension_mode":true,"campfire_choices":[{"floor":7,"key":"REST"}],"circlet_count":0,"master_deck":["Strike_R","Strike_R","Strike_R","Strike_R","Strike_R","Defend_R","Defend_R","Defend_R","Defend_R","Bash","Limit Break","Entrench","Doubt","Whirlwind"],"relics":["Burning Blood","Ancient Tea Set"],"acts_visited":["Exordium"],"potions_floor_usage":[6,8,8],"damage_taken":[{"damage":8,"enemies":"Small Slimes","floor":1,"turns":4},{"damage":15,"enemies":"Jaw Worm","floor":4,"turns":9},{"damage":6,"enemies":"Cultist","floor":5,"turns":3},{"damage":58,"enemies":"Gremlin Nob","floor":6,"turns":6},{"damage":55,"enemies":"Lagavulin","floor":8,"turns":8}],"seed_played":"-551462894902229376","potions_obtained":[{"floor":3,"key":"ElixirPotion"},{"floor":3,"key":"FearPotion"},{"floor":3,"key":"ElixirPotion"},{"floor":4,"key":"SteroidPotion"},{"floor":6,"key":"EssenceOfSteel"}],"is_trial":false,"path_per_floor":["M","?","?","M","M","E","R","E"],"character_chosen":"IRONCLAD","items_purchased":[],"campfire_rested":1,"item_purchase_floors":[],"current_hp_per_floor":[78,78,78,69,69,17,41,0,0],"gold":334,"neow_bonus":"ONE_RANDOM_RARE_CARD","is_daily":false,"chose_seed":false,"campfire_upgraded":0,"win_rate":0.0,"timestamp":1608295343,"path_taken":["M","?","?","?","M","E","R","E"],"items_purchased_type":[],"build_version":"2020-12-13","purchased_purges":0,"victory":false,"max_hp_per_floor":[80,80,80,80,80,80,80,80,80],"card_choices":[{"not_picked":["Sword Boomerang","Headbutt"],"picked":"Entrench","floor":1},{"not_picked":["Shockwave","Entrench","Infernal Blade"],"picked":"SKIP","floor":4},{"not_picked":["Twin Strike","Warcry"],"picked":"Whirlwind","floor":5},{"not_picked":["Cleave","Havoc","Carnage"],"picked":"SKIP","floor":6}],"player_experience":197267,"relics_obtained":[{"floor":6,"key":"Ancient Tea Set"}],"event_choices":[{"damage_healed":0,"gold_gain":175,"player_choice":"AGREE","damage_taken":0,"max_hp_gain":0,"max_hp_loss":0,"event_name":"Liars Game","floor":2,"gold_loss":0,"cards_obtained":["Doubt"]},{"damage_healed":0,"gold_gain":0,"player_choice":"Got Potions","damage_taken":0,"max_hp_gain":0,"max_hp_loss":0,"event_name":"Lab","floor":3,"gold_loss":0}],"is_beta":false,"boss_relics":[],"items_purged_floors":[],"is_endless":false,"potions_floor_spawned":[4,6],"killed_by":"Lagavulin","ascension_level":5}}