{"host":"6hzrz31j95f2y1pa","time":1608305909,"event":{"mods":["BaseMod","Colored Map","Downfall","Minty Spire (QoL Compilation)","StSLib"],"gold_per_floor":[0,0,0,0,25,25,25,59,59,89,89,99,14,32,43,142,142,67,67,77,93,93,125,125,125,157,82,102,58,77,77,90,191,191,191,207,225,256,256,256,334,334,365,290,215,235,258,276,292,292],"floor_reached":51,"playtime":2584,"items_purged":["champ:Strike"],"score":1084,"play_id":"a5207eb6-c807-41ba-8470-106252f2b963","local_time":"20201218103829","is_ascension_mode":true,"campfire_choices":[{"data":"champ:EnGarde","floor":1.0,"key":"SMITH"},{"data":"champ:Taunt","floor":4.0,"key":"SMITH"},{"data":"champ:RecklessLeap","floor":9.0,"key":"SMITH"},{"data":"champ:CalledShot","floor":18.0,"key":"SMITH"},{"data":"Ghostly","floor":22.0,"key":"SMITH"},{"floor":25.0,"key":"RECALL"},{"data":"Ghostly","floor":27.0,"key":"SMITH"},{"data":"Ghostly","floor":35,"key":"SMITH"},{"data":"1","floor":40,"key":"LIFT"},{"data":"2","floor":42,"key":"LIFT"},{"data":"3","floor":44,"key":"LIFT"}],"circlet_count":0,"master_deck":["champ:Strike","champ:Defend","champ:Defend","champ:Execute","champ:Taunt+1","champ:DefensiveStyle","champ:EnGarde+1","champ:TornadoPunch","champ:RecklessLeap+1","champ:SkillfulDodge","champ:ShieldSigil","champ:ArenaPreparation","champ:CalledShot+1","Ghostly+1","Ghostly+1","Ghostly+1","Ghostly","Ghostly","champ:BringItOn+1","champ:EndlessRage+1","champ:Backstep","champ:FocusedBerserking","champ:Improvising","champ:FocusedDefense+1","champ:Lariat","champ:GutPunch+1","Parasite"],"relics":["champ:ChampionCrown","Oddly Smooth Stone","Darkstone Periapt","Bag of Marbles","Singing Bowl","Snecko Eye","downfall:HeartBlessingBlue","Tiny Chest","Bird Faced Urn","The Courier","downfall:HeartBlessingRed","Coffee Dripper","Girya","Kunai","Sundial","downfall:HeartBlessingGreen","Lantern"],"acts_visited":["Exordium","TheCity","TheBeyond"],"potions_floor_usage":[43,43,48,50],"damage_taken":[{"damage":24.0,"enemies":"Gremlin Nob","floor":5.0,"turns":5.0},{"damage":5.0,"enemies":"3 Sentries","floor":8.0,"turns":5.0},{"damage":48.0,"enemies":"Gremlin Nob","floor":10.0,"turns":3.0},{"damage":0.0,"enemies":"2 Louse","floor":12.0,"turns":3.0},{"damage":22.0,"enemies":"downfall:FleeingMerchant","floor":13.0,"turns":4.0},{"damage":5.0,"enemies":"Cultist","floor":14.0,"turns":2.0},{"damage":0.0,"enemies":"Jaw Worm","floor":15.0,"turns":2.0},{"damage":23.0,"enemies":"downfall:Ironclad","floor":16.0,"turns":4.0},{"damage":27.0,"enemies":"Shell Parasite","floor":20.0,"turns":3.0},{"damage":5.0,"enemies":"3 Byrds","floor":21.0,"turns":5.0},{"damage":28.0,"enemies":"Slavers","floor":23.0,"turns":6.0},{"damage":53.0,"enemies":"Gremlin Leader","floor":26.0,"turns":11.0},{"damage":29.0,"enemies":"Shelled Parasite and Fungi","floor":28.0,"turns":4.0},{"damage":34.0,"enemies":"downfall:FleeingMerchant","floor":29.0,"turns":4.0},{"damage":4.0,"enemies":"Snake Plant","floor":30.0,"turns":3.0},{"damage":31.0,"enemies":"Centurion and Healer","floor":32.0,"turns":8.0},{"damage":2.0,"enemies":"downfall:Silent","floor":33.0,"turns":6.0},{"damage":4,"enemies":"3 Shapes","floor":36,"turns":6},{"damage":11,"enemies":"Orb Walker","floor":37,"turns":6},{"damage":24,"enemies":"Nemesis","floor":38,"turns":7},{"damage":77,"enemies":"Giant Head","floor":43,"turns":9},{"damage":36,"enemies":"downfall:FleeingMerchant","floor":45,"turns":4},{"damage":30,"enemies":"Maw","floor":46,"turns":7},{"damage":29,"enemies":"Transient","floor":48,"turns":5},{"damage":1,"enemies":"Writhing Mass","floor":49,"turns":5},{"damage":89,"enemies":"downfall:Defect","floor":50,"turns":9}],"seed_played":"-8303144706741451619","potions_obtained":[{"floor":5.0,"key":"ColorlessPotion"},{"floor":10.0,"key":"BlessingOfTheForge"},{"floor":15.0,"key":"Energy Potion"},{"floor":16.0,"key":"Swift Potion"},{"floor":20.0,"key":"champ:CounterPotion"},{"floor":21.0,"key":"Block Potion"},{"floor":32.0,"key":"LiquidBronze"},{"floor":33.0,"key":"Block Potion"},{"floor":36,"key":"SmokeBomb"},{"floor":38,"key":"CultistPotion"},{"floor":43,"key":"GamblersBrew"}],"is_trial":false,"path_per_floor":["R","?","?","R","E","?","T","E","R","E","?","M","$","M","M","B",null,"R","?","M","M","R","E","T","R","E","R","M","$","M","?","M","B",null,"R","M","M","E","?","R","T","R","E","R","$","M","T","M","M","B",null],"character_chosen":"THE_CHAMP","items_purchased":["champ:ArenaPreparation","champ:FocusedBerserking"],"campfire_rested":0,"item_purchase_floors":[13,29],"current_hp_per_floor":[90,65,65,65,46,46,46,46,46,23,23,23,25,27,27,16,96,106,53,55,55,55,54,54,54,55,55,55,55,59,59,61,63,63,63,65,65,65,65,65,65,65,56,56,57,69,69,58,79,67],"gold":292,"neow_bonus":"TRANSFORM_TWO_CARDS","is_daily":false,"chose_seed":false,"campfire_upgraded":7,"win_rate":0.0,"timestamp":1608305909,"path_taken":["R","?","?","R","E","?","T","E","R","E","?","M","?","M","M","BOSS","R","?","M","M","R","E","T","R","E","R","M","$","M","?","M","BOSS","R","M","M","E","?","R","T","R","E","R","$","?","?","M","M","BOSS"],"items_purchased_type":["Card","Card"],"build_version":"2020-12-13","purchased_purges":1,"victory":true,"max_hp_per_floor":[90,90,90,90,90,90,90,90,90,90,90,90,92,94,94,96,96,106,53,55,55,55,57,57,57,57,57,59,59,59,59,61,63,63,63,65,65,65,65,65,65,65,67,67,69,69,69,71,79,79],"card_choices":[{"not_picked":["champ:BringItOn","champ:GutPunch"],"picked":"champ:TornadoPunch","floor":5.0},{"not_picked":["champ:LastStand","champ:Encircle"],"picked":"champ:RecklessLeap","floor":8.0},{"not_picked":["champ:RecklessLeap","champ:Lariat"],"picked":"champ:SkillfulDodge","floor":10.0},{"not_picked":["champ:CrookedStrike","champ:Lariat"],"picked":"champ:ShieldSigil","floor":12.0},{"not_picked":["champ:StanceDance","champ:Haymaker","champ:FanOfKnives"],"picked":"Singing Bowl","floor":13.0},{"not_picked":["champ:FightOn","champ:GladiatorsShout","champ:ArenaPreparation"],"picked":"Singing Bowl","floor":14.0},{"not_picked":["champ:IronFortress","champ:RageSigil"],"picked":"champ:CalledShot","floor":15.0},{"not_picked":["champ:EnchantShield","champ:SteelEdge","champ:LastStand"],"picked":"Singing Bowl","floor":16.0},{"not_picked":["champ:DefensiveShout","champ:FocusedGladiator","champ:ArenaPreparation"],"picked":"Singing Bowl","floor":20.0},{"not_picked":["champ:PerfectedStrike","champ:FlashCut"],"picked":"champ:BringItOn+1","floor":21.0},{"not_picked":["champ:SwordSigil","champ:EnragedBash+1","champ:BladeFlurry"],"picked":"Singing Bowl","floor":23.0},{"not_picked":["champ:FlashCut+1","champ:BerserkersShout+1"],"picked":"champ:EndlessRage+1","floor":26.0},{"not_picked":["champ:IronFortress","champ:SwordSigil","champ:RageSigil"],"picked":"Singing Bowl","floor":28.0},{"not_picked":["champ:SwordSigil","champ:FaceSlap"],"picked":"champ:Backstep","floor":29.0},{"not_picked":["champ:EndlessRage","champ:Balance"],"picked":"champ:Improvising","floor":30.0},{"not_picked":["champ:FanOfKnives+1","champ:TornadoPunch","champ:Circumvent"],"picked":"Singing Bowl","floor":32.0},{"not_picked":["champ:EnchantCrown","champ:CrownThrow","champ:HeavySlash"],"picked":"Singing Bowl","floor":33.0},{"not_picked":["champ:RisingSlash","champ:GladiatorsShout","champ:StanceDance"],"picked":"Singing Bowl","floor":36},{"not_picked":["champ:CrookedStrike+1","champ:RageSigil+1"],"picked":"champ:FocusedDefense+1","floor":37},{"not_picked":["champ:SkillfulDodge","champ:EndlessRage"],"picked":"champ:Lariat","floor":38},{"not_picked":["champ:StanceDance","champ:BladeFlurry+1","champ:GladiatorsShout+1"],"picked":"Singing Bowl","floor":43},{"not_picked":["champ:BerserkerStyle+1","champ:EnchantCrown","champ:EnGarde+1"],"picked":"Singing Bowl","floor":45},{"not_picked":["champ:GladiatorsShout","champ:CrookedStrike+1"],"picked":"champ:GutPunch+1","floor":46},{"not_picked":["champ:BladeFlurry+1","champ:RisingSlash+1","champ:Lariat+1"],"picked":"Singing Bowl","floor":48},{"not_picked":["champ:FanOfKnives","champ:Lariat","champ:Balance"],"picked":"Singing Bowl","floor":49}],"player_experience":1205094,"relics_obtained":[{"floor":5.0,"key":"Darkstone Periapt"},{"floor":8.0,"key":"Bag of Marbles"},{"floor":10.0,"key":"Singing Bowl"},{"floor":23.0,"key":"Tiny Chest"},{"floor":24.0,"key":"Bird Faced Urn"},{"floor":26.0,"key":"The Courier"},{"floor":38,"key":"Girya"},{"floor":41,"key":"Kunai"},{"floor":43,"key":"Sundial"},{"floor":47,"key":"Lantern"}],"event_choices":[{"damage_healed":0.0,"max_hp_gain":0.0,"max_hp_loss":0.0,"gold_gain":0.0,"event_name":"Scrap Ooze","player_choice":"Success","floor":2.0,"gold_loss":0.0,"damage_taken":25.0,"relics_obtained":["Oddly Smooth Stone"]},{"damage_healed":0.0,"max_hp_gain":0.0,"max_hp_loss":53.0,"gold_gain":0.0,"event_name":"Ghosts","player_choice":"Became a Ghost","floor":19.0,"gold_loss":0.0,"damage_taken":0.0,"cards_obtained":["Ghostly","Ghostly","Ghostly","Ghostly","Ghostly"]},{"cards_removed":["champ:Defend"],"damage_healed":0,"gold_gain":0,"player_choice":"Purged","damage_taken":0,"max_hp_gain":0,"max_hp_loss":0,"event_name":"Purifier","floor":39,"gold_loss":0}],"is_beta":false,"boss_relics":[{"not_picked":["Velvet Choker","Runic Pyramid"],"picked":"Snecko Eye"},{"not_picked":["champ:ChampionCrownUpgraded","SacredBark"],"picked":"Coffee Dripper"}],"items_purged_floors":[45],"is_endless":false,"potions_floor_spawned":[5,10,15,16,20,21,32,33,36,38,43],"ascension_level":1}}