{"host":"n","time":1608289714,"event":{"mods":["BaseMod","Better Altar","Better Skull","Better Third Choice","Colored Map","Downfall","Highlight Path","Hubris","KinomotoSakuraMod(木之本樱)","Koishi","Luminous","Marisa（F雨　魔理沙）","Minty Spire (QoL Compilation)","Reimu（博丽灵梦）","Remilia（蕾米莉亚）","Replay The Spire","Shop Mod","Spicy Shops","StSLib","The Animator","The Cursed","The Senshi","The Servant 0.9.4","Youmu（魂魄妖梦）","Yuyuko","【东方二次创作】八云紫mod"],"gold_per_floor":[116,131,131,131,151,177,177,252,252,270,138,138,138,152,152,152,152],"floor_reached":16,"playtime":1005,"items_purged":["Parasite"],"score":125,"play_id":"35b58798-692b-40f6-b901-b7d25ffee75f","local_time":"20201218190834","is_ascension_mode":true,"campfire_choices":[{"data":"Septette","floor":7.0,"key":"SMITH"},{"data":"RedMoon","floor":12.0,"key":"SMITH"},{"data":"BloodyTrap","floor":15,"key":"SMITH"}],"circlet_count":0,"master_deck":["Strike_RM","Strike_RM","Strike_RM","Strike_RM","Defend_RM","Defend_RM","Defend_RM","Defend_RM","RedMoon+1","ScarletShoot","Septette+1","DiffusionOfMisfortune+1","NightDance","BloodyTrap+1"],"relics":["ScarletHat","NeowsBlessing","Sundial","Gremlin Horn","Akabeko"],"acts_visited":["Exordium"],"potions_floor_usage":[],"damage_taken":[{"damage":0.0,"enemies":"Cultist","floor":1.0,"turns":1.0},{"damage":0.0,"enemies":"Jaw Worm","floor":2.0,"turns":1.0},{"damage":0.0,"enemies":"2 Louse","floor":5.0,"turns":1.0},{"damage":37.0,"enemies":"Lagavulin","floor":6.0,"turns":10.0},{"damage":0.0,"enemies":"2 Fungi Beasts","floor":10.0,"turns":4.0},{"damage":0,"enemies":"Looter","floor":14,"turns":1},{"damage":0,"enemies":"Fading Forest","floor":16,"turns":1}],"seed_played":"-3282212207770174912","potions_obtained":[{"floor":1.0,"key":"SteroidPotion"},{"floor":5.0,"key":"Fruit Juice"},{"floor":10.0,"key":"DestinyDice"}],"is_trial":false,"path_per_floor":["M","M","?","?","M","E","R","?","T","M","$","R","?","M","R","B"],"character_chosen":"REMILIA","items_purchased":["Akabeko"],"campfire_rested":0,"item_purchase_floors":[11],"current_hp_per_floor":[75,75,75,75,80,44,44,33,33,33,33,33,33,33,33,33,33],"gold":152,"neow_bonus":"THREE_ENEMY_KILL","is_daily":false,"chose_seed":false,"campfire_upgraded":3,"win_rate":0.0,"timestamp":1608289714,"path_taken":["M","M","?","?","?","E","R","?","T","M","$","R","?","M","R","BOSS"],"items_purchased_type":["Relic"],"build_version":"2020-12-17","purchased_purges":1,"victory":false,"max_hp_per_floor":[75,75,75,75,80,80,80,80,80,80,77,77,77,77,77,77,77],"card_choices":[{"not_picked":["ScarletGensokyo","BombardNight"],"picked":"Septette","floor":1.0},{"not_picked":["BloodHunter","BombardNight"],"picked":"DiffusionOfMisfortune","floor":2.0},{"not_picked":["Ultimatum","NightDance","BloodyMagicSquare"],"picked":"SKIP","floor":5.0},{"not_picked":["EndlessAdversity","BloodyMagicSquare","BombardNight"],"picked":"SKIP","floor":6.0},{"not_picked":["EndlessAdversity","BadLadyScramble","BombardNight"],"picked":"SKIP","floor":10.0},{"not_picked":["BlasphemousPunishment","Stigmanizer"],"picked":"BloodyTrap","floor":14}],"player_experience":614311,"relics_obtained":[{"floor":6.0,"key":"Sundial"},{"floor":9.0,"key":"Gremlin Horn"}],"event_choices":[{"damage_healed":0.0,"max_hp_gain":0.0,"max_hp_loss":0.0,"gold_gain":0.0,"event_name":"The Cleric","player_choice":"Leave","floor":3.0,"gold_loss":0.0,"damage_taken":0.0},{"damage_healed":0.0,"max_hp_gain":0.0,"max_hp_loss":0.0,"gold_gain":0.0,"event_name":"Accursed Blacksmith","player_choice":"Forge","floor":4.0,"gold_loss":0.0,"damage_taken":0.0,"cards_upgraded":["DiffusionOfMisfortune"]},{"damage_healed":0.0,"max_hp_gain":0.0,"max_hp_loss":0.0,"gold_gain":75.0,"event_name":"betterThird:BetterGoop","player_choice":"Gold","floor":8.0,"gold_loss":0.0,"damage_taken":11.0}],"is_beta":true,"boss_relics":[],"items_purged_floors":[11],"is_endless":false,"potions_floor_spawned":[1,5,10],"killed_by":"Fading Forest","ascension_level":5}}