{"host":"gp6kafy53r5vaktt","time":1608279272,"event":{"mods":["BaseMod","Colored Map","Highlight Path","Minty Spire (QoL Compilation)"],"gold_per_floor":[112,129,139,152,2,2,36,36,36,13,43,54,88,88,88,187,187,204,219,169,44,143,177,177,211,263,263,274,311,337,374,374,487,514,536,18,41,60,85,128,146,157,157,157,157,182,191,205,214,214,214,214,3,33,33,33],"floor_reached":55,"playtime":4128,"items_purged":["Writhe","Strike_G"],"score":938,"play_id":"e2b9f67e-650d-4bfc-9564-e768627c7d5c","local_time":"20201218101432","is_ascension_mode":true,"campfire_choices":[{"data":"Cloak And Dagger","floor":6,"key":"SMITH"},{"data":"Dodge and Roll","floor":8,"key":"SMITH"},{"data":"Blade Dance","floor":15,"key":"SMITH"},{"data":"Neutralize","floor":24,"key":"SMITH"},{"floor":32,"key":"REST"},{"floor":44,"key":"RECALL"},{"floor":47,"key":"REST"},{"floor":49,"key":"REST"},{"data":"Madness","floor":52,"key":"SMITH"}],"circlet_count":0,"master_deck":["Strike_G","Strike_G+1","Strike_G","Strike_G","Defend_G","Defend_G","Defend_G","Survivor","Neutralize+1","Blur","Cloak And Dagger+1","Slice","Dodge and Roll+1","Blade Dance+1","Dagger Spray","PiercingWail","Prepared","Tools of the Trade+1","Infinite Blades+1","Dodge and Roll+1","Escape Plan","Backflip","Reflex","Backstab+1","Backstab","Crippling Poison+1","Malaise","Venomology","Leg Sweep+1","Escape Plan+1","Poisoned Stab+1","Accuracy+1","Backstab","Footwork+1","Infinite Blades+1","Infinite Blades+1","Accuracy+1","Noxious Fumes+1","Bullet Time","Prepared","Outmaneuver+1","Accuracy+1","Flying Knee+1","Madness","Madness+1","Noxious Fumes+1","Envenom+1","Prepared+1","Choke"],"relics":["WristBlade","Oddly Smooth Stone","Mango","Frozen Egg 2","White Beast Statue","Strawberry","Dream Catcher","Runic Pyramid","StrikeDummy","Bronze Scales","CeramicFish","The Courier","PreservedInsect","Astrolabe","Whetstone","Pantograph","Letter Opener"],"acts_visited":["Exordium","TheCity","TheBeyond","TheEnding"],"potions_floor_usage":[7,11,16,16,25,25,29,29,31,33,33,37,38,39,39,46,50,50,50,55,55,55,55],"damage_taken":[{"damage":0,"enemies":"Cultist","floor":1,"turns":5},{"damage":0,"enemies":"Jaw Worm","floor":2,"turns":5},{"damage":5,"enemies":"Small Slimes","floor":3,"turns":3},{"damage":2,"enemies":"2 Fungi Beasts","floor":4,"turns":4},{"damage":4,"enemies":"Lagavulin","floor":7,"turns":5},{"damage":0,"enemies":"3 Sentries","floor":11,"turns":5},{"damage":9,"enemies":"Exordium Wildlife","floor":12,"turns":4},{"damage":11,"enemies":"Lagavulin","floor":13,"turns":8},{"damage":21,"enemies":"The Guardian","floor":16,"turns":17},{"damage":16,"enemies":"2 Thieves","floor":18,"turns":5},{"damage":1,"enemies":"Chosen","floor":19,"turns":4},{"damage":37,"enemies":"Gremlin Leader","floor":23,"turns":9},{"damage":1,"enemies":"Slavers","floor":25,"turns":5},{"damage":9,"enemies":"Snake Plant","floor":28,"turns":5},{"damage":4,"enemies":"Book of Stabbing","floor":29,"turns":5},{"damage":2,"enemies":"Snecko","floor":30,"turns":3},{"damage":8,"enemies":"Gremlin Leader","floor":31,"turns":5},{"damage":39,"enemies":"Collector","floor":33,"turns":7},{"damage":6,"enemies":"Orb Walker","floor":35,"turns":3},{"damage":10,"enemies":"3 Darklings","floor":37,"turns":3},{"damage":34,"enemies":"Jaw Worm Horde","floor":38,"turns":3},{"damage":0,"enemies":"Sphere and 2 Shapes","floor":39,"turns":5},{"damage":0,"enemies":"Nemesis","floor":40,"turns":5},{"damage":1,"enemies":"Maw","floor":42,"turns":5},{"damage":25,"enemies":"Spire Growth","floor":46,"turns":3},{"damage":0,"enemies":"Transient","floor":48,"turns":5},{"damage":64,"enemies":"Donu and Deca","floor":50,"turns":6},{"damage":63,"enemies":"Shield and Spear","floor":54,"turns":5},{"damage":83,"enemies":"The Heart","floor":55,"turns":3}],"seed_played":"-2704764408607252610","potions_obtained":[{"floor":1,"key":"Block Potion"},{"floor":2,"key":"CultistPotion"},{"floor":3,"key":"BlessingOfTheForge"},{"floor":12,"key":"AttackPotion"},{"floor":13,"key":"FearPotion"},{"floor":16,"key":"DistilledChaos"},{"floor":18,"key":"Energy Potion"},{"floor":19,"key":"Block Potion"},{"floor":25,"key":"CultistPotion"},{"floor":28,"key":"LiquidBronze"},{"floor":29,"key":"Block Potion"},{"floor":30,"key":"SkillPotion"},{"floor":31,"key":"FearPotion"},{"floor":33,"key":"Swift Potion"},{"floor":35,"key":"SkillPotion"},{"floor":37,"key":"SpeedPotion"},{"floor":38,"key":"Strength Potion"},{"floor":39,"key":"SpeedPotion"},{"floor":40,"key":"Poison Potion"},{"floor":42,"key":"Strength Potion"},{"floor":46,"key":"Ancient Potion"},{"floor":48,"key":"Strength Potion"},{"floor":54,"key":"DistilledChaos"}],"is_trial":false,"path_per_floor":["M","M","M","M","$","R","E","R","T","$","E","M","E","?","R","B",null,"M","M","?","$","?","E","R","E","T","?","M","E","M","E","R","B",null,"M","$","M","M","M","E","?","M","T","R","T","M","R","M","R","B",null,"R","$","E","B"],"character_chosen":"THE_SILENT","items_purchased":["Oddly Smooth Stone","Blade Dance","Escape Plan","Backflip","Accuracy+1","Backstab","Footwork+1","Infinite Blades+1","Infinite Blades+1","Accuracy+1","Noxious Fumes+1","Bullet Time","Prepared","Choke","Energy Potion","Dexterity Potion"],"campfire_rested":3,"item_purchase_floors":[5,10,21,21,36,36,36,36,36,36,36,36,36,53,53,53],"current_hp_per_floor":[70,70,65,63,63,63,73,73,73,73,73,64,60,60,60,39,91,75,74,74,74,74,37,37,36,36,36,27,23,21,13,40,1,91,85,85,75,41,41,41,30,29,29,29,29,4,31,31,58,19,91,91,91,28,0,0],"gold":33,"neow_bonus":"BOSS_RELIC","is_daily":false,"chose_seed":false,"campfire_upgraded":5,"win_rate":0.0,"timestamp":1608279272,"path_taken":["M","M","M","M","$","R","E","R","T","$","E","M","E","?","R","BOSS","M","M","?","?","?","E","R","E","T","?","?","E","M","E","R","BOSS","M","$","M","M","M","E","?","M","T","R","?","M","R","M","R","BOSS","R","$","E","BOSS"],"items_purchased_type":["Relic","Card","Card","Card","Card","Card","Card","Card","Card","Card","Card","Card","Card","Card","Potion","Potion"],"build_version":"2020-12-13","purchased_purges":2,"victory":false,"max_hp_per_floor":[70,70,70,70,70,70,84,84,84,84,84,84,91,91,91,91,91,91,91,91,91,91,91,91,91,91,91,91,91,91,91,91,91,91,91,91,91,91,91,91,91,91,91,91,91,91,91,91,91,91,91,91,91,91,91,91],"card_choices":[{"not_picked":["Footwork","Sucker Punch"],"picked":"Blur","floor":1},{"not_picked":["Backflip","All Out Attack"],"picked":"Cloak And Dagger","floor":2},{"not_picked":["Outmaneuver","Flying Knee"],"picked":"Slice","floor":3},{"not_picked":["Deflect","All Out Attack","Bane"],"picked":"SKIP","floor":4},{"not_picked":["Concentrate","Deflect"],"picked":"Dodge and Roll","floor":7},{"not_picked":["Corpse Explosion","Endless Agony"],"picked":"Dagger Spray","floor":11},{"not_picked":["Eviscerate","Riddle With Holes"],"picked":"PiercingWail","floor":12},{"not_picked":["Dagger Throw","Reflex"],"picked":"Prepared","floor":13},{"not_picked":["Unload","Corpse Explosion"],"picked":"Tools of the Trade+1","floor":16},{"not_picked":["Flying Knee","Bane"],"picked":"Infinite Blades+1","floor":18},{"not_picked":["Setup+1","Slice"],"picked":"Dodge and Roll+1","floor":19},{"not_picked":["Doppelganger","Tactician"],"picked":"Reflex","floor":23},{"not_picked":["Backflip","Wraith Form v2+1"],"picked":"Backstab","floor":25},{"not_picked":["Dash","Dodge and Roll+1","Poisoned Stab"],"picked":"SKIP","floor":28},{"not_picked":["PiercingWail","Choke"],"picked":"Backstab","floor":29},{"not_picked":["Sucker Punch","Flechettes"],"picked":"Crippling Poison+1","floor":30},{"not_picked":["Endless Agony+1","Slice"],"picked":"Malaise","floor":31},{"not_picked":["Grand Finale","Corpse Explosion"],"picked":"Venomology","floor":33},{"not_picked":["Dagger Throw","Sucker Punch"],"picked":"Poisoned Stab+1","floor":35},{"not_picked":["Sucker Punch","Flechettes+1"],"picked":"Outmaneuver+1","floor":37},{"not_picked":["Dodge and Roll+1","Slice","Bouncing Flask+1"],"picked":"SKIP","floor":38},{"not_picked":["Caltrops+1","Backstab+1"],"picked":"Accuracy+1","floor":39},{"not_picked":["Glass Knife","Night Terror"],"picked":"Flying Knee+1","floor":40},{"not_picked":["Poisoned Stab+1","Caltrops+1","Dagger Spray+1"],"picked":"SKIP","floor":42},{"not_picked":["Cloak And Dagger","Prepared"],"picked":"Noxious Fumes+1","floor":46},{"not_picked":["Quick Slash","Acrobatics+1"],"picked":"Envenom+1","floor":47},{"not_picked":["Bane","Quick Slash+1","Expertise"],"picked":"SKIP","floor":48},{"not_picked":["Expertise+1","Dagger Throw+1"],"picked":"Prepared+1","floor":49},{"not_picked":["Deflect","Flying Knee","Eviscerate+1"],"picked":"SKIP","floor":54}],"player_experience":29570,"relics_obtained":[{"floor":7,"key":"Mango"},{"floor":9,"key":"Frozen Egg 2"},{"floor":11,"key":"White Beast Statue"},{"floor":13,"key":"Strawberry"},{"floor":23,"key":"StrikeDummy"},{"floor":25,"key":"Bronze Scales"},{"floor":26,"key":"CeramicFish"},{"floor":29,"key":"The Courier"},{"floor":31,"key":"PreservedInsect"},{"floor":40,"key":"Whetstone"},{"floor":45,"key":"Pantograph"},{"floor":54,"key":"Letter Opener"}],"event_choices":[{"damage_healed":0,"gold_gain":0,"player_choice":"Box","damage_taken":0,"relics_obtained":["Dream Catcher"],"max_hp_gain":0,"max_hp_loss":0,"event_name":"Big Fish","floor":14,"gold_loss":0,"cards_obtained":["Regret"]},{"damage_healed":0,"gold_gain":0,"player_choice":"Bet on Murderer","damage_taken":0,"max_hp_gain":0,"max_hp_loss":0,"event_name":"The Joust","floor":20,"gold_loss":50},{"damage_healed":0,"gold_gain":99,"player_choice":"Stole From Cult","damage_taken":0,"max_hp_gain":0,"max_hp_loss":0,"event_name":"Nest","floor":22,"gold_loss":0},{"damage_healed":0,"gold_gain":0,"player_choice":"Ignored","damage_taken":0,"max_hp_gain":0,"max_hp_loss":0,"event_name":"Ghosts","floor":27,"gold_loss":0},{"damage_healed":0,"gold_gain":0,"player_choice":"Embrace Madness","damage_taken":11,"max_hp_gain":0,"max_hp_loss":0,"event_name":"Winding Halls","floor":41,"gold_loss":0,"cards_obtained":["Madness","Madness"]}],"is_beta":false,"boss_relics":[{"not_picked":["Snecko Eye","Runic Dome"],"picked":"Runic Pyramid"},{"not_picked":["Tiny House","Empty Cage"],"picked":"Astrolabe"}],"items_purged_floors":[36,53],"is_endless":false,"potions_floor_spawned":[1,2,3,12,13,16,18,19,23,25,28,29,30,31,33,35,37,38,39,40,42,46,48,54],"killed_by":"The Heart","ascension_level":1}}