{"host":"f5gffvlv6a66yqkd","time":1608309748,"event":{"mods":["2.2 Compatiblity","BaseMod","Colored Map","DeckTracker","Keyboard Shortcuts","Minty Spire (QoL Compilation)","Permanent Neow","Quick Restart","Relic Stats","StSLib","SuperFastMode"],"gold_per_floor":[112,112,125,125,139,165,165,183,183,199,47,62,80,94,94,173,173,187,159,159,159,179,179,209,109,109,109,109,79,79,79],"floor_reached":30,"playtime":830,"items_purged":["Strike_B","Defend_B"],"score":464,"play_id":"d21eb6e1-477f-4a5b-98b8-315cf5e9ee77","local_time":"20201219014228","is_ascension_mode":true,"campfire_choices":[{"data":"Creative AI","floor":7.0,"key":"SMITH"},{"floor":15.0,"key":"REST"},{"data":"Defragment","floor":23,"key":"SMITH"},{"data":"Ghostly","floor":28,"key":"SMITH"}],"circlet_count":0,"master_deck":["AscendersBane","Defend_B","Defend_B","Defend_B","Zap","Dualcast","Static Discharge","White Noise","Chill","Creative AI+1","Recycle","Turbo","Defragment+1","Loop","Glacier","Seek","Turbo","Defragment","Rebound","Double Energy","Ghostly+1","Ghostly","Ghostly","Force Field"],"relics":["FrozenCore","NeowsBlessing","Ornamental Fan","Gambling Chip","Red Mask","Eternal Feather"],"acts_visited":["Exordium","TheCity"],"potions_floor_usage":[19],"damage_taken":[{"damage":0.0,"enemies":"Cultist","floor":1.0,"turns":1.0},{"damage":0.0,"enemies":"2 Louse","floor":3.0,"turns":1.0},{"damage":0.0,"enemies":"Small Slimes","floor":5.0,"turns":1.0},{"damage":37.0,"enemies":"Lagavulin","floor":6.0,"turns":7.0},{"damage":10.0,"enemies":"Looter","floor":8.0,"turns":3.0},{"damage":12.0,"enemies":"Blue Slaver","floor":10.0,"turns":7.0},{"damage":2.0,"enemies":"2 Fungi Beasts","floor":12.0,"turns":3.0},{"damage":0.0,"enemies":"Lots of Slimes","floor":13.0,"turns":6.0},{"damage":12.0,"enemies":"Red Slaver","floor":14.0,"turns":4.0},{"damage":6.0,"enemies":"Hexaghost","floor":16.0,"turns":8.0},{"damage":6.0,"enemies":"Shell Parasite","floor":18.0,"turns":7.0},{"damage":16,"enemies":"2 Thieves","floor":19,"turns":5},{"damage":0,"enemies":"Centurion and Healer","floor":22,"turns":9},{"damage":20,"enemies":"Masked Bandits","floor":24,"turns":6},{"damage":33,"enemies":"3 Cultists","floor":30,"turns":4}],"seed_played":"-974451943185048988","potions_obtained":[{"floor":3.0,"key":"PotionOfCapacity"},{"floor":4.0,"key":"Regen Potion"},{"floor":6.0,"key":"EssenceOfDarkness"},{"floor":16.0,"key":"FearPotion"},{"floor":18.0,"key":"AttackPotion"},{"floor":22,"key":"SteroidPotion"},{"floor":29,"key":"GamblersBrew"},{"floor":29,"key":"CultistPotion"}],"is_trial":false,"path_per_floor":["M","?","M","?","M","E","R","M","T","M","$","M","M","M","R","B",null,"M","M","?","?","M","R","?","$","T","T","R","?","M"],"character_chosen":"DEFECT","items_purchased":["Defragment"],"campfire_rested":1,"item_purchase_floors":[11],"current_hp_per_floor":[64,64,64,64,64,39,39,29,29,17,17,15,15,3,24,18,58,52,36,36,35,35,35,15,15,15,15,27,27,0,0],"gold":79,"neow_bonus":"THREE_ENEMY_KILL","is_daily":false,"chose_seed":false,"campfire_upgraded":3,"win_rate":0.0,"timestamp":1608309748,"path_taken":["M","?","?","?","M","E","R","M","T","M","?","M","?","M","R","BOSS","M","M","?","?","M","R","?","?","T","?","R","?","M"],"items_purchased_type":["Card"],"build_version":"2020-12-13","purchased_purges":2,"victory":false,"max_hp_per_floor":[71,71,71,71,71,71,71,71,71,71,71,71,71,71,71,71,71,71,71,71,35,35,35,35,35,35,35,35,35,35,35],"relic_stats":{"counters":[15,72],"Ornamental Fan":[4],"Gambling Chip":[20],"Eternal Feather":12,"obtain_stats":[{"NeowsBlessing":0,"Ornamental Fan":6,"Gambling Chip":9,"Eternal Feather":27,"Red Mask":24,"Cracked Core":0,"FrozenCore":17},{"NeowsBlessing":0,"Ornamental Fan":4,"Gambling Chip":5,"Eternal Feather":14,"Red Mask":14,"Cracked Core":0,"FrozenCore":10},{"NeowsBlessing":0,"Ornamental Fan":10,"Gambling Chip":13,"Eternal Feather":68,"Red Mask":68,"Cracked Core":0,"FrozenCore":41}],"FrozenCore":[10]},"card_choices":[{"not_picked":["Conserve Battery","Turbo"],"picked":"Static Discharge","floor":1.0},{"not_picked":["Tempest","Scrape"],"picked":"White Noise","floor":3.0},{"not_picked":["Skim","Conserve Battery"],"picked":"Chill","floor":5.0},{"not_picked":["Leap","Meteor Strike"],"picked":"Creative AI","floor":6.0},{"not_picked":["Barrage","Streamline"],"picked":"Recycle","floor":8.0},{"not_picked":["Skim","Redo"],"picked":"Turbo","floor":10.0},{"not_picked":["Lockon","Recycle","Turbo"],"picked":"SKIP","floor":12.0},{"not_picked":["Rebound","Reinforced Body"],"picked":"Loop","floor":13.0},{"not_picked":["Go for the Eyes","Coolheaded"],"picked":"Glacier","floor":14.0},{"not_picked":["Meteor Strike","Buffer"],"picked":"Seek","floor":16.0},{"not_picked":["Scrape","Barrage"],"picked":"Turbo","floor":18.0},{"not_picked":["Leap","Thunder Strike"],"picked":"Defragment","floor":19},{"not_picked":["Steam","Sunder","Compile Driver"],"picked":"SKIP","floor":22},{"not_picked":["Coolheaded","White Noise"],"picked":"Force Field","floor":24}],"player_experience":1466062,"relics_obtained":[{"floor":6.0,"key":"Ornamental Fan"},{"floor":9.0,"key":"Gambling Chip"},{"floor":24,"key":"Red Mask"},{"floor":27,"key":"Eternal Feather"}],"event_choices":[{"cards_removed":["Strike_B"],"damage_healed":0.0,"max_hp_gain":0.0,"max_hp_loss":0.0,"gold_gain":0.0,"event_name":"Bonfire Elementals","player_choice":"Offered Basic","floor":2.0,"gold_loss":0.0,"damage_taken":0.0},{"damage_healed":0.0,"max_hp_gain":0.0,"max_hp_loss":0.0,"gold_gain":0.0,"event_name":"Lab","player_choice":"Got Potions","floor":4.0,"gold_loss":0.0,"damage_taken":0.0},{"damage_healed":0,"gold_gain":0,"cards_transformed":["Strike_B","Strike_B"],"player_choice":"Became Test Subject","damage_taken":0,"max_hp_gain":0,"max_hp_loss":0,"event_name":"Drug Dealer","floor":20,"gold_loss":0,"cards_obtained":["Rebound","Double Energy"]},{"damage_healed":0,"gold_gain":0,"player_choice":"Became a Ghost","damage_taken":0,"max_hp_gain":0,"max_hp_loss":36,"event_name":"Ghosts","floor":21,"gold_loss":0,"cards_obtained":["Ghostly","Ghostly","Ghostly"]},{"damage_healed":0,"gold_gain":0,"player_choice":"Fought Bandits","damage_taken":0,"max_hp_gain":0,"max_hp_loss":0,"event_name":"Masked Bandits","floor":24,"gold_loss":0},{"damage_healed":0,"gold_gain":0,"player_choice":"Bought 2 Potions","damage_taken":0,"max_hp_gain":0,"max_hp_loss":0,"event_name":"The Woman in Blue","floor":29,"gold_loss":0}],"is_beta":false,"boss_relics":[{"not_picked":["Inserter","Empty Cage"],"picked":"FrozenCore"}],"items_purged_floors":[11,25],"is_endless":false,"potions_floor_spawned":[3,6,8,12,16,18,22,24],"killed_by":"3 Cultists","ascension_level":20}}