{"host":"36mulxq349byzoa2","time":1608306330,"event":{"mods":["AchievementEnabler","BaseMod","Better Match","Block Reminder","Colored Map","Colored Powertips","Minty Spire (QoL Compilation)","Rare Cards Sparkle","StSLib","SuperFastMode"],"gold_per_floor":[114,114,20,20,70,104,114,129,205,205,224,299,319,365,365,365,365],"floor_reached":16,"playtime":317,"items_purged":[],"score":100,"play_id":"97147615-3ae0-42b9-b324-cb02cb7087bc","local_time":"20201218104530","is_ascension_mode":false,"campfire_choices":[{"data":"Dual Wield","floor":10,"key":"SMITH"},{"data":"Whirlwind","floor":15,"key":"SMITH"}],"circlet_count":0,"master_deck":["Strike_R","Strike_R","Strike_R+1","Strike_R","Strike_R","Defend_R","Defend_R","Defend_R","Defend_R","Bash+1","Dual Wield+1","Madness","Whirlwind+1"],"relics":["Burning Blood","Lantern","Pear","Blue Candle","Bag of Marbles"],"acts_visited":["Exordium"],"potions_floor_usage":[6,13,16,16],"damage_taken":[{"damage":3,"enemies":"Small Slimes","floor":1,"turns":3},{"damage":35,"enemies":"Lagavulin","floor":6,"turns":5},{"damage":1,"enemies":"Cultist","floor":7,"turns":4},{"damage":0,"enemies":"2 Louse","floor":8,"turns":2},{"damage":6,"enemies":"Exordium Wildlife","floor":11,"turns":4},{"damage":10,"enemies":"3 Louse","floor":13,"turns":4},{"damage":51,"enemies":"Slime Boss","floor":16,"turns":8}],"seed_played":"3015644136180898396","potions_obtained":[{"floor":1,"key":"Ancient Potion"},{"floor":2,"key":"DistilledChaos"},{"floor":2,"key":"CultistPotion"},{"floor":8,"key":"LiquidBronze"},{"floor":11,"key":"Block Potion"},{"floor":13,"key":"BlessingOfTheForge"}],"is_trial":false,"path_per_floor":["M","?","$","?","T","E","M","M","T","R","M","?","M","T","R","B"],"character_chosen":"IRONCLAD","items_purchased":["Madness"],"campfire_rested":0,"item_purchase_floors":[3],"current_hp_per_floor":[80,80,80,64,64,45,50,56,56,56,56,45,41,41,41,0,0],"gold":365,"neow_bonus":"THREE_CARDS","is_daily":false,"chose_seed":false,"campfire_upgraded":2,"win_rate":0.0,"timestamp":1608306330,"path_taken":["M","?","?","?","?","E","M","?","T","R","M","?","M","?","R","BOSS"],"items_purchased_type":["Card"],"build_version":"2020-12-13","purchased_purges":0,"victory":false,"max_hp_per_floor":[80,80,80,80,80,90,90,90,90,90,90,90,90,90,90,90,90],"card_choices":[{"not_picked":["Second Wind","Disarm"],"picked":"Dual Wield","floor":1},{"not_picked":["Reckless Charge","Power Through","Armaments"],"picked":"SKIP","floor":6},{"not_picked":["Warcry","Perfected Strike","Body Slam"],"picked":"SKIP","floor":7},{"not_picked":["Dual Wield","Cleave","Body Slam"],"picked":"SKIP","floor":8},{"not_picked":["Perfected Strike","Battle Trance"],"picked":"Whirlwind","floor":11},{"not_picked":["Clothesline","Entrench","Shrug It Off"],"picked":"SKIP","floor":13}],"player_experience":983642,"relics_obtained":[{"floor":5,"key":"Lantern"},{"floor":6,"key":"Pear"},{"floor":9,"key":"Blue Candle"},{"floor":14,"key":"Bag of Marbles"}],"event_choices":[{"damage_healed":0,"gold_gain":0,"player_choice":"Got Potions","damage_taken":0,"max_hp_gain":0,"max_hp_loss":0,"event_name":"Lab","floor":2,"gold_loss":0},{"damage_healed":0,"gold_gain":0,"player_choice":"Entered Light","damage_taken":16,"max_hp_gain":0,"max_hp_loss":0,"event_name":"Shining Light","floor":4,"gold_loss":0,"cards_upgraded":["Bash","Strike_R"]},{"damage_healed":0,"gold_gain":75,"player_choice":"Gather Gold","damage_taken":11,"max_hp_gain":0,"max_hp_loss":0,"event_name":"World of Goop","floor":12,"gold_loss":0}],"is_beta":false,"boss_relics":[],"items_purged_floors":[],"is_endless":false,"potions_floor_spawned":[1,8,11,13],"killed_by":"Slime Boss","ascension_level":0}}