{"host":"sabve5zmqufxyc5o","time":1608280206,"event":{"mods":["2.2 Compatiblity","AchievementEnabler","Act Like it!","BaseMod","Block Reminder","Colored Map","Colored Powertips","DeckTracker","KOR Keyword Fix","Keyboard Shortcuts","Minty Spire (QoL Compilation)","Quick Restart","Rare Cards Sparkle","Relic Stats","StSLib","SuperFastMode"],"gold_per_floor":[114,29,29,42,12,12,40,40,64,97,115,115,148,109,109,109,109],"floor_reached":16,"playtime":224,"items_purged":[],"score":282,"play_id":"6ff1ce42-87d0-4f98-b13b-1149b0db21c9","local_time":"20201218173006","is_ascension_mode":true,"campfire_choices":[{"data":"Seek","floor":6,"key":"SMITH"},{"floor":12,"key":"REST"},{"data":"Fusion","floor":15,"key":"SMITH"}],"circlet_count":0,"master_deck":["AscendersBane","Strike_B+1","Strike_B","Strike_B","Defend_B","Defend_B","Defend_B","Defend_B","Zap","Dualcast","Blizzard","Seek+1","Cold Snap","Compile Driver+1","Defragment","Beam Cell","Conserve Battery","Fusion+1","Defragment"],"relics":["Cracked Core","NeowsBlessing","Cables","Tiny Chest","Omamori","Gremlin Horn"],"acts_visited":["Exordium"],"potions_floor_usage":[],"damage_taken":[{"damage":0,"enemies":"2 Louse","floor":1,"turns":1},{"damage":0,"enemies":"Cultist","floor":4,"turns":1},{"damage":0,"enemies":"Lagavulin","floor":7,"turns":1},{"damage":30,"enemies":"Gremlin Nob","floor":10,"turns":4},{"damage":0,"enemies":"Jaw Worm","floor":11,"turns":4},{"damage":16,"enemies":"3 Sentries","floor":13,"turns":9},{"damage":21,"enemies":"Hexaghost","floor":16,"turns":9}],"seed_played":"669249274672229383","potions_obtained":[{"floor":11,"key":"SpeedPotion"}],"is_trial":false,"path_per_floor":["M","$","?","M","$","R","E","?","T","E","M","R","E","$","R","B"],"character_chosen":"DEFECT","items_purchased":["Seek","Compile Driver","Defragment"],"campfire_rested":1,"item_purchase_floors":[2,5,14],"current_hp_per_floor":[64,64,64,64,64,64,64,43,43,13,13,34,18,18,18,0,0],"gold":109,"neow_bonus":"THREE_ENEMY_KILL","is_daily":false,"chose_seed":false,"campfire_upgraded":2,"win_rate":0.0,"timestamp":1608280206,"path_taken":["M","$","?","M","?","R","E","?","T","E","M","R","E","?","R","BOSS"],"items_purchased_type":["Card","Card","Card"],"build_version":"2020-12-13","purchased_purges":0,"victory":false,"max_hp_per_floor":[71,71,71,71,71,71,71,71,71,71,71,71,71,71,71,71,71],"relic_stats":{"Gremlin Horn":[0,0],"counters":[7,29],"Tiny Chest":0,"obtain_stats":[{"NeowsBlessing":0,"Gremlin Horn":13,"Tiny Chest":9,"Omamori":10,"Cracked Core":0,"Cables":7},{"NeowsBlessing":0,"Gremlin Horn":6,"Tiny Chest":3,"Omamori":4,"Cracked Core":0,"Cables":3},{"NeowsBlessing":0,"Gremlin Horn":20,"Tiny Chest":3,"Omamori":7,"Cracked Core":0,"Cables":3}],"Cables":[23,16,6,0,1]},"card_choices":[{"not_picked":["Steam","Redo"],"picked":"Blizzard","floor":1},{"not_picked":["Compile Driver","Double Energy"],"picked":"Cold Snap","floor":4},{"not_picked":["Sunder","Double Energy"],"picked":"Defragment","floor":7},{"not_picked":["Loop","Barrage"],"picked":"Beam Cell","floor":10},{"not_picked":["Double Energy","Lockon"],"picked":"Conserve Battery","floor":11},{"not_picked":["Sunder","Sweeping Beam"],"picked":"Fusion","floor":13}],"player_experience":783740,"relics_obtained":[{"floor":7,"key":"Cables"},{"floor":9,"key":"Tiny Chest"},{"floor":10,"key":"Omamori"},{"floor":13,"key":"Gremlin Horn"}],"event_choices":[{"cards_removed":["Strike_B"],"damage_healed":0,"gold_gain":0,"player_choice":"Purged","damage_taken":0,"max_hp_gain":0,"max_hp_loss":0,"event_name":"Purifier","floor":3,"gold_loss":0},{"damage_healed":0,"gold_gain":0,"player_choice":"Entered Light","damage_taken":21,"max_hp_gain":0,"max_hp_loss":0,"event_name":"Shining Light","floor":8,"gold_loss":0,"cards_upgraded":["Strike_B","Compile Driver"]}],"is_beta":false,"boss_relics":[],"items_purged_floors":[],"is_endless":false,"potions_floor_spawned":[11],"killed_by":"Hexaghost","ascension_level":20}}