{"host":"oci94hfetpis6u68","time":1608297351,"event":{"mods":["2.2 Compatiblity","Act Like it!","BaseMod","Better Altar","Better Match","Better Note","Better Sensory Stone","Better Skull","Better Third Choice","Gensokyo","Hallownest","Hermit","Marisa????????","Minty Spire (QoL Compilation)","Replay The Spire","StSLib","The Animator","The Bug Knight","The Cursed","The Servant 0.9.4"],"gold_per_floor":[115,115,0,0,40,40,66,66,66,83,93,93,117,117,117,213,213,225,264,86,101,101,129,129,159,185,357,406,406,441,465,465,465,465],"floor_reached":33,"playtime":2985,"items_purged":["HollowMod:QuickDashStart"],"score":349,"play_id":"de5735f7-fe03-4ebf-a82e-83181e338adf","local_time":"20201218141551","is_ascension_mode":false,"campfire_choices":[{"data":"HollowMod:DoubleDash","floor":6,"key":"SMITH"},{"data":"HollowMod:DungDefenderAura","floor":8,"key":"SMITH"},{"data":"HollowMod:ChannelNail","floor":12,"key":"SMITH"},{"data":"HollowMod:CycloneSlash","floor":15,"key":"SMITH"},{"data":"HollowMod:MantisMark","floor":29,"key":"SMITH"}],"circlet_count":0,"master_deck":["HollowMod:NailStrikeStart","HollowMod:NailStrikeStart","HollowMod:NailStrikeStart","HollowMod:NailStrikeStart","HollowMod:QuickDashStart","HollowMod:QuickDashStart","HollowMod:FocusHealStart","HollowMod:PogoStrike","HollowMod:DoubleDash+1","HollowMod:DungDefenderAura+1","HollowMod:SoulSplash","HollowMod:ChannelNail+1","Panacea","HollowMod:CycloneSlash+1","HollowMod:SoulMaster","HollowMod:CornifersMapStart","HollowMod:CloakDash","HollowMod:GrimmsGift+1","HollowMod:HowlingWraiths","HollowMod:BaldurShell","HollowMod:MantisMark+1","HollowMod:MantisMark+1","HollowMod:ElderbugsWisdom","HollowMod:SoulShaman","HollowMod:DoubleDash","HollowMod:CrystalDash+1"],"relics":["HollowMod:VesselMask","Hallownest:BankAccountRelic","Hallownest:DreamNailRelic","Anchor","Calipers","Honey Jar","PreservedInsect","Sling","Centennial Puzzle","Hallownest:WatcherSealRelic","Replay:Bandana","HollowMod:KingsBrand","Strawberry"],"acts_visited":["Exordium","Hallownest:Greenpath"],"potions_floor_usage":[23,23,25,25],"damage_taken":[{"damage":2,"enemies":"Hallownest:2_MossCreeps","floor":1,"turns":4},{"damage":6,"enemies":"Hallownest:eliteVengeflyKing","floor":7,"turns":11},{"damage":0,"enemies":"Hallownest:2_Tiktiks_and_1_Crawlid","floor":10,"turns":3},{"damage":0,"enemies":"Hallownest:monsterHuskWarrior","floor":11,"turns":4},{"damage":23,"enemies":"Hallownest:BossFalseKnight","floor":16,"turns":14},{"damage":13,"enemies":"Hallownest:3_Youths","floor":18,"turns":7},{"damage":10,"enemies":"Hallownest:Flukemon_and_Top","floor":21,"turns":7},{"damage":22,"enemies":"Hallownest:eliteWatcherKnight","floor":23,"turns":13},{"damage":0,"enemies":"Hallownest:eliteSoulWarrior","floor":25,"turns":8},{"damage":0,"enemies":"Hallownest:eliteWatcherKnight","floor":28,"turns":11},{"damage":12,"enemies":"Hallownest:3_Mistakes","floor":30,"turns":6},{"damage":15,"enemies":"Hallownest:monsterMisterMushroom","floor":31,"turns":5},{"damage":0,"enemies":"Hallownest:BossSoulMaster","floor":33,"turns":1}],"seed_played":"-8388296793839642510","potions_obtained":[{"floor":1,"key":"Ancient Potion"},{"floor":7,"key":"LiquidMemories"},{"floor":18,"key":"Reflective Coating"},{"floor":19,"key":"Venom Potion"},{"floor":21,"key":"Swift Potion"},{"floor":30,"key":"Adrenaline Potion"},{"floor":31,"key":"Block Potion"}],"is_trial":false,"path_per_floor":["M","?","?","?","$","R","E","R","T","M","M","R","T","?","R","B",null,"M","?","$","M","?","E","?","E","T","?","E","R","M","M","R","B"],"character_chosen":"THE_BUGKNIGHT","items_purchased":["Sling"],"campfire_rested":0,"item_purchase_floors":[20],"current_hp_per_floor":[80,80,80,80,80,80,82,82,82,82,82,82,82,82,82,65,82,75,43,43,45,45,33,33,39,39,39,52,52,40,25,25,25,25],"gold":465,"neow_bonus":"TEN_PERCENT_HP_BONUS","is_daily":false,"chose_seed":false,"campfire_upgraded":5,"win_rate":0.0,"timestamp":1608297351,"path_taken":["M","?","?","?","$","R","E","R","T","?","?","R","?","?","R","BOSS","M","?","$","M","?","E","?","E","T","?","E","R","M","M","R","BOSS"],"items_purchased_type":["Relic"],"build_version":"2020-12-13","purchased_purges":1,"victory":false,"max_hp_per_floor":[82,82,82,82,82,82,82,82,82,82,82,82,82,82,82,82,82,82,82,82,82,82,82,82,82,82,82,89,89,89,89,89,89,89],"card_choices":[{"not_picked":["HollowMod:FallenFury","HollowMod:SharpenedNail"],"picked":"HollowMod:DoubleDash","floor":1},{"not_picked":["HollowMod:SiblingsSouls","HollowMod:SiblingsShadow"],"picked":"HollowMod:DungDefenderAura","floor":7},{"not_picked":["HollowMod:DashSlash","HollowMod:FastStrike"],"picked":"HollowMod:SoulSplash","floor":10},{"not_picked":["HollowMod:VengefulVoid","HollowMod:ShadowDash"],"picked":"HollowMod:ChannelNail","floor":11},{"not_picked":["Trip","Replay:BasicMightCard"],"picked":"Panacea","floor":14},{"not_picked":["HollowMod:GrimmsGift","HollowMod:CloakDash"],"picked":"HollowMod:CycloneSlash","floor":14},{"not_picked":["HollowMod:NewInfectedGuardian","HollowMod:LifebloodCore"],"picked":"HollowMod:SoulMaster","floor":16},{"not_picked":["HollowMod:ShadowDash","HollowMod:DashSlash","HollowMod:DescendingDark"],"picked":"HollowMod:CornifersMapStart","floor":18},{"not_picked":["HollowMod:LifebloodCocoon","HollowMod:ShadowDash","HollowMod:NewJinnsSoul+1"],"picked":"HollowMod:CloakDash","floor":19},{"not_picked":["HollowMod:Hiveblood","HollowMod:VengefulVoid","HollowMod:WraithStrike"],"picked":"HollowMod:GrimmsGift","floor":19},{"not_picked":["HollowMod:NewGlowingWomb","HollowMod:HeavyBlow","HollowMod:MantisMark"],"picked":"HollowMod:HowlingWraiths","floor":21},{"not_picked":["HollowMod:CloakDash","HollowMod:CornifersMapStart+1","HollowMod:Weaversong"],"picked":"HollowMod:BaldurShell","floor":23},{"not_picked":["HollowMod:TaintedHusks","HollowMod:InfectionAssault","HollowMod:CycloneSlash"],"picked":"HollowMod:MantisMark","floor":25},{"not_picked":["HollowMod:Hiveblood","HollowMod:CornifersMapStart","HollowMod:GoodIntentions+1"],"picked":"HollowMod:MantisMark+1","floor":28},{"not_picked":["HollowMod:InfectedAttack","HollowMod:NewJinnsSoul","HollowMod:DescendingDark"],"picked":"HollowMod:ElderbugsWisdom","floor":30},{"not_picked":["HollowMod:LifebloodCocoon","HollowMod:CloakDash","HollowMod:DescendingDark+1"],"picked":"HollowMod:SoulShaman","floor":31},{"not_picked":["HollowMod:SiblingsSouls","HollowMod:NewJinnsSoul+1","HollowMod:MothsMistake+1"],"picked":"HollowMod:DoubleDash","floor":32},{"not_picked":["HollowMod:LifebloodCocoon","HollowMod:ShadowDash","HollowMod:GoodIntentions+1"],"picked":"HollowMod:CrystalDash+1","floor":32}],"player_experience":54485,"relics_obtained":[{"floor":7,"key":"Anchor"},{"floor":9,"key":"Calipers"},{"floor":19,"key":"PreservedInsect"},{"floor":23,"key":"Centennial Puzzle"},{"floor":25,"key":"Replay:Bandana"},{"floor":26,"key":"HollowMod:KingsBrand"},{"floor":28,"key":"Strawberry"}],"event_choices":[],"is_beta":false,"boss_relics":[{"not_picked":["ReplayTheSpireMod:DimensionalGlitch","Sozu"],"picked":"Honey Jar"}],"items_purged_floors":[20],"is_endless":false,"potions_floor_spawned":[1,7,18,21,30,31],"killed_by":"Hallownest:BossSoulMaster","ascension_level":0}}