{"host":"q9718omregw4er46","time":1608322227,"event":{"mods":["BaseMod","Bestiary","Colored Powertips","Custom Start","Highlight Path","Minty Spire (QoL Compilation)","Practice Mode","Quick Restart","Relic Stats"],"gold_per_floor":[115,135,285,299,182,217,233,246,246,271,271],"floor_reached":10,"playtime":259,"items_purged":["Doubt"],"score":137,"play_id":"32d8cf26-d0b4-4629-9558-506ee06d1e45","local_time":"20201219011027","is_ascension_mode":true,"campfire_choices":[],"circlet_count":0,"master_deck":["AscendersBane","Strike_P","Strike_P","Strike_P","Strike_P","Defend_P","Defend_P","Defend_P","Defend_P","Eruption","Vigilance","EmptyFist","Consecrate","SashWhip","MentalFortress","MentalFortress","Meditate","Wish"],"relics":["PureWater","Akabeko"],"acts_visited":["Exordium"],"potions_floor_usage":[],"damage_taken":[{"damage":0.0,"enemies":"Cultist","floor":1.0,"turns":2.0},{"damage":0.0,"enemies":"2 Louse","floor":2.0,"turns":3.0},{"damage":0.0,"enemies":"Small Slimes","floor":4.0,"turns":3.0},{"damage":16,"enemies":"Gremlin Nob","floor":6,"turns":3},{"damage":5,"enemies":"Exordium Thugs","floor":7,"turns":3},{"damage":2,"enemies":"Looter","floor":8,"turns":2},{"damage":54,"enemies":"Lagavulin","floor":10,"turns":10}],"seed_played":"5280032450901893753","potions_obtained":[{"floor":2.0,"key":"Energy Potion"},{"floor":7,"key":"GamblersBrew"}],"is_trial":false,"path_per_floor":["M","M","?","M","$","E","M","M","T","E"],"character_chosen":"WATCHER","items_purchased":["MentalFortress"],"campfire_rested":0,"item_purchase_floors":[5],"current_hp_per_floor":[67,67,67,67,67,51,46,44,44,0,0],"gold":271,"neow_bonus":"TEN_PERCENT_HP_BONUS","is_daily":false,"chose_seed":false,"campfire_upgraded":0,"win_rate":0.0,"timestamp":1608322227,"path_taken":["M","?","?","M","$","E","M","M","T","E"],"items_purchased_type":["Card"],"build_version":"2020-12-13","purchased_purges":1,"victory":false,"max_hp_per_floor":[74,74,74,74,74,74,74,74,74,74,74],"relic_stats":{"counters":[7,26],"obtain_stats":[{"PureWater":0,"Akabeko":6},{"PureWater":0,"Akabeko":4},{"PureWater":0,"Akabeko":11}]},"card_choices":[{"not_picked":["CrushJoints","EmptyMind"],"picked":"EmptyFist","floor":1.0},{"not_picked":["Halt","WreathOfFlame"],"picked":"Consecrate","floor":2.0},{"not_picked":["Prostrate","BowlingBash"],"picked":"SashWhip","floor":4.0},{"not_picked":["Consecrate","ThirdEye"],"picked":"MentalFortress","floor":6},{"not_picked":["Consecrate","ThirdEye"],"picked":"Meditate","floor":7},{"not_picked":["ClearTheMind","FlurryOfBlows"],"picked":"Wish","floor":8}],"player_experience":1051991,"relics_obtained":[{"floor":6,"key":"Akabeko"}],"event_choices":[{"damage_healed":0.0,"max_hp_gain":0.0,"max_hp_loss":0.0,"gold_gain":150.0,"event_name":"Liars Game","player_choice":"AGREE","floor":3.0,"gold_loss":0.0,"damage_taken":0.0,"cards_obtained":["Doubt"]}],"is_beta":false,"boss_relics":[],"items_purged_floors":[5],"is_endless":false,"potions_floor_spawned":[2,7],"killed_by":"Lagavulin","ascension_level":19}}