{"host":"ki5kvxn974a96omm","time":1608271607,"event":{"mods":["BaseMod","Colored Map","Colored Powertips","Downfall","Key Reminder","Minty Spire (QoL Compilation)","Relic Sorter","StSLib"],"gold_per_floor":[99,131,131,141,141,173,225,259,273,307,322,337,31,31,64,188,188,188,262,262,262,320,320,344,41,75,75,200,238,281,281,324,453,453,303,328,328,371,441,491,491,442,517,442,487,503,513,134,151,151,151,208,32,32,32],"floor_reached":56,"playtime":5395,"items_purged":["champ:Strike","champ:Strike","Pain","champ:Execute+1","champ:Defend"],"score":1471,"play_id":"10bfef10-e142-41d6-bd67-000cc4ff602f","local_time":"20201218010647","is_ascension_mode":true,"campfire_choices":[{"data":"champ:Execute","floor":1,"key":"SMITH"},{"data":"champ:Taunt","floor":3,"key":"SMITH"},{"data":"champ:VampiricStrike","floor":18,"key":"SMITH"},{"data":"HandOfGreed","floor":20,"key":"SMITH"},{"floor":23,"key":"RECALL"},{"data":"champ:Lariat","floor":35,"key":"SMITH"},{"data":"champ:PerfectForm","floor":37,"key":"SMITH"},{"data":"champ:StanceDance","floor":44,"key":"SMITH"},{"data":"champ:HoldFirm","floor":54,"key":"SMITH"}],"circlet_count":0,"master_deck":["champ:Defend","champ:Defend","champ:Taunt+1","champ:VampiricStrike+1","champ:ShieldSigil","champ:GutPunch+1","champ:StanceDance+1","champ:Encircle","champ:DefensiveShout","champ:IronFortress","champ:CrookedStrike+1","champ:ArenaPreparation","HandOfGreed+1","champ:CrookedStrike","champ:GladiatorsShout+1","champ:Shatter","champ:CheapShot","champ:RapidStrikes+1","champ:Lariat+1","champ:BerserkerStyle","champ:Duel","J.A.X.","champ:GladiatorsShout","champ:IgnorePain+1","champ:ShieldSigil","champ:SwordSigil","champ:PerfectForm+1","champ:FocusedBerserking+1","champ:Improvising","champ:FalseCounter+1","champ:SteelEdge","champ:BringItOn+1","champ:RageSigil+1","champ:MurderStrike","champ:HoldFirm","champ:SwordSigil","champ:RageSigil+1","champ:HoldFirm+1","champ:AdrenalArmor"],"relics":["champ:ChampionCrown","CaptainsWheel","champ:DefensiveTrainingManual","White Beast Statue","Toy Ornithopter","HornCleat","Smiling Mask","champ:GladiatorsBookOfMartialProwess","Coffee Dripper","Whetstone","champ:FightingForDummies","Vajra","ClockworkSouvenir","Pear","champ:BerserkersGuideToSlaughter","MutagenicStrength","Ice Cream","Black Star","downfall:HeartBlessingRed","downfall:HeartBlessingGreen","Darkstone Periapt","Anchor","Potion Belt","Centennial Puzzle","War Paint","Turnip","downfall:HeartBlessingBlue","Orichalcum","Bag of Preparation"],"acts_visited":["Exordium","TheCity","TheBeyond","TheEnding"],"potions_floor_usage":[9,10,13,16,19,19,25,26,33,33,55,55,55,55,55,55,55,55,55],"damage_taken":[{"damage":30,"enemies":"Gremlin Nob","floor":2,"turns":5},{"damage":11,"enemies":"Jaw Worm","floor":4,"turns":3},{"damage":20,"enemies":"3 Sentries","floor":6,"turns":7},{"damage":34,"enemies":"Lagavulin","floor":8,"turns":5},{"damage":3,"enemies":"Cultist","floor":9,"turns":2},{"damage":21,"enemies":"3 Sentries","floor":10,"turns":5},{"damage":8,"enemies":"Small Slimes","floor":11,"turns":2},{"damage":2,"enemies":"2 Fungi Beasts","floor":12,"turns":4},{"damage":18,"enemies":"downfall:FleeingMerchant","floor":13,"turns":4},{"damage":8,"enemies":"Large Slime","floor":15,"turns":6},{"damage":107,"enemies":"downfall:Defect","floor":16,"turns":8},{"damage":30,"enemies":"Slavers","floor":19,"turns":6},{"damage":56,"enemies":"Gremlin Leader","floor":22,"turns":9},{"damage":22,"enemies":"downfall:FleeingMerchant","floor":25,"turns":5},{"damage":48,"enemies":"Slavers","floor":26,"turns":6},{"damage":17,"enemies":"downfall:Augmenter","floor":28,"turns":3},{"damage":7,"enemies":"Chosen","floor":29,"turns":2},{"damage":0,"enemies":"Shell Parasite","floor":30,"turns":3},{"damage":10,"enemies":"Snecko","floor":32,"turns":4},{"damage":37,"enemies":"downfall:Silent","floor":33,"turns":5},{"damage":57,"enemies":"Giant Head","floor":36,"turns":3},{"damage":41,"enemies":"3 Darklings","floor":38,"turns":5},{"damage":39,"enemies":"3 Shapes","floor":39,"turns":9},{"damage":56,"enemies":"Nemesis","floor":40,"turns":7},{"damage":21,"enemies":"downfall:FleeingMerchant","floor":42,"turns":2},{"damage":69,"enemies":"Mind Bloom Boss Battle","floor":43,"turns":5},{"damage":28,"enemies":"Jaw Worm Horde","floor":45,"turns":4},{"damage":11,"enemies":"Spire Growth","floor":46,"turns":2},{"damage":14,"enemies":"4 Shapes","floor":47,"turns":4},{"damage":14,"enemies":"Sphere and 2 Shapes","floor":49,"turns":4},{"damage":98,"enemies":"downfall:Ironclad","floor":50,"turns":10},{"damage":78,"enemies":"downfall:CharBossMerchant","floor":52,"turns":9},{"damage":194,"enemies":"downfall:NeowBoss","floor":55,"turns":20}],"seed_played":"667652656010295608","potions_obtained":[{"floor":2,"key":"hexamod:EctoCoolerPotion"},{"floor":6,"key":"champ:OpenerPotion"},{"floor":8,"key":"BlessingOfTheForge"},{"floor":9,"key":"champ:TechniquePotion"},{"floor":10,"key":"Dexterity Potion"},{"floor":12,"key":"CultistPotion"},{"floor":13,"key":"SteroidPotion"},{"floor":16,"key":"PowerPotion"},{"floor":19,"key":"EntropicBrew"},{"floor":22,"key":"Fire Potion"},{"floor":25,"key":"FearPotion"},{"floor":26,"key":"Explosive Potion"},{"floor":29,"key":"Energy Potion"},{"floor":33,"key":"Strength Potion"},{"floor":36,"key":"champ:TechniquePotion"},{"floor":38,"key":"sneckomod:MuddlingPotion"},{"floor":40,"key":"GamblersBrew"},{"floor":42,"key":"champ:CounterPotion"},{"floor":49,"key":"SpeedPotion"}],"is_trial":false,"path_per_floor":["R","E","R","M","?","E","T","E","M","E","M","M","$","T","M","B",null,"R","E","R","?","E","R","T","$","E","?","?","M","M","?","M","B",null,"R","E","R","M","M","E","T","$","?","R","M","M","M","$","M","B",null,"E","$","R","B",null],"character_chosen":"THE_CHAMP","items_purchased":["HandOfGreed","champ:CrookedStrike","champ:GladiatorsShout","ClockworkSouvenir","champ:BerserkerStyle","CultistPotion","War Paint","Ancient Potion","CultistPotion","champ:MurderStrike","champ:HoldFirm","champ:HoldFirm","champ:AdrenalArmor"],"campfire_rested":0,"item_purchase_floors":[13,13,13,25,25,42,42,42,48,48,48,53,53],"current_hp_per_floor":[81,61,61,67,67,69,69,63,81,81,81,81,81,81,81,28,81,81,80,80,80,71,71,71,81,88,88,91,91,91,91,91,91,91,91,81,81,87,91,91,91,91,91,101,96,101,101,101,101,101,101,91,91,91,101],"gold":32,"neow_bonus":"ONE_RARE_RELIC","is_daily":false,"chose_seed":false,"campfire_upgraded":8,"win_rate":0.0,"timestamp":1608271607,"path_taken":["R","E","R","M","?","E","T","E","M","E","M","M","$","?","M","BOSS","R","E","R","?","E","R","T","$","E","?","?","M","M","?","M","BOSS","R","E","R","M","?","E","T","$","?","R","M","M","M","$","M","BOSS","E","$","R","BOSS"],"items_purchased_type":["Card","Card","Card","Relic","Card","Potion","Relic","Potion","Potion","Card","Card","Card","Card"],"build_version":"2020-12-13","purchased_purges":5,"victory":true,"max_hp_per_floor":[81,81,81,81,81,81,81,81,81,81,81,81,81,81,81,81,81,81,81,81,81,81,81,81,81,91,91,91,91,91,91,91,91,91,91,91,91,91,91,91,91,91,91,101,101,101,101,101,101,101,101,101,101,101,101],"card_choices":[{"not_picked":["champ:PerfectedStrike","champ:ShieldSigil"],"picked":"champ:VampiricStrike","floor":2},{"not_picked":["champ:RageSigil","champ:CalledShot"],"picked":"champ:ShieldSigil","floor":4},{"not_picked":["champ:FanOfKnives","champ:BringItOn"],"picked":"champ:GutPunch","floor":6},{"not_picked":["champ:PerfectedStrike","champ:GladiatorsShout"],"picked":"champ:StanceDance","floor":8},{"not_picked":["champ:BerserkersShout","champ:TornadoPunch"],"picked":"champ:Encircle","floor":9},{"not_picked":["champ:GladiatorStyle","champ:CrookedStrike"],"picked":"champ:DefensiveShout","floor":10},{"not_picked":["champ:Haymaker","champ:BerserkerStyle"],"picked":"champ:IronFortress","floor":11},{"not_picked":["champ:HeartStrike","champ:Lariat"],"picked":"champ:CrookedStrike","floor":12},{"not_picked":["champ:GladiatorsShout","champ:BladeFlurry"],"picked":"champ:ArenaPreparation","floor":13},{"not_picked":["champ:RecklessLeap","champ:DeathBlow"],"picked":"champ:Shatter","floor":15},{"not_picked":["champ:SteelEdge","champ:Improvising"],"picked":"champ:CheapShot","floor":16},{"not_picked":["champ:Haymaker","champ:Circumvent","champ:Encircle+1"],"picked":"SKIP","floor":19},{"not_picked":["champ:FightOn","champ:FanOfKnives"],"picked":"champ:RapidStrikes+1","floor":22},{"not_picked":["champ:Aggression","champ:Encircle"],"picked":"champ:Lariat","floor":25},{"not_picked":["champ:GutPunch+1","champ:HeartStrike"],"picked":"champ:Duel","floor":26},{"not_picked":[],"picked":"J.A.X.","floor":28},{"not_picked":["champ:BerserkersShout","champ:HeavySlash"],"picked":"champ:ShieldSigil","floor":28},{"not_picked":["champ:Haymaker+1","champ:FanOfKnives","champ:BerserkersShout"],"picked":"SKIP","floor":29},{"not_picked":["champ:Encircle","champ:ShieldSigil"],"picked":"champ:SwordSigil","floor":30},{"not_picked":["champ:FlashCut","champ:PerfectedStrike+1","champ:CalledShot"],"picked":"SKIP","floor":32},{"not_picked":["champ:SwordThrow","champ:Improvising"],"picked":"champ:PerfectForm","floor":33},{"not_picked":["champ:IronFortress","champ:DefensiveShout+1","champ:Encircle+1"],"picked":"SKIP","floor":36},{"not_picked":["champ:AdrenalArmor+1","champ:Control"],"picked":"champ:FocusedBerserking+1","floor":38},{"not_picked":["champ:BringItOn","champ:FlashCut+1"],"picked":"champ:Improvising","floor":39},{"not_picked":["champ:FightOn","champ:EnragedBash+1"],"picked":"champ:FalseCounter+1","floor":40},{"not_picked":["champ:StanceDance","champ:EnGarde+1"],"picked":"champ:SteelEdge","floor":42},{"not_picked":["champ:Balance","champ:Haymaker"],"picked":"champ:BringItOn+1","floor":43},{"not_picked":["champ:BerserkerStyle+1","champ:FanOfKnives+1","champ:BladeFlurry+1"],"picked":"SKIP","floor":45},{"not_picked":["champ:FlashCut+1","champ:ViciousMockery"],"picked":"champ:RageSigil+1","floor":46},{"not_picked":["champ:BringItOn+1","champ:Backstep","champ:BladeFlurry+1"],"picked":"SKIP","floor":47},{"not_picked":["champ:AdrenalArmor","champ:BladeFlurry"],"picked":"champ:SwordSigil","floor":49},{"not_picked":["champ:SkillfulDodge+1","champ:Riposte"],"picked":"champ:RageSigil+1","floor":52}],"player_experience":1857798,"relics_obtained":[{"floor":2,"key":"champ:DefensiveTrainingManual"},{"floor":6,"key":"White Beast Statue"},{"floor":7,"key":"Toy Ornithopter"},{"floor":8,"key":"HornCleat"},{"floor":10,"key":"Smiling Mask"},{"floor":14,"key":"champ:GladiatorsBookOfMartialProwess"},{"floor":19,"key":"Whetstone"},{"floor":22,"key":"champ:FightingForDummies"},{"floor":24,"key":"Vajra"},{"floor":26,"key":"Pear"},{"floor":28,"key":"MutagenicStrength"},{"floor":36,"key":"Darkstone Periapt"},{"floor":36,"key":"Anchor"},{"floor":40,"key":"Potion Belt"},{"floor":40,"key":"Centennial Puzzle"},{"floor":43,"key":"Turnip"},{"floor":52,"key":"Orichalcum"},{"floor":52,"key":"Bag of Preparation"}],"event_choices":[{"cards_removed":["champ:Strike"],"damage_healed":0,"gold_gain":0,"player_choice":"Offered Basic","damage_taken":0,"max_hp_gain":0,"max_hp_loss":0,"event_name":"Bonfire Elementals","floor":5,"gold_loss":0}],"is_beta":false,"boss_relics":[{"not_picked":["Pandora\u0027s Box","Runic Dome"],"picked":"Coffee Dripper"},{"not_picked":["Snecko Eye","Fusion Hammer"],"picked":"Black Star"}],"items_purged_floors":[13,25,42,48,53],"is_endless":false,"potions_floor_spawned":[2,6,8,9,10,11,12,13,15,16,19,22,25,26,29,30,32,33,36,38,39,40,42,43,45,46,47,49,52],"ascension_level":1}}