{"host":"21h5e52imz35vo8g","time":1608270701,"event":{"mods":["AchievementEnabler","BaseMod","Colored Map","Colored Powertips","Googly Eyes","Minty Spire (QoL Compilation)","Quick Restart","Rare Cards Sparkle","Replay The Spire","StSLib"],"gold_per_floor":[116,127,212,387,387,415,415,445,445,464,489,507,520,496,496,496,496],"floor_reached":16,"playtime":700,"items_purged":[],"score":144,"play_id":"9f81073f-3b31-495a-ad3d-c782eecd68d0","local_time":"20201218135141","is_ascension_mode":true,"campfire_choices":[{"floor":7.0,"key":"REST"},{"floor":15,"key":"REST"}],"circlet_count":0,"master_deck":["Strike_G","Strike_G","Strike_G","Strike_G","Strike_G","Defend_G","Defend_G","Defend_G","Defend_G","Defend_G","Survivor","Neutralize","Acrobatics","Underhanded Strike","Doubt","Unload","Concentrate","Well Laid Plans"],"relics":["Ring of the Snake","Replay:Baseball","Oddly Smooth Stone","Question Card","StrikeDummy","Bag of Preparation","Blood Vial","Replay:WaspNest"],"acts_visited":["Exordium"],"potions_floor_usage":[13],"damage_taken":[{"damage":2.0,"enemies":"Small Slimes","floor":1.0,"turns":4.0},{"damage":4.0,"enemies":"2 Louse","floor":2.0,"turns":3.0},{"damage":18.0,"enemies":"3 Sentries","floor":6.0,"turns":6.0},{"damage":9.0,"enemies":"Gremlin Nob","floor":8.0,"turns":4.0},{"damage":0.0,"enemies":"Jaw Worm","floor":10.0,"turns":2.0},{"damage":32.0,"enemies":"Lagavulin","floor":11.0,"turns":6.0},{"damage":0.0,"enemies":"Large Slime","floor":12.0,"turns":3.0},{"damage":0,"enemies":"Exordium Wildlife","floor":13,"turns":2},{"damage":6,"enemies":"Fading Forest","floor":16,"turns":4}],"seed_played":"1774306060921975160","potions_obtained":[{"floor":1.0,"key":"SkillPotion"},{"floor":3.0,"key":"EntropicBrew"},{"floor":3.0,"key":"Toxic Potion"},{"floor":8.0,"key":"Dexterity Potion"},{"floor":10.0,"key":"Poison Potion"},{"floor":12.0,"key":"SkillPotion"}],"is_trial":false,"path_per_floor":["M","M","?","?","T","E","R","E","T","M","E","M","M","?","R","B"],"character_chosen":"THE_SILENT","items_purchased":[],"campfire_rested":2,"item_purchase_floors":[],"current_hp_per_floor":[68,64,36,36,36,18,39,30,30,32,2,4,6,6,27,23,23],"gold":496,"neow_bonus":"RANDOM_COMMON_RELIC","is_daily":false,"chose_seed":false,"campfire_upgraded":0,"win_rate":0.0,"timestamp":1608270701,"path_taken":["M","M","?","?","?","E","R","E","T","M","E","M","M","?","R","BOSS"],"items_purchased_type":[],"build_version":"2020-12-13","purchased_purges":0,"victory":false,"max_hp_per_floor":[70,70,70,70,70,70,70,70,70,70,70,70,70,70,70,70,70],"card_choices":[{"not_picked":["ReplayTheSpireMod:Speed Training","Slice"],"picked":"Acrobatics","floor":1.0},{"not_picked":["Deadly Poison","Distraction"],"picked":"Underhanded Strike","floor":2.0},{"not_picked":["Bane","Cloak And Dagger","Malaise","Outmaneuver"],"picked":"SKIP","floor":6.0},{"not_picked":["Outmaneuver","PiercingWail","Blade Dance","Dash"],"picked":"SKIP","floor":8.0},{"not_picked":["Poisoned Stab","Deadly Poison","Backflip","Hidden Blade"],"picked":"SKIP","floor":10.0},{"not_picked":["Sucker Punch","Hidden Blade","Terror"],"picked":"Unload","floor":11.0},{"not_picked":["Poisoned Stab","Blade Dance","Setup"],"picked":"Concentrate","floor":12.0},{"not_picked":["Hidden Blade","Bouncing Flask","Acrobatics"],"picked":"Well Laid Plans","floor":13}],"player_experience":275111,"relics_obtained":[{"floor":3.0,"key":"Oddly Smooth Stone"},{"floor":5.0,"key":"Question Card"},{"floor":6.0,"key":"StrikeDummy"},{"floor":8.0,"key":"Bag of Preparation"},{"floor":9.0,"key":"Blood Vial"},{"floor":11.0,"key":"Replay:WaspNest"}],"event_choices":[{"damage_healed":0.0,"max_hp_gain":0.0,"max_hp_loss":0.0,"gold_gain":175.0,"event_name":"Liars Game","player_choice":"AGREE","floor":4.0,"gold_loss":0.0,"damage_taken":0.0,"cards_obtained":["Doubt"]},{"damage_healed":0,"gold_gain":0,"player_choice":"Left Gold","damage_taken":0,"max_hp_gain":0,"max_hp_loss":0,"event_name":"World of Goop","floor":14,"gold_loss":24}],"is_beta":false,"boss_relics":[],"items_purged_floors":[],"is_endless":false,"potions_floor_spawned":[1,8,10,12],"killed_by":"Fading Forest","ascension_level":4}}