{"host":"y76clbnovzmw9ubx","time":1608301233,"event":{"mods":["AchievementEnabler","BaseMod","Minty Spire (QoL Compilation)","Permanent Neow","Relic Stats"],"gold_per_floor":[109,124,143,143,66,95,95,38,112,123,133,158,83,117,117,117,117],"floor_reached":16,"playtime":972,"items_purged":["Strike_G"],"score":220,"play_id":"5d995558-aa06-47ac-b631-cc10d85f2925","local_time":"20201218092033","is_ascension_mode":true,"campfire_choices":[{"floor":7,"key":"REST"},{"floor":15,"key":"REST"}],"circlet_count":0,"master_deck":["AscendersBane","Strike_G","Strike_G","Strike_G","Strike_G","Defend_G","Defend_G","Defend_G","Defend_G","Defend_G","Survivor","Neutralize","Malaise","Masterful Stab","Catalyst","Backstab","Poisoned Stab","Dagger Spray","All Out Attack"],"relics":["Ring of the Snake","Boot","Matryoshka","Bag of Preparation","Pen Nib","Nunchaku"],"acts_visited":["Exordium"],"potions_floor_usage":[6,14,16,16],"damage_taken":[{"damage":2,"enemies":"Cultist","floor":1,"turns":4},{"damage":0,"enemies":"Small Slimes","floor":2,"turns":4},{"damage":0,"enemies":"Jaw Worm","floor":3,"turns":4},{"damage":32,"enemies":"3 Sentries","floor":6,"turns":14},{"damage":5,"enemies":"Red Slaver","floor":10,"turns":2},{"damage":0,"enemies":"2 Fungi Beasts","floor":11,"turns":1},{"damage":8,"enemies":"Gremlin Nob","floor":14,"turns":3},{"damage":50,"enemies":"The Guardian","floor":16,"turns":13}],"seed_played":"-3679999427340850246","potions_obtained":[{"floor":1,"key":"Block Potion"},{"floor":2,"key":"Poison Potion"},{"floor":6,"key":"Fire Potion"},{"floor":14,"key":"GamblersBrew"}],"is_trial":false,"path_per_floor":["M","M","M","?","$","E","R","?","T","M","M","T","$","E","R","B"],"character_chosen":"THE_SILENT","items_purchased":["Backstab"],"campfire_rested":2,"item_purchase_floors":[5],"current_hp_per_floor":[42,42,42,42,42,10,29,29,29,24,24,24,24,16,35,0,0],"gold":117,"neow_bonus":"THREE_RARE_CARDS","is_daily":false,"chose_seed":false,"campfire_upgraded":0,"win_rate":0.0,"timestamp":1608301233,"path_taken":["M","M","M","?","$","E","R","?","T","M","M","?","$","E","R","BOSS"],"items_purchased_type":["Card"],"build_version":"2020-12-13","purchased_purges":1,"victory":false,"max_hp_per_floor":[66,66,66,66,66,66,66,66,66,66,66,66,66,66,66,66,66],"relic_stats":{"Nunchaku":[2],"counters":[8,45],"Pen Nib":[2],"Bag of Preparation":[4],"Boot":[20],"obtain_stats":[{"Nunchaku":14,"Matryoshka":9,"Pen Nib":12,"Bag of Preparation":12,"Boot":6,"Ring of the Snake":0},{"Nunchaku":7,"Matryoshka":4,"Pen Nib":6,"Bag of Preparation":6,"Boot":4,"Ring of the Snake":0},{"Nunchaku":32,"Matryoshka":26,"Pen Nib":29,"Bag of Preparation":29,"Boot":26,"Ring of the Snake":0}],"Ring of the Snake":[16]},"card_choices":[{"not_picked":["Tools of the Trade","Envenom"],"picked":"Malaise","floor":0},{"not_picked":["Acrobatics","PiercingWail"],"picked":"Masterful Stab","floor":1},{"not_picked":["Endless Agony","Slice"],"picked":"Catalyst","floor":2},{"not_picked":["Bane","Accuracy","Concentrate"],"picked":"SKIP","floor":3},{"not_picked":["Underhanded Strike","A Thousand Cuts"],"picked":"Poisoned Stab","floor":6},{"not_picked":["Underhanded Strike","Flechettes"],"picked":"Dagger Spray","floor":10},{"not_picked":["Escape Plan","Underhanded Strike","Terror"],"picked":"SKIP","floor":11},{"not_picked":["Underhanded Strike","Poisoned Stab"],"picked":"All Out Attack","floor":14}],"player_experience":2898970,"relics_obtained":[{"floor":6,"key":"Boot"},{"floor":9,"key":"Matryoshka"},{"floor":12,"key":"Bag of Preparation"},{"floor":12,"key":"Pen Nib"},{"floor":14,"key":"Nunchaku"}],"event_choices":[{"damage_healed":0,"gold_gain":0,"player_choice":"Fled","damage_taken":0,"max_hp_gain":0,"max_hp_loss":0,"event_name":"Scrap Ooze","floor":4,"gold_loss":0},{"damage_healed":0,"gold_gain":0,"player_choice":"Left Gold","damage_taken":0,"max_hp_gain":0,"max_hp_loss":0,"event_name":"World of Goop","floor":8,"gold_loss":57}],"is_beta":false,"boss_relics":[],"items_purged_floors":[13],"is_endless":false,"potions_floor_spawned":[1,2,6,14],"killed_by":"The Guardian","ascension_level":20}}