{"host":"gn96mxb33x5p409u","time":1608259487,"event":{"mods":["2.2 Compatiblity","AchievementEnabler","Act Like it!","BaseMod","Colored Powertips","Downfall","Hubris","Infinite Spire","Jorbs\u0027s Wanderer Trilogy","Minty Spire (QoL Compilation)","Replay The Spire","StSLib","The Animator","The Jungle"],"gold_per_floor":[99,99,99,109,126,137,162,172,202,52,152,252,262,53,64,162,162,162,181,195,195,209,209,209,222,222,222,222],"floor_reached":27,"playtime":1782,"items_purged":[],"score":240,"play_id":"130e5ef6-7263-4bd0-8df5-ce3b3f31fab2","local_time":"20201218044447","is_ascension_mode":false,"campfire_choices":[{"floor":1,"key":"DIG"},{"floor":3,"key":"RECALL"},{"data":"hexamod:SwordOfDarkness","floor":10,"key":"SMITH"},{"floor":18,"key":"DIG"},{"data":"hexamod:TimeOfNeed","floor":21,"key":"SMITH"}],"circlet_count":0,"master_deck":["hexamod:Strike","hexamod:Strike","hexamod:Strike","hexamod:Strike","hexamod:Defend+1","hexamod:Defend+1","hexamod:Defend+1","hexamod:Defend+1","hexamod:Float","hexamod:SwordOfDarkness+1","hexamod:BacktrackSmack","hexamod:Haunt","hexamod:VolcanoVisage","hexamod:GhostLash","hexamod:TimeOfNeed+1","hexamod:FirstSeal","hexamod:GhostShield","hexamod:RadiantFlame","hexamod:WildfireWeapon","stsjorbsmod:PollutedStrike","hexamod:Haunted","Decay","hexamod:NecessarySacrifice","hexamod:GhostOfSpireFuture+1","hexamod:NightmareGuise","hexamod:SecondSeal"],"relics":["hexamod:SpiritBrand","infinitespire:EmpoweringShard","hubris:SlimyHat","downfall:HeartBlessingRed","downfall:HeartBlessingBlue","Toy Ornithopter","Juzu Bracelet","Replay:Ancient Bell","Nunchaku","Replay:Bottled Eggs","Du-Vu Doll","downfall:RedIOU","Replay:Ringing Soul"],"acts_visited":["Exordium","TheCity"],"potions_floor_usage":[12,12,14,16,16,16,27],"damage_taken":[{"damage":0,"enemies":"Jaw Worm","floor":4,"turns":3},{"damage":0,"enemies":"Small Slimes","floor":5,"turns":3},{"damage":0,"enemies":"Cultist","floor":6,"turns":3},{"damage":4,"enemies":"Lots of Slimes","floor":8,"turns":4},{"damage":14,"enemies":"Gremlin Nob","floor":9,"turns":4},{"damage":19,"enemies":"downfall:LadyInBlue","floor":12,"turns":6},{"damage":1,"enemies":"3 Louse","floor":13,"turns":2},{"damage":0,"enemies":"downfall:FleeingMerchant","floor":14,"turns":4},{"damage":0,"enemies":"2 Fungi Beasts","floor":15,"turns":2},{"damage":60,"enemies":"downfall:Silent","floor":16,"turns":11},{"damage":20,"enemies":"Spheric Guardian","floor":19,"turns":5},{"damage":14,"enemies":"Shell Parasite","floor":20,"turns":4},{"damage":12,"enemies":"Centurion and Healer","floor":22,"turns":5},{"damage":15,"enemies":"Snake Plant","floor":25,"turns":5},{"damage":62,"enemies":"Gremlin Leader","floor":27,"turns":5}],"seed_played":"6358009476533132679","potions_obtained":[{"floor":6,"key":"SkillPotion"},{"floor":9,"key":"Energy Potion"},{"floor":12,"key":"LiquidMemories"},{"floor":12,"key":"LiquidMemories"},{"floor":12,"key":"SmokeBomb"},{"floor":15,"key":"hexamod:DoubleChargePotion"},{"floor":19,"key":"Strength Potion"}],"is_trial":false,"path_per_floor":["R","?","R","M","M","M","T","M","E","R","?","?","M","$","M","B",null,"R","M","M","R","M","?","T","M","?","E"],"character_chosen":"THE_SPIRIT","items_purchased":["Adrenaline Potion","Juzu Bracelet"],"campfire_rested":0,"item_purchase_floors":[14,14],"current_hp_per_floor":[77,77,77,77,77,77,77,73,59,69,69,50,49,61,61,23,87,87,74,60,60,55,55,55,50,50,0,0],"gold":222,"neow_bonus":"TEN_PERCENT_HP_BONUS","is_daily":false,"chose_seed":false,"campfire_upgraded":2,"win_rate":0.0,"timestamp":1608259487,"path_taken":["R","?","R","M","M","M","T","M","E","R","?","?","?","?","M","BOSS","R","M","M","R","M","?","T","M","?","E"],"items_purchased_type":["Potion","Relic"],"build_version":"2020-12-13","purchased_purges":0,"victory":false,"max_hp_per_floor":[77,77,77,77,77,77,77,77,77,87,87,87,87,87,87,87,87,87,87,87,87,87,87,87,90,90,90,90],"card_choices":[{"not_picked":["hexamod:SpectersWail","hexamod:NightmareGuise"],"picked":"hexamod:SwordOfDarkness","floor":4},{"not_picked":["hexamod:HeatCrush","hexamod:HauntingEcho"],"picked":"hexamod:BacktrackSmack","floor":5},{"not_picked":["hexamod:FastForward","hexamod:RainOfEmbers"],"picked":"hexamod:Haunt","floor":6},{"not_picked":["hexamod:RecurringNightmare","hexamod:BacktrackSmack"],"picked":"hexamod:VolcanoVisage","floor":8},{"not_picked":["hexamod:Again","hexamod:FastForward"],"picked":"hexamod:GhostLash","floor":9},{"not_picked":["hexamod:SpectersWail","hexamod:HauntingEcho"],"picked":"hexamod:TimeOfNeed","floor":12},{"not_picked":["hexamod:FastForward","hexamod:GhostLash"],"picked":"hexamod:FirstSeal","floor":13},{"not_picked":["hexamod:Firestarter","hexamod:TimeOfNeed"],"picked":"hexamod:GhostShield","floor":14},{"not_picked":["hexamod:BurningTouch","hexamod:CatchUp"],"picked":"hexamod:RadiantFlame","floor":15},{"not_picked":["hexamod:TurnItUp","hexamod:ParanormalForm"],"picked":"hexamod:WildfireWeapon","floor":16},{"not_picked":["hubris:Sloth","hubris:Despair"],"picked":"stsjorbsmod:PollutedStrike","floor":17},{"not_picked":["Voices","Languid"],"picked":"hexamod:Haunted","floor":17},{"not_picked":["hexamod:Haunted","hubris:Despair"],"picked":"Decay","floor":17},{"not_picked":["hexamod:HauntingEcho","hexamod:GhostLash"],"picked":"hexamod:NecessarySacrifice","floor":19},{"not_picked":["hexamod:NightmareGuise","hexamod:PhantomCloak"],"picked":"hexamod:GhostOfSpireFuture+1","floor":20},{"not_picked":["hexamod:HeatCrush","hexamod:HeatMetal"],"picked":"hexamod:NightmareGuise","floor":22},{"not_picked":["hexamod:EmpoweredFlame+1","hexamod:GhostShield"],"picked":"hexamod:SecondSeal","floor":25}],"player_experience":512108,"relics_obtained":[{"floor":1,"key":"infinitespire:EmpoweringShard"},{"floor":9,"key":"hubris:SlimyHat"},{"floor":12,"key":"Toy Ornithopter"},{"floor":18,"key":"hubris:TenFootPole"},{"floor":24,"key":"Replay:Ringing Soul"}],"event_choices":[{"cards_removed":["hexamod:Sear"],"damage_healed":0,"gold_gain":0,"player_choice":"Elegance","damage_taken":0,"max_hp_gain":0,"max_hp_loss":0,"event_name":"Back to Basics","floor":26,"gold_loss":0}],"is_beta":false,"boss_relics":[{"not_picked":["Kintsugi","Runic Dome"],"picked":"Replay:Ancient Bell"},{"not_picked":["Dream Catcher","Blue Doll"],"picked":"Nunchaku"},{"not_picked":["The Courier","Question Card"],"picked":"Replay:Bottled Eggs"},{"not_picked":["hubris:Spice","Ginger"],"picked":"Du-Vu Doll"}],"items_purged_floors":[],"is_endless":false,"potions_floor_spawned":[6,9,13,15,19],"killed_by":"Gremlin Leader","ascension_level":0}}