{"host":"fuszjwm6fqgjjp4d","time":1608323796,"event":{"mods":["BaseMod","Bestiary","Colored Map","DeckTracker","Minty Spire (QoL Compilation)","Permanent Neow","Relic Sorter","Relic Stats","StSLib"],"gold_per_floor":[118,118,134,134,146,146,157,186,186,261,261,287,299,326,338,422,434,457,394,406,436,448,487,499,511,511],"floor_reached":25,"playtime":450,"items_purged":[],"score":427,"play_id":"6a7069ad-b3e6-4b09-862c-b2b2d553475d","local_time":"20201218143636","is_ascension_mode":true,"campfire_choices":[{"data":"Whirlwind","floor":6,"key":"SMITH"},{"data":"Disarm","floor":11,"key":"SMITH"},{"data":"Sword Boomerang","floor":13,"key":"SMITH"},{"data":"Trip","floor":15,"key":"SMITH"},{"data":"Limit Break","floor":24,"key":"SMITH"}],"circlet_count":0,"master_deck":["AscendersBane","Strike_R","Strike_R","Strike_R","Strike_R","Defend_R","Defend_R","Defend_R","Defend_R","Bash","Trip+1","Whirlwind+1","Disarm+1","Sword Boomerang+1","Limit Break+1","Flex","Infernal Blade"],"relics":["Burning Blood","Du-Vu Doll","Meat on the Bone","MawBank","Velvet Choker","Enchiridion","Pear"],"acts_visited":["Exordium","TheCity"],"potions_floor_usage":[3,7,8,16,23],"damage_taken":[{"damage":2,"enemies":"Jaw Worm","floor":1,"turns":3},{"damage":0,"enemies":"Small Slimes","floor":3,"turns":2},{"damage":0,"enemies":"2 Louse","floor":5,"turns":1},{"damage":7,"enemies":"Looter","floor":7,"turns":2},{"damage":30,"enemies":"Lagavulin","floor":8,"turns":7},{"damage":0,"enemies":"Exordium Thugs","floor":14,"turns":2},{"damage":13,"enemies":"The Guardian","floor":16,"turns":15},{"damage":21,"enemies":"Chosen","floor":18,"turns":4},{"damage":24,"enemies":"Shell Parasite","floor":21,"turns":3},{"damage":18,"enemies":"Gremlin Leader","floor":23,"turns":5},{"damage":44,"enemies":"Slavers","floor":25,"turns":2}],"seed_played":"7111607990647388790","potions_obtained":[{"floor":1,"key":"AttackPotion"},{"floor":3,"key":"DuplicationPotion"},{"floor":5,"key":"ColorlessPotion"},{"floor":8,"key":"AttackPotion"},{"floor":18,"key":"CultistPotion"}],"is_trial":false,"path_per_floor":["M","?","M","?","M","R","M","E","T","?","R","T","R","M","R","B",null,"M","?","?","M","?","E","R","E"],"character_chosen":"IRONCLAD","items_purchased":[],"campfire_rested":0,"item_purchase_floors":[],"current_hp_per_floor":[72,72,75,80,80,80,79,55,55,44,44,44,44,50,50,55,74,59,59,38,32,32,42,42,0,0],"gold":511,"neow_bonus":"RANDOM_COLORLESS","is_daily":false,"chose_seed":false,"campfire_upgraded":5,"win_rate":0.0,"timestamp":1608323796,"path_taken":["M","?","M","?","M","R","M","E","T","?","R","?","R","M","R","BOSS","M","?","?","M","?","E","R","E"],"items_purchased_type":[],"build_version":"2020-12-13","purchased_purges":0,"victory":false,"max_hp_per_floor":[75,75,75,80,80,80,80,80,80,80,80,80,80,80,80,80,80,80,80,80,80,80,90,90,90,90],"relic_stats":{"counters":[11,46],"MawBank":156,"obtain_stats":[{"Du-Vu Doll":8,"Pear":23,"Velvet Choker":17,"Enchiridion":20,"MawBank":12,"Burning Blood":0,"Meat on the Bone":9},{"Du-Vu Doll":5,"Pear":10,"Velvet Choker":7,"Enchiridion":8,"MawBank":5,"Burning Blood":0,"Meat on the Bone":5},{"Du-Vu Doll":15,"Pear":44,"Velvet Choker":32,"Enchiridion":36,"MawBank":15,"Burning Blood":0,"Meat on the Bone":15}],"Burning Blood":51,"Meat on the Bone":36},"card_choices":[{"not_picked":["Blind","Dark Shackles"],"picked":"Trip","floor":0},{"not_picked":["Rage","Havoc","Power Through"],"picked":"SKIP","floor":1},{"not_picked":["Sever Soul","Burning Pact"],"picked":"Whirlwind","floor":3},{"not_picked":["Entrench","Warcry"],"picked":"Disarm","floor":5},{"not_picked":["Dual Wield","Rampage","Iron Wave"],"picked":"SKIP","floor":7},{"not_picked":["Clothesline","Thunderclap"],"picked":"Sword Boomerang","floor":8},{"not_picked":["Impervious","Havoc","Twin Strike"],"picked":"SKIP","floor":14},{"not_picked":["Juggernaut","Double Tap"],"picked":"Limit Break","floor":16},{"not_picked":["Warcry","True Grit"],"picked":"Flex","floor":18},{"not_picked":["True Grit+1","Thunderclap"],"picked":"Infernal Blade","floor":21},{"not_picked":["Rupture","Second Wind","Perfected Strike"],"picked":"SKIP","floor":23}],"player_experience":1173064,"relics_obtained":[{"floor":8,"key":"Du-Vu Doll"},{"floor":9,"key":"Meat on the Bone"},{"floor":12,"key":"MawBank"},{"floor":20,"key":"Enchiridion"},{"floor":23,"key":"Pear"}],"event_choices":[{"damage_healed":0,"gold_gain":0,"player_choice":"Ignored","damage_taken":0,"max_hp_gain":0,"max_hp_loss":0,"event_name":"Liars Game","floor":2,"gold_loss":0},{"damage_healed":0,"gold_gain":0,"player_choice":"Donut","damage_taken":0,"max_hp_gain":5,"max_hp_loss":0,"event_name":"Big Fish","floor":4,"gold_loss":0},{"damage_healed":0,"gold_gain":75,"player_choice":"Gather Gold","damage_taken":11,"max_hp_gain":0,"max_hp_loss":0,"event_name":"World of Goop","floor":10,"gold_loss":0},{"cards_removed":["Strike_R"],"damage_healed":0,"gold_gain":0,"player_choice":"Gave Gold","damage_taken":0,"max_hp_gain":0,"max_hp_loss":0,"event_name":"Beggar","floor":19,"gold_loss":75},{"damage_healed":0,"gold_gain":0,"player_choice":"Obtained Book","damage_taken":21,"max_hp_gain":0,"max_hp_loss":0,"event_name":"Cursed Tome","floor":20,"gold_loss":0},{"damage_healed":0,"gold_gain":0,"player_choice":"Ignored","damage_taken":0,"max_hp_gain":0,"max_hp_loss":0,"event_name":"Ghosts","floor":22,"gold_loss":0}],"is_beta":false,"boss_relics":[{"not_picked":["Black Blood","Empty Cage"],"picked":"Velvet Choker"}],"items_purged_floors":[],"is_endless":false,"potions_floor_spawned":[1,3,5,8,18],"killed_by":"Slavers","ascension_level":19}}