{"host":"a1eatafr7pisesky","time":1608298495,"event":{"mods":["BaseMod","Colored Map","DeckTracker","Highlight Path","Keyboard Shortcuts","Minty Spire (QoL Compilation)","Permanent Neow","Random Character Button","StSLib","SuperFastMode","everything is the same but u backflip on backflip"],"gold_per_floor":[117,117,128,147,167,202,215,247,247,247,18,29,29,49,49,148,148,162,177,197,211,69,69,69,79,127,127,127,162,162,177,177,274,274,287,307,207,207,225,225,325,344,344,344,372,389,27,50,50,50,50,50,8,33,33],"floor_reached":56,"playtime":2007,"items_purged":["Strike_R","Bludgeon","Pummel","Wild Strike"],"score":1743,"play_id":"4caf654a-7fb4-41fc-95ed-e6de4eb46f63","local_time":"20201218223455","is_ascension_mode":true,"campfire_choices":[{"data":"Uppercut","floor":10.0,"key":"SMITH"},{"floor":15.0,"key":"REST"},{"floor":24.0,"key":"REST"},{"data":"Barricade","floor":27.0,"key":"SMITH"},{"data":"Entrench","floor":30.0,"key":"SMITH"},{"data":"Offering","floor":32.0,"key":"SMITH"},{"data":"True Grit","floor":40.0,"key":"SMITH"},{"floor":44,"key":"RECALL"},{"floor":49,"key":"REST"},{"data":"Offering","floor":52,"key":"SMITH"}],"circlet_count":0,"master_deck":["Bash","Uppercut+1","True Grit+1","Cleave","Shrug It Off","Bloodletting","Offering+1","Disarm","Barricade+1","Offering+1","Body Slam","Ghostly Armor","Feed","Burning Pact","Body Slam+1","Body Slam+1","True Grit+1","Second Wind","Entrench+1","Seeing Red","Brutality","Impervious","Entrench+1"],"relics":["Burning Blood","FaceOfCleric","CaptainsWheel","The Courier","Letter Opener","Pandora\u0027s Box","Strawberry","Frozen Egg 2","Busted Crown","WingedGreaves","Self Forming Clay","Frozen Eye","Oddly Smooth Stone","Regal Pillow","Pen Nib"],"acts_visited":["Exordium","TheCity","TheBeyond","TheEnding"],"potions_floor_usage":[50,55,55],"damage_taken":[{"damage":7.0,"enemies":"Jaw Worm","floor":1.0,"turns":2.0},{"damage":6.0,"enemies":"Cultist","floor":3.0,"turns":3.0},{"damage":6.0,"enemies":"2 Louse","floor":4.0,"turns":2.0},{"damage":24.0,"enemies":"2 Fungi Beasts","floor":5.0,"turns":3.0},{"damage":40.0,"enemies":"3 Sentries","floor":6.0,"turns":6.0},{"damage":0.0,"enemies":"Large Slime","floor":7.0,"turns":4.0},{"damage":16.0,"enemies":"Gremlin Nob","floor":8.0,"turns":4.0},{"damage":9.0,"enemies":"Red Slaver","floor":12.0,"turns":1.0},{"damage":17.0,"enemies":"Lots of Slimes","floor":14.0,"turns":5.0},{"damage":22.0,"enemies":"The Guardian","floor":16.0,"turns":9.0},{"damage":42.0,"enemies":"2 Thieves","floor":18.0,"turns":4.0},{"damage":17.0,"enemies":"Shell Parasite","floor":19.0,"turns":4.0},{"damage":21.0,"enemies":"Sentry and Sphere","floor":20.0,"turns":5.0},{"damage":42.0,"enemies":"Centurion and Healer","floor":21.0,"turns":13.0},{"damage":21.0,"enemies":"Shelled Parasite and Fungi","floor":25.0,"turns":4.0},{"damage":47.0,"enemies":"Gremlin Leader","floor":29.0,"turns":5.0},{"damage":23.0,"enemies":"Cultist and Chosen","floor":31.0,"turns":7.0},{"damage":36.0,"enemies":"Automaton","floor":33.0,"turns":9.0},{"damage":12.0,"enemies":"Orb Walker","floor":35.0,"turns":2.0},{"damage":39.0,"enemies":"3 Darklings","floor":36.0,"turns":3.0},{"damage":53.0,"enemies":"Writhing Mass","floor":39.0,"turns":5.0},{"damage":9.0,"enemies":"Spire Growth","floor":42.0,"turns":3.0},{"damage":12,"enemies":"Nemesis","floor":45,"turns":7},{"damage":12,"enemies":"4 Shapes","floor":46,"turns":7},{"damage":22,"enemies":"Awakened One","floor":50,"turns":8},{"damage":12,"enemies":"Shield and Spear","floor":54,"turns":5},{"damage":24,"enemies":"The Heart","floor":55,"turns":12}],"seed_played":"-4433236386548128041","potions_obtained":[{"floor":1.0,"key":"EntropicBrew"},{"floor":6.0,"key":"GamblersBrew"},{"floor":8.0,"key":"BlessingOfTheForge"},{"floor":16.0,"key":"SteroidPotion"},{"floor":21.0,"key":"SkillPotion"},{"floor":33.0,"key":"HeartOfIron"},{"floor":39.0,"key":"Swift Potion"},{"floor":42.0,"key":"LiquidMemories"}],"is_trial":false,"path_per_floor":["M","?","M","M","M","E","M","E","T","R","$","M","?","M","R","B",null,"M","M","M","M","$","?","R","M","T","R","?","E","R","M","R","B",null,"M","M","$","?","M","R","?","M","T","R","E","M","$","T","R","B",null,"R","$","E","B",null],"character_chosen":"IRONCLAD","items_purchased":["Offering","BloodPotion","Entrench","Frozen Eye","Oddly Smooth Stone","Dexterity Potion"],"campfire_rested":3,"item_purchase_floors":[11,11,22,47,47,53],"current_hp_per_floor":[71,71,72,73,56,23,30,21,21,21,21,19,24,14,41,26,77,45,38,27,16,16,16,49,35,42,42,128,88,88,75,75,46,112,107,78,78,78,32,32,32,30,30,30,25,20,20,20,77,62,124,124,124,119,102],"gold":33,"neow_bonus":"ONE_RANDOM_RARE_CARD","is_daily":false,"chose_seed":false,"campfire_upgraded":6,"win_rate":0.0,"timestamp":1608298495,"path_taken":["M","?","M","M","?","E","M","E","T","R","$","M","?","M","R","BOSS","M","M","M","M","$","?","R","M","T","R","?","E","R","M","R","BOSS","M","M","$","?","?","R","?","?","T","R","E","M","$","?","R","BOSS","R","$","E","BOSS"],"items_purchased_type":["Card","Potion","Card","Relic","Relic","Potion"],"build_version":"2020-12-13","purchased_purges":4,"victory":true,"max_hp_per_floor":[80,80,81,82,83,84,85,86,86,86,86,87,92,93,93,94,94,98,102,106,110,110,110,110,111,118,118,128,129,129,133,133,134,134,135,139,139,139,140,140,140,141,141,141,142,143,143,143,143,144,144,144,144,145,146],"card_choices":[{"not_picked":["Pummel","Headbutt"],"picked":"Uppercut","floor":1.0},{"not_picked":["Infernal Blade","Twin Strike"],"picked":"Carnage","floor":3.0},{"not_picked":["Anger","Iron Wave"],"picked":"True Grit","floor":4.0},{"not_picked":["Anger","Twin Strike"],"picked":"Pummel","floor":5.0},{"not_picked":["Iron Wave","Twin Strike"],"picked":"Cleave","floor":6.0},{"not_picked":["Combust","Entrench"],"picked":"Shrug It Off","floor":7.0},{"not_picked":["Warcry","Metallicize"],"picked":"Bloodletting","floor":8.0},{"not_picked":["Bloodletting","Hemokinesis","Havoc"],"picked":"SKIP","floor":12.0},{"not_picked":["Clothesline","Limit Break"],"picked":"Disarm","floor":14.0},{"not_picked":["Immolate","Exhume"],"picked":"Barricade","floor":16.0},{"not_picked":["Cleave","Flex+1"],"picked":"Body Slam+1","floor":18.0},{"not_picked":["Heavy Blade","Headbutt"],"picked":"Body Slam+1","floor":19.0},{"not_picked":["Fire Breathing+1","Headbutt"],"picked":"True Grit+1","floor":20.0},{"not_picked":["Headbutt","Sword Boomerang"],"picked":"Second Wind","floor":21.0},{"not_picked":["Warcry","Pommel Strike","Double Tap"],"picked":"SKIP","floor":25.0},{"not_picked":["Perfected Strike","Rage+1","True Grit"],"picked":"SKIP","floor":29.0},{"not_picked":["Clash","Armaments","Blood for Blood"],"picked":"SKIP","floor":31.0},{"not_picked":["Corruption+1","Berserk+1"],"picked":"Impervious","floor":33.0},{"not_picked":["Uppercut"],"picked":"SKIP","floor":35.0},{"not_picked":[],"picked":"Entrench+1","floor":36.0},{"not_picked":["Searing Blow+1"],"picked":"SKIP","floor":39.0},{"not_picked":["True Grit+1"],"picked":"SKIP","floor":42.0},{"not_picked":["Dual Wield+1"],"picked":"SKIP","floor":45},{"not_picked":["Armaments"],"picked":"SKIP","floor":46},{"not_picked":["Battle Trance"],"picked":"SKIP","floor":54}],"player_experience":219783,"relics_obtained":[{"floor":6.0,"key":"CaptainsWheel"},{"floor":8.0,"key":"The Courier"},{"floor":9.0,"key":"Letter Opener"},{"floor":26.0,"key":"Strawberry"},{"floor":29.0,"key":"Frozen Egg 2"},{"floor":45,"key":"Self Forming Clay"},{"floor":48,"key":"Regal Pillow"},{"floor":54,"key":"Pen Nib"}],"event_choices":[{"damage_healed":0.0,"max_hp_gain":0.0,"max_hp_loss":0.0,"gold_gain":0.0,"event_name":"FaceTrader","player_choice":"Trade","floor":2.0,"gold_loss":0.0,"damage_taken":0.0,"relics_obtained":["FaceOfCleric"]},{"damage_healed":0.0,"max_hp_gain":5.0,"max_hp_loss":0.0,"gold_gain":0.0,"event_name":"Big Fish","player_choice":"Donut","floor":13.0,"gold_loss":0.0,"damage_taken":0.0},{"damage_healed":0.0,"max_hp_gain":0.0,"max_hp_loss":0.0,"gold_gain":0.0,"cards_transformed":["Carnage","Sword Boomerang"],"event_name":"Drug Dealer","player_choice":"Became Test Subject","floor":23.0,"gold_loss":0.0,"damage_taken":0.0,"cards_obtained":["Seeing Red","Brutality"]},{"cards_removed":["Brutality"],"damage_healed":76.0,"max_hp_gain":10.0,"max_hp_loss":0.0,"gold_gain":0.0,"event_name":"Bonfire Elementals","player_choice":"Offered Rare","floor":28.0,"gold_loss":0.0,"damage_taken":0.0},{"damage_healed":0.0,"max_hp_gain":0.0,"max_hp_loss":0.0,"gold_gain":0.0,"event_name":"SecretPortal","player_choice":"Ignored","floor":38.0,"gold_loss":0.0,"damage_taken":0.0},{"damage_healed":0.0,"max_hp_gain":0.0,"max_hp_loss":0.0,"gold_gain":100.0,"event_name":"Golden Shrine","player_choice":"Pray","floor":41.0,"gold_loss":0.0,"damage_taken":0.0}],"is_beta":false,"boss_relics":[{"not_picked":["SacredBark","Empty Cage"],"picked":"Pandora\u0027s Box"},{"not_picked":["Calling Bell","Coffee Dripper"],"picked":"Busted Crown"}],"items_purged_floors":[11,22,37,47],"is_endless":false,"potions_floor_spawned":[1,6,7,8,16,21,33,36,39,42,45,54],"ascension_level":9}}