{"host":"r6jigiblrojhp6xe","time":1608264261,"event":{"mods":["AchievementEnabler","BaseMod","DeckTracker","Minty Spire (QoL Compilation)","Quick Restart","Rare Cards Sparkle","Relic Stats","StSLib","SuperFastMode","everything is the same but u backflip on backflip"],"gold_per_floor":[17,17,17,17,40,40,80,5,5,40,40,55,89,102,102,191,191,205,480,496,77,90,90,115,115,115,40,40,40,40,54,54,54,54],"floor_reached":33,"playtime":680,"items_purged":["Defend_P","Regret"],"score":576,"play_id":"90f75459-9a9f-4df6-8990-22287f8cb24b","local_time":"20201218130421","is_ascension_mode":true,"campfire_choices":[{"data":"Eruption","floor":6.0,"key":"SMITH"},{"data":"Judgement","floor":11.0,"key":"SMITH"},{"data":"SignatureMove","floor":15.0,"key":"SMITH"},{"data":"MentalFortress","floor":23,"key":"SMITH"},{"data":"MentalFortress","floor":28,"key":"SMITH"},{"data":"FlurryOfBlows","floor":32,"key":"SMITH"}],"circlet_count":0,"master_deck":["AscendersBane","Strike_P","Strike_P","Strike_P","Defend_P","Defend_P","Defend_P+1","Eruption+1","Vigilance","Judgement+1","CutThroughFate","Tantrum","WreathOfFlame+1","FlurryOfBlows+1","Meditate","SignatureMove+1","InnerPeace","LessonLearned","MentalFortress+1","MentalFortress+1","Halt+1","Indignation+1"],"relics":["HolyWater","Bloody Idol","Ornamental Fan","Pantograph","Orichalcum","HornCleat","Toxic Egg 2","Matryoshka"],"acts_visited":["Exordium","TheCity"],"potions_floor_usage":[33],"damage_taken":[{"damage":0.0,"enemies":"Jaw Worm","floor":1.0,"turns":3.0},{"damage":0.0,"enemies":"2 Louse","floor":5.0,"turns":2.0},{"damage":0.0,"enemies":"Gremlin Nob","floor":7.0,"turns":2.0},{"damage":4.0,"enemies":"3 Sentries","floor":10.0,"turns":6.0},{"damage":0.0,"enemies":"Cultist","floor":12.0,"turns":2.0},{"damage":14.0,"enemies":"Lagavulin","floor":13.0,"turns":3.0},{"damage":3.0,"enemies":"Lots of Slimes","floor":14.0,"turns":3.0},{"damage":27.0,"enemies":"The Guardian","floor":16.0,"turns":6.0},{"damage":0.0,"enemies":"Spheric Guardian","floor":18.0,"turns":2.0},{"damage":4.0,"enemies":"Shell Parasite","floor":20.0,"turns":3.0},{"damage":6,"enemies":"Snake Plant","floor":22,"turns":4},{"damage":9,"enemies":"3 Cultists","floor":24,"turns":4},{"damage":22,"enemies":"Shelled Parasite and Fungi","floor":31,"turns":5},{"damage":118,"enemies":"Automaton","floor":33,"turns":6}],"seed_played":"1722154289406280005","potions_obtained":[{"floor":1.0,"key":"DuplicationPotion"},{"floor":12.0,"key":"Strength Potion"},{"floor":14.0,"key":"Fire Potion"},{"floor":16.0,"key":"Ancient Potion"},{"floor":20.0,"key":"Strength Potion"},{"floor":24,"key":"CultistPotion"}],"is_trial":false,"path_per_floor":["M","?","?","$","M","R","E","$","T","E","R","M","E","M","R","B",null,"M","?","M","$","M","R","M","$","T","?","R","?","?","M","R","B"],"character_chosen":"WATCHER","items_purchased":["Toxic Egg 2","Halt+1"],"campfire_rested":0,"item_purchase_floors":[21,21],"current_hp_per_floor":[61,38,43,43,43,43,43,43,43,39,39,39,25,22,22,20,60,60,60,56,56,50,50,41,41,41,41,41,41,41,24,24,0,0],"gold":54,"neow_bonus":"THREE_RARE_CARDS","is_daily":false,"chose_seed":false,"campfire_upgraded":6,"win_rate":0.0,"timestamp":1608264261,"path_taken":["M","?","?","$","M","R","E","?","T","E","R","M","E","M","R","BOSS","M","?","M","$","?","R","?","$","T","?","R","?","?","M","R","BOSS"],"items_purchased_type":["Relic","Card"],"build_version":"2020-12-13","purchased_purges":2,"victory":false,"max_hp_per_floor":[68,68,73,73,73,73,73,73,73,73,73,73,73,73,73,73,73,73,73,73,73,73,73,73,73,73,73,73,73,73,73,73,73,73],"relic_stats":{"counters":[14,51],"Ornamental Fan":[56],"Bloody Idol":5,"Pantograph":50,"Orichalcum":[36],"obtain_stats":[{"HornCleat":13,"Matryoshka":26,"Golden Idol":2,"Ornamental Fan":7,"Pantograph":9,"Bloody Idol":29,"HolyWater":17,"PureWater":0,"Orichalcum":10,"Toxic Egg 2":21},{"HornCleat":6,"Matryoshka":12,"Golden Idol":1,"Ornamental Fan":3,"Pantograph":3,"Bloody Idol":12,"HolyWater":8,"PureWater":0,"Orichalcum":4,"Toxic Egg 2":10},{"HornCleat":18,"Matryoshka":40,"Golden Idol":3,"Ornamental Fan":7,"Pantograph":7,"Bloody Idol":40,"HolyWater":27,"PureWater":0,"Orichalcum":13,"Toxic Egg 2":32}]},"card_choices":[{"not_picked":["Establishment","ConjureBlade"],"picked":"Judgement","floor":0.0},{"not_picked":["LikeWater","PathToVictory"],"picked":"CutThroughFate","floor":1.0},{"not_picked":["EmptyMind","FollowUp"],"picked":"Tantrum","floor":5.0},{"not_picked":["SashWhip","Consecrate"],"picked":"WreathOfFlame","floor":7.0},{"not_picked":["Evaluate","Prostrate"],"picked":"FlurryOfBlows","floor":10.0},{"not_picked":["Halt","EmptyBody"],"picked":"Meditate","floor":12.0},{"not_picked":["Perseverance","ClearTheMind"],"picked":"SignatureMove","floor":13.0},{"not_picked":["SashWhip","SignatureMove"],"picked":"InnerPeace","floor":14.0},{"not_picked":["Alpha","Scrawl"],"picked":"LessonLearned","floor":16.0},{"not_picked":["EmptyBody","Crescendo+1"],"picked":"MentalFortress","floor":18.0},{"not_picked":["EmptyFist","Meditate+1"],"picked":"MentalFortress","floor":20.0},{"not_picked":["PathToVictory+1","WreathOfFlame+1","Omniscience+1"],"picked":"SKIP","floor":22},{"not_picked":["Prostrate+1","CutThroughFate"],"picked":"Indignation+1","floor":24},{"not_picked":["Protect+1","DeceiveReality+1","Wireheading"],"picked":"SKIP","floor":31}],"player_experience":501166,"relics_obtained":[{"floor":7.0,"key":"Ornamental Fan"},{"floor":9.0,"key":"Pantograph"},{"floor":10.0,"key":"Orichalcum"},{"floor":13.0,"key":"HornCleat"},{"floor":26,"key":"Matryoshka"}],"event_choices":[{"damage_healed":0.0,"max_hp_gain":0.0,"max_hp_loss":0.0,"gold_gain":0.0,"event_name":"Golden Idol","player_choice":"Take Damage","floor":2.0,"gold_loss":0.0,"damage_taken":23.0,"relics_obtained":["Golden Idol"]},{"damage_healed":0.0,"max_hp_gain":5.0,"max_hp_loss":0.0,"gold_gain":0.0,"event_name":"Big Fish","player_choice":"Donut","floor":3.0,"gold_loss":0.0,"damage_taken":0.0},{"damage_healed":0.0,"max_hp_gain":0.0,"max_hp_loss":0.0,"gold_gain":275.0,"event_name":"Golden Shrine","player_choice":"Desecrate","floor":19.0,"gold_loss":0.0,"damage_taken":0.0,"cards_obtained":["Regret"]},{"cards_removed":["Strike_P"],"damage_healed":0,"gold_gain":0,"player_choice":"Gave Gold","damage_taken":0,"max_hp_gain":0,"max_hp_loss":0,"event_name":"Beggar","floor":27,"gold_loss":75},{"damage_healed":0,"gold_gain":0,"player_choice":"Gave Idol","damage_taken":0,"relics_obtained":["Bloody Idol"],"max_hp_gain":0,"max_hp_loss":0,"event_name":"Forgotten Altar","floor":29,"relics_lost":["Golden Idol"],"gold_loss":0},{"damage_healed":0,"gold_gain":0,"player_choice":"Ignored","damage_taken":0,"max_hp_gain":0,"max_hp_loss":0,"event_name":"N\u0027loth","floor":30,"gold_loss":0}],"is_beta":false,"boss_relics":[{"not_picked":["Fusion Hammer","Sozu"],"picked":"HolyWater"}],"items_purged_floors":[8,21],"is_endless":false,"potions_floor_spawned":[1,12,14,16,20,24],"killed_by":"Automaton","ascension_level":20}}