{"host":"41zuqv3z4fqqx8y0","time":1608249811,"event":{"mods":["BaseMod","Lobotomy","Minty Spire (QoL Compilation)","Replay The Spire","StSLib"],"gold_per_floor":[111,131,148,73,83,83,111,111,138,138,148,148,122,122,122,225,225,237,137,137,137,137],"floor_reached":21,"playtime":4063,"items_purged":["Strike_G","Parasite"],"score":260,"play_id":"d11879c2-dd41-4386-87f7-a3ffc3e9d408","local_time":"20201218010331","is_ascension_mode":true,"campfire_choices":[{"data":"Toxin Wave","floor":6,"key":"SMITH"},{"floor":8,"key":"REST"},{"data":"Pot Of Greed","floor":10,"key":"SMITH"},{"floor":15,"key":"REST"}],"circlet_count":0,"master_deck":["Defend_G","Defend_G","Defend_G","Defend_G+1","Defend_G","Survivor+1","Neutralize","UniverseFragment","ReplayTheSpireMod:Tripwire","SpiderBud","ReplayTheSpireMod:Scrap Shanks","Toxin Wave+1","Caltrops","WhitesApple","Pot Of Greed","Pot Of Greed+1","CherryBlossoms","Scarecrow","Replay:Bag of Tricks","QueenOfHatred","After Image","Pot Of Greed","Envenom+1","Poisoned Stab+1","Sneak Up+1","Parasite","MeatLantern"],"relics":["Ring of the Snake","CogitoBucket","Grinning Jar","Pet Ghost","ResearcherNote","Astrolabe"],"acts_visited":["Exordium","TheCity"],"potions_floor_usage":[5,11,16],"damage_taken":[{"damage":2,"enemies":"Cultist","floor":1,"turns":4},{"damage":0,"enemies":"2 Louse","floor":2,"turns":4},{"damage":10,"enemies":"Small Slimes","floor":3,"turns":6},{"damage":16,"enemies":"Gremlin Gang","floor":5,"turns":7},{"damage":72,"enemies":"Lagavulin","floor":7,"turns":7},{"damage":9,"enemies":"2 Fungi Beasts","floor":11,"turns":4},{"damage":7,"enemies":"Exordium Thugs","floor":13,"turns":5},{"damage":35,"enemies":"Fading Forest","floor":16,"turns":11},{"damage":2,"enemies":"Shell Parasite","floor":18,"turns":5},{"damage":13,"enemies":"3 Byrds","floor":21,"turns":3}],"seed_played":"-8750732159239281866","potions_obtained":[{"floor":1,"key":"Dexterity Potion"},{"floor":2,"key":"Poison Potion"},{"floor":3,"key":"SpeedPotion"}],"is_trial":false,"path_per_floor":["M","M","M","$","M","R","E","R","T","R","M","?","M","?","R","B",null,"M","$","?","M"],"character_chosen":"THE_SILENT","items_purchased":[],"campfire_rested":2,"item_purchase_floors":[],"current_hp_per_floor":[61,61,51,51,35,35,21,42,42,42,33,26,19,5,26,5,54,60,60,60,55,55],"gold":137,"neow_bonus":"","is_daily":false,"chose_seed":false,"campfire_upgraded":2,"win_rate":0.0,"timestamp":1608249811,"path_taken":["M","M","?","$","M","R","E","R","T","R","M","?","M","?","R","BOSS","M","$","?","M"],"items_purchased_type":[],"build_version":"2020-12-13","purchased_purges":2,"victory":false,"max_hp_per_floor":[70,70,70,70,70,70,70,70,70,70,70,70,70,70,70,70,70,70,67,67,67,67],"card_choices":[{"not_picked":["Murderer","CrumblingArmor"],"picked":"UniverseFragment","floor":1},{"not_picked":["Sucker Punch","PiercingWail"],"picked":"ReplayTheSpireMod:Tripwire","floor":1},{"not_picked":["NakedNest","QueenOfHatred"],"picked":"SpiderBud","floor":2},{"not_picked":["Replay:Poison Smokescreen","Skewer"],"picked":"ReplayTheSpireMod:Scrap Shanks","floor":2},{"not_picked":["Porccubus","CherryBlossoms","DespairKnight"],"picked":"Singing Bowl","floor":3},{"not_picked":["Murderer","CherryBlossoms"],"picked":"Yin","floor":3},{"not_picked":["ReplayTheSpireMod:Scrap Shanks","Poisoned Stab"],"picked":"Toxin Wave","floor":3},{"not_picked":["Dodge and Roll","Cloak And Dagger"],"picked":"Caltrops","floor":5},{"not_picked":["Variant","MHz"],"picked":"WhitesApple","floor":7},{"not_picked":["Cloak And Dagger","Dagger Throw","Expertise"],"picked":"SKIP","floor":7},{"not_picked":["VoidDream","Mercenary"],"picked":"CherryBlossoms","floor":11},{"not_picked":["Bane","Blade Dance","Accuracy"],"picked":"SKIP","floor":11},{"not_picked":["GalaxyChild","Bloodbath"],"picked":"Scarecrow","floor":13},{"not_picked":["ReplayTheSpireMod:Speed Training","Prepared"],"picked":"Replay:Bag of Tricks","floor":13},{"not_picked":["Laetitia","Wellcheers"],"picked":"QueenOfHatred","floor":16},{"not_picked":["Doppelganger","Malaise"],"picked":"After Image","floor":16},{"not_picked":["FairyFestival","Rudolta"],"picked":"MeatLantern","floor":18},{"not_picked":["Tactician+1","All Out Attack","Heel Hook"],"picked":"SKIP","floor":18}],"player_experience":553144,"relics_obtained":[{"floor":7,"key":"Grinning Jar"},{"floor":9,"key":"Pet Ghost"}],"event_choices":[{"cards_removed":["Strike_G"],"damage_healed":0,"gold_gain":0,"player_choice":"Card Removal","damage_taken":7,"max_hp_gain":0,"max_hp_loss":0,"event_name":"Golden Wing","floor":12,"gold_loss":0},{"damage_healed":0,"gold_gain":0,"player_choice":"Entered Light","damage_taken":14,"max_hp_gain":0,"max_hp_loss":0,"event_name":"Shining Light","floor":14,"gold_loss":0,"cards_upgraded":["Defend_G","Survivor"]},{"damage_healed":0,"gold_gain":0,"player_choice":"Bought 0 Potions","damage_taken":0,"max_hp_gain":0,"max_hp_loss":0,"event_name":"The Woman in Blue","floor":20,"gold_loss":0}],"is_beta":false,"boss_relics":[{"not_picked":["Velvet Choker","Runic Pyramid"],"picked":"Astrolabe"}],"items_purged_floors":[4,19],"is_endless":false,"potions_floor_spawned":[1,2,3],"killed_by":"3 Byrds","ascension_level":9}}