{"host":"9tzam4717zt8ei1o","time":1608300821,"event":{"mods":["BaseMod","Colored Map","Keyboard Shortcuts","Minty Spire (QoL Compilation)","Quick Restart","StSLib","SuperFastMode"],"gold_per_floor":[116,41,57,68,78,78,94,121,121,147,165,175,175,208,208,284,284,294,294,194,213,45,45,56,56,56,56,72,35,35,35],"floor_reached":30,"playtime":474,"items_purged":["Defend_G","Strike_G"],"score":497,"play_id":"ec4375f7-9340-4fce-b493-4e24581c4698","local_time":"20201218231341","is_ascension_mode":true,"campfire_choices":[{"data":"Noxious Fumes","floor":6.0,"key":"SMITH"},{"data":"Accuracy","floor":13.0,"key":"SMITH"},{"floor":15,"key":"REST"},{"data":"Calculated Gamble","floor":23,"key":"SMITH"},{"data":"Cloak And Dagger","floor":25,"key":"SMITH"},{"floor":27,"key":"REST"}],"circlet_count":0,"master_deck":["AscendersBane","Strike_G","Strike_G","Strike_G","Strike_G","Defend_G","Defend_G","Defend_G","Defend_G","Survivor","Neutralize","Blade Dance","Noxious Fumes+1","Escape Plan","Deadly Poison","Backstab","Calculated Gamble+1","Accuracy+1","Terror","Die Die Die+1","Reflex+1","Dagger Spray+1","Cloak And Dagger+1","Accuracy"],"relics":["Ring of the Snake","NeowsBlessing","Regal Pillow","Gremlin Horn","Strawberry","Molten Egg 2","SlaversCollar","Lee\u0027s Waffle","Art of War"],"acts_visited":["Exordium","TheCity"],"potions_floor_usage":[14,14,21],"damage_taken":[{"damage":0.0,"enemies":"Cultist","floor":1.0,"turns":1.0},{"damage":0.0,"enemies":"Small Slimes","floor":3.0,"turns":1.0},{"damage":0.0,"enemies":"Jaw Worm","floor":4.0,"turns":1.0},{"damage":22.0,"enemies":"Red Slaver","floor":5.0,"turns":4.0},{"damage":1.0,"enemies":"Looter","floor":7.0,"turns":5.0},{"damage":24.0,"enemies":"3 Sentries","floor":8.0,"turns":7.0},{"damage":1.0,"enemies":"Blue Slaver","floor":11.0,"turns":3.0},{"damage":0.0,"enemies":"3 Louse","floor":12.0,"turns":2.0},{"damage":8,"enemies":"Gremlin Nob","floor":14,"turns":3},{"damage":15,"enemies":"Hexaghost","floor":16,"turns":7},{"damage":13,"enemies":"Chosen","floor":18,"turns":4},{"damage":5,"enemies":"2 Thieves","floor":21,"turns":3},{"damage":57,"enemies":"Snake Plant","floor":24,"turns":5},{"damage":42,"enemies":"Snecko","floor":28,"turns":5},{"damage":29,"enemies":"Shelled Parasite and Fungi","floor":30,"turns":2}],"seed_played":"8328854116473137111","potions_obtained":[{"floor":5.0,"key":"LiquidMemories"},{"floor":7.0,"key":"SkillPotion"},{"floor":8.0,"key":"PowerPotion"},{"floor":18,"key":"Block Potion"}],"is_trial":false,"path_per_floor":["M","$","M","M","M","R","M","E","T","T","M","M","R","E","R","B",null,"M","?","$","M","$","R","M","R","T","R","M","$","M"],"character_chosen":"THE_SILENT","items_purchased":["Lee\u0027s Waffle","Accuracy"],"campfire_rested":2,"item_purchase_floors":[22,29],"current_hp_per_floor":[59,59,59,59,37,37,36,12,12,19,18,18,18,10,46,31,63,50,29,29,24,85,85,28,28,28,68,26,26,0,0],"gold":35,"neow_bonus":"THREE_ENEMY_KILL","is_daily":false,"chose_seed":false,"campfire_upgraded":4,"win_rate":0.0,"timestamp":1608300821,"path_taken":["M","?","M","M","M","R","M","E","T","?","?","M","R","E","R","BOSS","M","?","$","M","?","R","M","R","T","R","?","$","M"],"items_purchased_type":["Relic","Card"],"build_version":"2020-12-13","purchased_purges":2,"victory":false,"max_hp_per_floor":[66,66,66,66,66,66,66,66,66,73,73,73,73,73,73,73,73,73,78,78,78,85,85,85,85,85,85,85,85,85,85],"card_choices":[{"not_picked":["Bane","Dagger Spray"],"picked":"Blade Dance","floor":1.0},{"not_picked":["Blade Dance","Tactician"],"picked":"Noxious Fumes","floor":3.0},{"not_picked":["Infinite Blades","Dagger Throw"],"picked":"Escape Plan","floor":4.0},{"not_picked":["Prepared","Well Laid Plans","Dodge and Roll"],"picked":"SKIP","floor":5.0},{"not_picked":["Bane","Eviscerate"],"picked":"Deadly Poison","floor":7.0},{"not_picked":["Dodge and Roll","Bane"],"picked":"Backstab","floor":8.0},{"not_picked":["Cloak And Dagger","Flying Knee"],"picked":"Calculated Gamble","floor":11.0},{"not_picked":["Dagger Throw","PiercingWail"],"picked":"Accuracy","floor":12.0},{"not_picked":["Reflex","Prepared"],"picked":"Terror","floor":14},{"not_picked":["Malaise","Night Terror"],"picked":"Die Die Die+1","floor":16},{"not_picked":["Noxious Fumes","PiercingWail"],"picked":"Reflex+1","floor":18},{"not_picked":["Endless Agony+1","Infinite Blades"],"picked":"Dagger Spray+1","floor":21},{"not_picked":["Outmaneuver","Setup"],"picked":"Cloak And Dagger","floor":24},{"not_picked":["Blade Dance","Dodge and Roll+1","Poisoned Stab+1"],"picked":"SKIP","floor":28}],"player_experience":82770,"relics_obtained":[{"floor":8.0,"key":"Regal Pillow"},{"floor":9.0,"key":"Gremlin Horn"},{"floor":10.0,"key":"Strawberry"},{"floor":14,"key":"Molten Egg 2"},{"floor":26,"key":"Art of War"}],"event_choices":[{"damage_healed":0,"gold_gain":0,"player_choice":"Shed Blood","damage_taken":26,"max_hp_gain":5,"max_hp_loss":0,"event_name":"Forgotten Altar","floor":19,"gold_loss":0}],"is_beta":false,"boss_relics":[{"not_picked":["Fusion Hammer","Tiny House"],"picked":"SlaversCollar"}],"items_purged_floors":[2,20],"is_endless":false,"potions_floor_spawned":[5,7,8,12,18],"killed_by":"Shelled Parasite and Fungi","ascension_level":19}}