{"host":"do5be0rrwzdbe7ng","time":1608277123,"event":{"mods":["AchievementEnabler","BaseMod","Colored Map","Colored Powertips","Custom Start","DeckTracker","Keyboard Shortcuts","Minty Spire (QoL Compilation)","Quick Restart","StSLib","SuperFastMode","everything is the same but u backflip on backflip"],"gold_per_floor":[110,35,35,49,49,49,75,150,150,75,95,95,114,138,138,213,213,233,233],"floor_reached":18,"playtime":315,"items_purged":["Strike_B"],"score":361,"play_id":"bd5ced0f-8f2c-49ed-903d-fe5faab8b591","local_time":"20201218163843","is_ascension_mode":true,"campfire_choices":[{"data":"Doom and Gloom","floor":6.0,"key":"SMITH"},{"data":"Zap","floor":12.0,"key":"SMITH"},{"data":"Undo","floor":15.0,"key":"SMITH"}],"circlet_count":0,"master_deck":["AscendersBane","Strike_B","Strike_B","Defend_B","Defend_B","Defend_B","Defend_B","Zap+1","Dualcast","Undo+1","Coolheaded","Doom and Gloom+1","Core Surge","Capacitor","Meteor Strike"],"relics":["Cracked Core","NeowsBlessing","Toy Ornithopter","The Courier","Pantograph","Centennial Puzzle","Sozu"],"acts_visited":["Exordium","TheCity"],"potions_floor_usage":[16,16],"damage_taken":[{"damage":0.0,"enemies":"Cultist","floor":1.0,"turns":1.0},{"damage":0.0,"enemies":"Jaw Worm","floor":4.0,"turns":1.0},{"damage":0.0,"enemies":"3 Sentries","floor":7.0,"turns":1.0},{"damage":2.0,"enemies":"2 Louse","floor":11.0,"turns":2.0},{"damage":6.0,"enemies":"Looter","floor":13.0,"turns":3.0},{"damage":33,"enemies":"The Guardian","floor":16,"turns":7},{"damage":36,"enemies":"3 Byrds","floor":18,"turns":4}],"seed_played":"2141955726700762135","potions_obtained":[{"floor":1.0,"key":"FearPotion"},{"floor":13.0,"key":"SteroidPotion"},{"floor":16,"key":"SkillPotion"}],"is_trial":false,"path_per_floor":["M","$","?","M","?","R","E","?","T","?","M","R","M","T","R","B",null,"M"],"character_chosen":"DEFECT","items_purchased":[],"campfire_rested":0,"item_purchase_floors":[],"current_hp_per_floor":[64,64,64,64,38,38,38,27,27,27,25,25,19,19,19,21,59,23,23],"gold":233,"neow_bonus":"THREE_ENEMY_KILL","is_daily":false,"chose_seed":false,"campfire_upgraded":3,"win_rate":0.0,"timestamp":1608277123,"path_taken":["M","?","?","?","?","R","E","?","T","?","M","R","M","?","R","BOSS","M"],"items_purchased_type":[],"build_version":"2020-12-13","purchased_purges":1,"victory":false,"max_hp_per_floor":[71,71,71,71,71,71,71,71,71,71,71,71,71,71,71,71,71,71,71],"card_choices":[{"not_picked":["Doom and Gloom","Rebound"],"picked":"Undo","floor":1.0},{"not_picked":["Streamline","Conserve Battery"],"picked":"Doom and Gloom","floor":4.0},{"not_picked":["Steam","Turbo"],"picked":"Core Surge","floor":7.0},{"not_picked":["Reprogram","Streamline","Stack"],"picked":"SKIP","floor":11.0},{"not_picked":["Gash","Redo"],"picked":"Capacitor","floor":13.0},{"not_picked":["Amplify","Rainbow"],"picked":"Meteor Strike","floor":16}],"player_experience":346323,"relics_obtained":[{"floor":7.0,"key":"The Courier"},{"floor":9.0,"key":"Pantograph"},{"floor":14.0,"key":"Centennial Puzzle"}],"event_choices":[{"damage_healed":0.0,"max_hp_gain":0.0,"max_hp_loss":0.0,"gold_gain":0.0,"event_name":"Match and Keep!","player_choice":"1 cards matched","floor":3.0,"gold_loss":0.0,"damage_taken":0.0,"cards_obtained":["Coolheaded"]},{"damage_healed":0.0,"max_hp_gain":0.0,"max_hp_loss":0.0,"gold_gain":0.0,"event_name":"Scrap Ooze","player_choice":"Success","floor":5.0,"gold_loss":0.0,"damage_taken":26.0,"relics_obtained":["Toy Ornithopter"]},{"damage_healed":0.0,"max_hp_gain":0.0,"max_hp_loss":0.0,"gold_gain":75.0,"event_name":"World of Goop","player_choice":"Gather Gold","floor":8.0,"gold_loss":0.0,"damage_taken":11.0},{"cards_removed":["Strike_B"],"damage_healed":0.0,"max_hp_gain":0.0,"max_hp_loss":0.0,"gold_gain":0.0,"event_name":"The Cleric","player_choice":"Card Removal","floor":10.0,"gold_loss":75.0,"damage_taken":0.0}],"is_beta":false,"boss_relics":[{"not_picked":["Velvet Choker","Tiny House"],"picked":"Sozu"}],"items_purged_floors":[2],"is_endless":false,"potions_floor_spawned":[1,13,16],"killed_by":"3 Byrds","ascension_level":19}}