{"host":"1ivxh6f0wtekmpqo","time":1608312733,"event":{"mods":["AchievementEnabler","BaseMod","Colored Map","Minty Spire (QoL Compilation)","Rare Cards Sparkle","StSLib","SuperFastMode","everything is the same but u backflip on backflip"],"gold_per_floor":[115,115,190,3,18,59,89,102,102,116,131,131,306,84,84,84,84],"floor_reached":16,"playtime":430,"items_purged":["Doubt"],"score":125,"play_id":"bd6c84e9-96ad-4aef-a8bf-614d8c96dcb1","local_time":"20201219013213","is_ascension_mode":false,"campfire_choices":[{"floor":15,"key":"RECALL"}],"circlet_count":0,"master_deck":["Strike_P","Strike_P","Strike_P","Strike_P","Defend_P","Defend_P","Defend_P","Defend_P","Eruption","Vigilance","FlyingSleeves","Injury","BattleHymn","FlyingSleeves","Study","DeusExMachina","SandsOfTime","Swivel"],"relics":["PureWater","NeowsBlessing","Golden Idol","HandDrill","Sundial","Orichalcum"],"acts_visited":["Exordium"],"potions_floor_usage":[10,10,10,16],"damage_taken":[{"damage":0,"enemies":"Jaw Worm","floor":1,"turns":1},{"damage":0,"enemies":"Small Slimes","floor":5,"turns":1},{"damage":0,"enemies":"Lagavulin","floor":6,"turns":1},{"damage":14,"enemies":"2 Louse","floor":8,"turns":2},{"damage":24,"enemies":"Large Slime","floor":10,"turns":5},{"damage":11,"enemies":"Exordium Wildlife","floor":11,"turns":3},{"damage":26,"enemies":"Slime Boss","floor":16,"turns":4}],"seed_played":"6314279009337949794","potions_obtained":[{"floor":5,"key":"Regen Potion"},{"floor":6,"key":"EssenceOfSteel"},{"floor":8,"key":"BlessingOfTheForge"},{"floor":11,"key":"Explosive Potion"}],"is_trial":false,"path_per_floor":["M","?","?","$","M","E","?","M","T","M","M","?","?","$","R","B"],"character_chosen":"WATCHER","items_purchased":["HandDrill","BattleHymn","Orichalcum"],"campfire_rested":0,"item_purchase_floors":[4,4,14],"current_hp_per_floor":[72,72,61,61,61,61,61,47,47,37,26,26,26,26,26,0,0],"gold":84,"neow_bonus":"THREE_ENEMY_KILL","is_daily":false,"chose_seed":false,"campfire_upgraded":0,"win_rate":0.0,"timestamp":1608312733,"path_taken":["M","?","?","?","M","E","?","M","T","?","M","?","?","?","R","BOSS"],"items_purchased_type":["Relic","Card","Relic"],"build_version":"2020-12-13","purchased_purges":1,"victory":false,"max_hp_per_floor":[72,72,72,72,72,72,72,72,72,72,72,72,72,72,72,72,72],"card_choices":[{"not_picked":["Nirvana","Protect"],"picked":"FlyingSleeves","floor":1},{"not_picked":["FearNoEvil","Weave"],"picked":"FlyingSleeves","floor":5},{"not_picked":["JustLucky","FearNoEvil"],"picked":"Study","floor":6},{"not_picked":["FollowUp","Prostrate"],"picked":"DeusExMachina","floor":8},{"not_picked":["Indignation","EmptyFist"],"picked":"SandsOfTime","floor":10},{"not_picked":["Nirvana","CarveReality"],"picked":"Swivel","floor":11}],"player_experience":214957,"relics_obtained":[{"floor":6,"key":"Sundial"}],"event_choices":[{"damage_healed":0,"gold_gain":0,"player_choice":"Take Wound","damage_taken":0,"relics_obtained":["Golden Idol"],"max_hp_gain":0,"max_hp_loss":0,"event_name":"Golden Idol","floor":2,"gold_loss":0,"cards_obtained":["Injury"]},{"damage_healed":0,"gold_gain":75,"player_choice":"Gather Gold","damage_taken":11,"max_hp_gain":0,"max_hp_loss":0,"event_name":"World of Goop","floor":3,"gold_loss":0},{"damage_healed":0,"gold_gain":30,"player_choice":"Searched \u00272\u0027 times","damage_taken":0,"max_hp_gain":0,"max_hp_loss":0,"event_name":"Dead Adventurer","floor":7,"gold_loss":0},{"damage_healed":0,"gold_gain":0,"player_choice":"Ignored","damage_taken":0,"max_hp_gain":0,"max_hp_loss":0,"event_name":"Shining Light","floor":12,"gold_loss":0},{"damage_healed":0,"gold_gain":175,"player_choice":"AGREE","damage_taken":0,"max_hp_gain":0,"max_hp_loss":0,"event_name":"Liars Game","floor":13,"gold_loss":0,"cards_obtained":["Doubt"]}],"is_beta":false,"boss_relics":[],"items_purged_floors":[14],"is_endless":false,"potions_floor_spawned":[5,6,8,11],"killed_by":"Slime Boss","ascension_level":0}}