{"host":"t1vpakp2szhr3it6","time":1608293153,"event":{"mods":["BaseMod","Colored Powertips","GifTheSpireLib","Library of Ruina","Library of Ruina Extra","Minty Spire (QoL Compilation)","Rare Cards Sparkle","Replay The Spire","StSLib","UnlockEverythingMod","ÛÙª÷∏ƒœ","¿œ“¡¿Ú—≈"],"gold_per_floor":[219,229,229,8,28,28,40,58,58,58,127,127,147,173,173,173,173],"floor_reached":16,"playtime":1269,"items_purged":[],"score":102,"play_id":"6be30b02-c484-4c92-b518-5fd3f8a8b605","local_time":"20201218200553","is_ascension_mode":false,"campfire_choices":[{"data":"PrismaMod:ChloeGreatTracePools","floor":6,"key":"SMITH"},{"data":"PrismaMod:ChloeAnyCommonTrace","floor":10,"key":"SMITH"},{"data":"PrismaMod:ChloeBetterTracePools","floor":12,"key":"SMITH"},{"floor":15,"key":"REST"}],"circlet_count":0,"master_deck":["PrismaMod:ChloeCommonAttack","PrismaMod:ChloeCommonAttack","PrismaMod:ChloeCommonAttack","PrismaMod:ChloeCommonAttack","PrismaMod:ChloeCommonAttack","PrismaMod:ChloeCommonDefend","PrismaMod:ChloeCommonDefend","PrismaMod:ChloeCommonDefend","PrismaMod:ChloeCommonDefend","PrismaMod:ChloeCheapAttack","PrismaMod:ChloeCheapDefend","PrismaMod:ChloeBetterTracePools+1","PrismaMod:ChloeRuleBreaker","PrismaMod:ChloeGreatTracePools+1","PrismaMod:ChloeExcalibur","PrismaMod:ChloeExcalibur","PrismaMod:ChloeExcalibur","PrismaMod:ChloeAnyCommonTrace+1","PrismaMod:ChloeRitsuka","PrismaMod:ChloeMordred","PrismaMod:ChloeCheapAttackTwo"],"relics":["PrismaMod:PrismaTraceOn","ReplayTheSpireMod:Ninjato","Akabeko","Mango"],"acts_visited":["Exordium"],"potions_floor_usage":[13,16],"damage_taken":[{"damage":0,"enemies":"Small Slimes","floor":1,"turns":4},{"damage":0,"enemies":"Cultist","floor":2,"turns":4},{"damage":2,"enemies":"Jaw Worm","floor":5,"turns":2},{"damage":6,"enemies":"Blue Slaver","floor":7,"turns":3},{"damage":1,"enemies":"Looter","floor":8,"turns":3},{"damage":10,"enemies":"2 Fungi Beasts","floor":13,"turns":3},{"damage":12,"enemies":"3 Sentries","floor":14,"turns":6},{"damage":77,"enemies":"Fading Forest","floor":16,"turns":10}],"seed_played":"741337369566974449","potions_obtained":[{"floor":1,"key":"Weak Potion"},{"floor":7,"key":"BlessingOfTheForge"},{"floor":8,"key":"Dexterity Potion"},{"floor":14,"key":"AttackPotion"}],"is_trial":false,"path_per_floor":["M","M","?","$","M","R","M","M","T","R","?","R","M","E","R","B"],"character_chosen":"CHLOE","items_purchased":["PrismaMod:ChloeGreatTracePools","PrismaMod:ChloeExcalibur"],"campfire_rested":1,"item_purchase_floors":[4,4],"current_hp_per_floor":[75,75,75,75,73,73,67,66,66,66,36,36,26,28,54,0,0],"gold":173,"neow_bonus":"HUNDRED_GOLD","is_daily":false,"chose_seed":false,"campfire_upgraded":3,"win_rate":0.0,"timestamp":1608293153,"path_taken":["M","M","?","$","M","R","?","M","T","R","?","R","M","E","R","BOSS"],"items_purchased_type":["Card","Card"],"build_version":"2020-12-13","purchased_purges":0,"victory":false,"max_hp_per_floor":[75,75,75,75,75,75,75,75,75,75,75,75,75,89,89,89,89],"card_choices":[{"not_picked":["PrismaMod:ChloeDiscardRecovery","PrismaMod:ChloeCheapAttack"],"picked":"PrismaMod:ChloeBetterTracePools","floor":1},{"not_picked":["PrismaMod:ChloeMordred","PrismaMod:ChloeExhaustOne"],"picked":"PrismaMod:ChloeRuleBreaker","floor":2},{"not_picked":["PrismaMod:ChloeDemonicTutor","PrismaMod:ChloeBetterTracePools"],"picked":"PrismaMod:ChloeExcalibur","floor":5},{"not_picked":["PrismaMod:ChloeCommonAOEAttack","PrismaMod:ChloeDiscardRecovery"],"picked":"PrismaMod:ChloeExcalibur","floor":7},{"not_picked":["PrismaMod:ChloeCheapAttack","PrismaMod:ChloeCheapAttackTwo"],"picked":"PrismaMod:ChloeAnyCommonTrace","floor":8},{"not_picked":["PrismaMod:ChloeCaladbolg","PrismaMod:ChloeCheapAttack"],"picked":"PrismaMod:ChloeRitsuka","floor":11},{"not_picked":["PrismaMod:ChloeCaladbolg","PrismaMod:ChloeDiscardRecovery"],"picked":"PrismaMod:ChloeMordred","floor":13},{"not_picked":["PrismaMod:ChloeCheapAttack","PrismaMod:ChloeCommonAOEAttack"],"picked":"PrismaMod:ChloeCheapAttackTwo","floor":14}],"player_experience":54507,"relics_obtained":[{"floor":9,"key":"ReplayTheSpireMod:Ninjato"},{"floor":11,"key":"Akabeko"},{"floor":14,"key":"Mango"}],"event_choices":[{"cards_removed":["PrismaMod:ChloeCommonDefend"],"damage_healed":0,"gold_gain":0,"player_choice":"Offered Basic","damage_taken":0,"max_hp_gain":0,"max_hp_loss":0,"event_name":"Bonfire Elementals","floor":3,"gold_loss":0}],"is_beta":false,"boss_relics":[],"items_purged_floors":[],"is_endless":false,"potions_floor_spawned":[1,7,8,14],"killed_by":"Fading Forest","ascension_level":0}}