{"host":"qvuitvca6aracox3","time":1608310453,"event":{"mods":["AchievementEnabler","BaseMod","Colored Map","Colored Powertips","Downfall","Googly Eyes","Minty Spire (QoL Compilation)","Rare Cards Sparkle","Relic Stats","StSLib","Waifu the Spire"],"gold_per_floor":[99,112,127,160,85,95,95,20,20,47,59,71,90,90,103,103,103],"floor_reached":16,"playtime":1377,"items_purged":[],"score":114,"play_id":"d35e90c5-592b-462e-a43d-9ec4a74160f3","local_time":"20201218175413","is_ascension_mode":false,"campfire_choices":[{"floor":1,"key":"RECALL"},{"data":"hexamod:UnleashSpirits","floor":5,"key":"SMITH"},{"data":"hexamod:Hexaguard","floor":8,"key":"SMITH"}],"circlet_count":0,"master_deck":["hexamod:Strike","hexamod:Strike","hexamod:Strike","hexamod:Strike","hexamod:Defend","hexamod:Defend","hexamod:Defend","hexamod:Defend","hexamod:Sear","hexamod:Float+1","hexamod:Hexaguard+1","hexamod:EmpoweredFlame","hexamod:UnleashSpirits+1","hexamod:GiftsFromTheDead","hexamod:NightmareStrike","hexamod:GhostShield"],"relics":["hexamod:SpiritBrand","Eternal Feather","downfall:HeartBlessingRed","downfall:HeartBlessingBlue","Bag of Marbles","Bottled Tornado"],"acts_visited":["Exordium"],"potions_floor_usage":[16,16,16],"damage_taken":[{"damage":0,"enemies":"Small Slimes","floor":2,"turns":3},{"damage":0,"enemies":"Jaw Worm","floor":3,"turns":3},{"damage":65,"enemies":"Gremlin Nob","floor":4,"turns":7},{"damage":0,"enemies":"Cultist","floor":6,"turns":3},{"damage":7,"enemies":"3 Sentries","floor":10,"turns":9},{"damage":6,"enemies":"2 Fungi Beasts","floor":11,"turns":3},{"damage":3,"enemies":"Red Slaver","floor":12,"turns":4},{"damage":1,"enemies":"Blue Slaver","floor":13,"turns":4},{"damage":9,"enemies":"2 Fungi Beasts","floor":15,"turns":5},{"damage":76,"enemies":"downfall:Silent","floor":16,"turns":12}],"seed_played":"7218029096331158520","potions_obtained":[{"floor":3,"key":"CultistPotion"},{"floor":4,"key":"sneckomod:MuddlingPotion"},{"floor":10,"key":"champ:CounterPotion"},{"floor":11,"key":"Guardian:BlockOnCardUsePotion"}],"is_trial":false,"path_per_floor":["R","M","M","E","R","M","T","R","?","E","M","M","M","?","M","B"],"character_chosen":"THE_SPIRIT","items_purchased":[],"campfire_rested":0,"item_purchase_floors":[],"current_hp_per_floor":[70,70,70,5,11,11,11,27,24,17,11,8,7,80,71,0,0],"gold":103,"neow_bonus":"UPGRADE_CARD","is_daily":false,"chose_seed":false,"campfire_upgraded":2,"win_rate":0.0,"timestamp":1608310453,"path_taken":["R","M","M","E","R","M","T","R","?","E","M","M","M","?","M","BOSS"],"items_purchased_type":[],"build_version":"2020-12-13","purchased_purges":0,"victory":false,"max_hp_per_floor":[70,70,70,70,70,70,70,80,80,80,80,80,80,80,80,80,80],"relic_stats":{"counters":[10,53],"Eternal Feather":12,"obtain_stats":[{"downfall:HeartBlessingRed":5,"downfall:HeartBlessingBlue":8,"Eternal Feather":4,"Bag of Marbles":9,"Bottled Tornado":10,"hexamod:SpiritBrand":0},{"downfall:HeartBlessingRed":3,"downfall:HeartBlessingBlue":4,"Eternal Feather":3,"Bag of Marbles":4,"Bottled Tornado":5,"hexamod:SpiritBrand":0},{"downfall:HeartBlessingRed":13,"downfall:HeartBlessingBlue":16,"Eternal Feather":13,"Bag of Marbles":16,"Bottled Tornado":25,"hexamod:SpiritBrand":0}]},"card_choices":[{"not_picked":["hexamod:Firestarter","hexamod:NecessarySacrifice"],"picked":"hexamod:Hexaguard","floor":2},{"not_picked":["hexamod:SecondSeal","hexamod:GhostShield"],"picked":"hexamod:EmpoweredFlame","floor":3},{"not_picked":["hexamod:SkipABeat","hexamod:SecondSeal"],"picked":"hexamod:UnleashSpirits","floor":4},{"not_picked":["hexamod:FirstSeal","hexamod:ThermalTransfer"],"picked":"hexamod:HeatShield","floor":6},{"not_picked":["hexamod:BacktrackSmack","hexamod:GhostOfSpirePast","hexamod:ExtraCrispy"],"picked":"SKIP","floor":10},{"not_picked":["hexamod:Hexaguard","hexamod:RainOfEmbers"],"picked":"hexamod:GiftsFromTheDead","floor":11},{"not_picked":["hexamod:GhostLash","hexamod:HeatCrush"],"picked":"hexamod:NightmareStrike","floor":12},{"not_picked":["hexamod:GhostflameBarrier","hexamod:BurningTouch","hexamod:RadiantFlame"],"picked":"SKIP","floor":13},{"not_picked":["hexamod:CatchUp","hexamod:NightmareStrike"],"picked":"hexamod:GhostShield","floor":15}],"player_experience":337600,"relics_obtained":[{"floor":4,"key":"Eternal Feather"},{"floor":10,"key":"Bottled Tornado"}],"event_choices":[{"damage_healed":0,"gold_gain":0,"player_choice":"Success","damage_taken":3,"relics_obtained":["Bag of Marbles"],"max_hp_gain":0,"max_hp_loss":0,"event_name":"Scrap Ooze","floor":9,"gold_loss":0},{"cards_removed":["hexamod:HeatShield"],"damage_healed":73,"gold_gain":0,"player_choice":"Offered Uncommon","damage_taken":0,"max_hp_gain":0,"max_hp_loss":0,"event_name":"Bonfire Elementals","floor":14,"gold_loss":0}],"is_beta":false,"boss_relics":[],"items_purged_floors":[],"is_endless":false,"potions_floor_spawned":[3,4,10,11,13],"killed_by":"downfall:Silent","ascension_level":0}}