{"host":"dcj2yvrgcvh5dl2s","time":1608275595,"event":{"mods":["BaseMod","Better Note","Block Reminder","Colored Powertips","DeckTracker","Minty Spire (QoL Compilation)","Quick Restart","Rare Cards Sparkle","Relic Stats","StSLib"],"gold_per_floor":[115,130,130,149,1,29,29,58,133,161,161,178,4,31,31,128,128,140,140,140,140,11,37,37,37,37],"floor_reached":25,"playtime":694,"items_purged":["Strike_R"],"score":496,"play_id":"d1ddc883-da3b-4fdd-9869-fbc7b47fff6d","local_time":"20201218171315","is_ascension_mode":true,"campfire_choices":[{"data":"Whirlwind","floor":11,"key":"SMITH"},{"data":"Double Tap","floor":15,"key":"SMITH"},{"floor":24,"key":"REST"}],"circlet_count":0,"master_deck":["AscendersBane","Strike_R","Strike_R","Strike_R","Strike_R","Defend_R","Defend_R","Defend_R","Defend_R","Bash","Pommel Strike","Intimidate+1","Clash","Sword Boomerang","Flex","Whirlwind+1","Shrug It Off","Flex","Clash","Double Tap+1","Berserk","True Grit","Flex","Pummel"],"relics":["Burning Blood","NeowsBlessing","PreservedInsect","Thread and Needle","Lantern","Happy Flower","Eternal Feather","Nunchaku","Boot","Black Star","Ancient Tea Set","Juzu Bracelet"],"acts_visited":["Exordium","TheCity"],"potions_floor_usage":[23,25],"damage_taken":[{"damage":0.0,"enemies":"2 Louse","floor":1.0,"turns":1.0},{"damage":0.0,"enemies":"Small Slimes","floor":2.0,"turns":1.0},{"damage":0.0,"enemies":"Jaw Worm","floor":4.0,"turns":1.0},{"damage":41.0,"enemies":"Lagavulin","floor":6.0,"turns":6.0},{"damage":20.0,"enemies":"3 Sentries","floor":8.0,"turns":7.0},{"damage":8,"enemies":"Gremlin Nob","floor":10,"turns":3},{"damage":2,"enemies":"Blue Slaver","floor":12,"turns":3},{"damage":0,"enemies":"Lagavulin","floor":14,"turns":4},{"damage":0,"enemies":"Slime Boss","floor":16,"turns":4},{"damage":7,"enemies":"Spheric Guardian","floor":18,"turns":3},{"damage":42,"enemies":"Slavers","floor":23,"turns":4},{"damage":61,"enemies":"Gremlin Leader","floor":25,"turns":7}],"seed_played":"-7941750286722466263","potions_obtained":[{"floor":6.0,"key":"Dexterity Potion"},{"floor":10,"key":"Energy Potion"}],"is_trial":false,"path_per_floor":["M","M","?","M","$","E","?","E","T","E","R","M","$","E","R","B",null,"M","?","?","?","$","E","R","E"],"character_chosen":"IRONCLAD","items_purchased":["PreservedInsect","Flex","Clash","Flex","Pummel"],"campfire_rested":1,"item_purchase_floors":[5,13,13,22,22],"current_hp_per_floor":[78,80,80,80,80,45,42,28,28,26,35,39,39,45,57,63,76,75,60,60,60,60,24,61,0,0],"gold":37,"neow_bonus":"THREE_ENEMY_KILL","is_daily":false,"chose_seed":false,"campfire_upgraded":2,"win_rate":0.0,"timestamp":1608275595,"path_taken":["M","M","?","M","$","E","?","E","T","E","R","M","$","E","R","BOSS","M","?","?","?","$","E","R","E"],"items_purchased_type":["Relic","Card","Card","Card","Card"],"build_version":"2020-12-13","purchased_purges":1,"victory":false,"max_hp_per_floor":[80,80,80,80,80,80,80,80,80,80,80,80,80,80,80,80,80,80,85,85,85,85,85,85,85,85],"relic_stats":{"Nunchaku":[4],"Happy Flower":[9],"counters":[12,44],"Eternal Feather":33,"PreservedInsect":202,"Black Star":1,"Juzu Bracelet":0,"Boot":[18],"obtain_stats":[{"Lantern":7,"Nunchaku":10,"NeowsBlessing":0,"Happy Flower":8,"Thread and Needle":6,"Eternal Feather":9,"PreservedInsect":5,"Black Star":17,"Juzu Bracelet":23,"Boot":14,"Ancient Tea Set":23,"Burning Blood":0},{"Lantern":4,"Nunchaku":6,"NeowsBlessing":0,"Happy Flower":5,"Thread and Needle":4,"Eternal Feather":5,"PreservedInsect":3,"Black Star":9,"Juzu Bracelet":11,"Boot":8,"Ancient Tea Set":11,"Burning Blood":0},{"Lantern":9,"Nunchaku":19,"NeowsBlessing":0,"Happy Flower":16,"Thread and Needle":9,"Eternal Feather":16,"PreservedInsect":3,"Black Star":30,"Juzu Bracelet":37,"Boot":26,"Ancient Tea Set":37,"Burning Blood":0}],"Burning Blood":56},"card_choices":[{"not_picked":["Havoc","Wild Strike"],"picked":"Pommel Strike","floor":1.0},{"not_picked":["Flame Barrier","Armaments"],"picked":"Intimidate","floor":2.0},{"not_picked":["Second Wind","Havoc"],"picked":"Clash","floor":4.0},{"not_picked":["Sentinel","Dropkick"],"picked":"Sword Boomerang","floor":6.0},{"not_picked":["Cleave","Iron Wave"],"picked":"Flex","floor":8},{"not_picked":["Pummel","Warcry"],"picked":"Whirlwind","floor":10},{"not_picked":["Sword Boomerang","Clash"],"picked":"Shrug It Off","floor":12},{"not_picked":["Clash","Twin Strike"],"picked":"Double Tap","floor":14},{"not_picked":["Fiend Fire","Impervious"],"picked":"Berserk","floor":16},{"not_picked":["Warcry","Pommel Strike"],"picked":"True Grit","floor":18},{"not_picked":["Dark Embrace+1","Hemokinesis","Perfected Strike"],"picked":"SKIP","floor":23}],"player_experience":1982122,"relics_obtained":[{"floor":6.0,"key":"Thread and Needle"},{"floor":8,"key":"Happy Flower"},{"floor":9,"key":"Eternal Feather"},{"floor":10,"key":"Nunchaku"},{"floor":14,"key":"Boot"},{"floor":23,"key":"Ancient Tea Set"},{"floor":23,"key":"Juzu Bracelet"}],"event_choices":[{"damage_healed":0.0,"max_hp_gain":0.0,"max_hp_loss":0.0,"gold_gain":0.0,"event_name":"Living Wall","player_choice":"Grow","floor":3.0,"gold_loss":0.0,"damage_taken":0.0,"cards_upgraded":["Intimidate"]},{"damage_healed":0.0,"max_hp_gain":0.0,"max_hp_loss":0.0,"gold_gain":0.0,"event_name":"Scrap Ooze","player_choice":"Success","floor":7.0,"gold_loss":0.0,"damage_taken":3.0,"relics_obtained":["Lantern"]},{"damage_healed":0,"gold_gain":0,"player_choice":"Shed Blood","damage_taken":20,"max_hp_gain":5,"max_hp_loss":0,"event_name":"Forgotten Altar","floor":19,"gold_loss":0},{"damage_healed":0,"gold_gain":0,"player_choice":"Ignored","damage_taken":0,"max_hp_gain":0,"max_hp_loss":0,"event_name":"Vampires","floor":20,"gold_loss":0},{"damage_healed":0,"gold_gain":0,"player_choice":"Ignored","damage_taken":0,"max_hp_gain":0,"max_hp_loss":0,"event_name":"Ghosts","floor":21,"gold_loss":0}],"is_beta":false,"boss_relics":[{"not_picked":["Tiny House","Snecko Eye"],"picked":"Black Star"}],"items_purged_floors":[13],"is_endless":false,"potions_floor_spawned":[6,10,14],"killed_by":"Gremlin Leader","ascension_level":11}}