{"host":"r5cycnjhcbwgkpkf","time":1608276140,"event":{"mods":["2.2 Compatiblity","AchievementEnabler","BaseMod","Bestiary","Better Match","Better Note","Better Skull","Better Third Choice","BetterRewards","Colored Map","Colored Powertips","Googly Eyes","Hermit","Infinite Spire","Minty Spire (QoL Compilation)","Replay The Spire","Spicy Shops","StSLib","The Servant 0.9.4"],"gold_per_floor":[118,118,57,72,92,124,124,124,124,124,156,171,198,217,217,313,313,324,324,337,357,68,68,96,96,96,129,229,245,245,262,262,377,377,397,477,495,545,559,559,587,587,587,599,631,631,647,667,667,667],"floor_reached":51,"playtime":5353,"items_purged":[],"score":1439,"play_id":"62dfb6f7-4d79-48f6-86f6-649f116997ff","local_time":"20201217232220","is_ascension_mode":true,"campfire_choices":[{"floor":7.0,"key":"REST"},{"data":"Consume","floor":10.0,"key":"SMITH"},{"data":"Redo","floor":15.0,"key":"SMITH"},{"floor":23,"key":"REST"},{"floor":25,"key":"REST"},{"floor":32,"key":"REST"},{"floor":40,"key":"REST"},{"data":"Creative AI","floor":40,"key":"SMITH"},{"data":"Storm","floor":42,"key":"SMITH"},{"floor":49,"key":"DIG"}],"circlet_count":0,"master_deck":["Strike_B","Strike_B","Strike_B","Strike_B","Defend_B","Defend_B","Defend_B","Defend_B","Zap","Dualcast","Redo+1","Glacier","Conserve Battery","Rebound","Double Energy","Consume+1","Self Repair","Ball Lightning","Sweeping Beam","Seek","Capacitor","Creative AI+1","Coolheaded","Storm+1","Go for the Eyes","Echo Form+1","Barrage"],"relics":["Cracked Core","Toolbox","Question Card","White Beast Statue","Incense Burner","Oddly Smooth Stone","InkBottle","Cables","Busted Crown","Replay:Baseball","The Courier","Art of War","Toxic Egg 2","infinitespire:Satchel","Nuclear Battery","Eternal Feather","infinitespire:Magic Flask","Regal Pillow","Letter Opener","Divine Protection","infinitespire:CheckeredPen"],"acts_visited":["Exordium","TheCity","TheBeyond"],"potions_floor_usage":[21,21,24,24,24,27,33,38,38,38,44,45,50],"damage_taken":[{"damage":1.0,"enemies":"2 Louse","floor":1.0,"turns":3.0},{"damage":0.0,"enemies":"Cultist","floor":4.0,"turns":3.0},{"damage":0.0,"enemies":"Jaw Worm","floor":5.0,"turns":3.0},{"damage":20.0,"enemies":"3 Sentries","floor":6.0,"turns":7.0},{"damage":2.0,"enemies":"Lagavulin","floor":11.0,"turns":7.0},{"damage":0.0,"enemies":"Looter","floor":12.0,"turns":3.0},{"damage":2.0,"enemies":"Gremlin Nob","floor":13.0,"turns":4.0},{"damage":7.0,"enemies":"Blue Slaver","floor":14.0,"turns":2.0},{"damage":0.0,"enemies":"The Guardian","floor":16.0,"turns":8.0},{"damage":6.0,"enemies":"Shell Parasite","floor":18.0,"turns":6.0},{"damage":12.0,"enemies":"Chosen","floor":20.0,"turns":5.0},{"damage":28,"enemies":"Snake Plant","floor":21,"turns":5},{"damage":17,"enemies":"Slavers","floor":24,"turns":4},{"damage":5,"enemies":"Gremlin Leader","floor":27,"turns":6},{"damage":23,"enemies":"Shelled Parasite and Fungi","floor":29,"turns":6},{"damage":7,"enemies":"Sentry and Sphere","floor":31,"turns":5},{"damage":3,"enemies":"Collector","floor":33,"turns":11},{"damage":6,"enemies":"3 Shapes","floor":35,"turns":5},{"damage":7,"enemies":"3 Darklings","floor":37,"turns":6},{"damage":55,"enemies":"2 Orb Walkers","floor":38,"turns":6},{"damage":0,"enemies":"Spire Growth","floor":39,"turns":6},{"damage":0,"enemies":"R_Hoarder","floor":41,"turns":7},{"damage":16,"enemies":"Jaw Worm Horde","floor":44,"turns":3},{"damage":4,"enemies":"Nemesis","floor":45,"turns":7},{"damage":0,"enemies":"Transient","floor":47,"turns":5},{"damage":0,"enemies":"Maw","floor":48,"turns":6},{"damage":24,"enemies":"Time Eater","floor":50,"turns":7}],"seed_played":"8742007098872567114","potions_obtained":[{"floor":6.0,"key":"Energy Potion"},{"floor":11.0,"key":"EssenceOfSteel"},{"floor":12.0,"key":"FearPotion"},{"floor":13.0,"key":"Adrenaline Potion"},{"floor":16.0,"key":"ColorlessPotion"},{"floor":18.0,"key":"Venom Potion"},{"floor":21,"key":"Adrenaline Potion"},{"floor":24,"key":"Adrenaline Potion"},{"floor":27,"key":"BlessingOfTheForge"},{"floor":29,"key":"Elixir"},{"floor":31,"key":"Fire Potion"},{"floor":33,"key":"Adrenaline Potion"},{"floor":35,"key":"Venom Potion"},{"floor":37,"key":"BlessingOfTheForge"},{"floor":38,"key":"LiquidMemories"},{"floor":39,"key":"Energy Potion"},{"floor":41,"key":"Toxic Potion"},{"floor":44,"key":"Swift Potion"},{"floor":45,"key":"DistilledChaos"}],"is_trial":false,"path_per_floor":["M","?","$","M","M","E","R","?","T","R","E","M","E","M","R","B",null,"M","?","M","M","$","R","E","R","T","E","?","M","AVR","M","R","B",null,"M","T","M","?","M","R","E","R","T","M","E","?","M","M","R_BF","B",null],"character_chosen":"DEFECT","items_purchased":["Redo","Toolbox","Block Potion","Glacier","Rebound","Regen Potion","Storm","Replay:Baseball"],"campfire_rested":5,"item_purchase_floors":[0,0,0,0,3,22,22,22],"current_hp_per_floor":[67,67,67,67,67,47,69,69,69,69,74,75,75,68,68,75,75,69,55,50,29,29,53,52,76,76,78,78,62,62,62,80,80,80,80,80,80,39,46,80,80,80,80,71,77,77,80,80,80,56],"gold":667,"neow_bonus":"","is_daily":false,"chose_seed":false,"campfire_upgraded":4,"win_rate":0.0,"timestamp":1608276140,"path_taken":["M","?","$","?","M","E","R","?","T","R","E","M","E","M","R","BOSS","M","?","M","M","$","R","E","R","T","E","?","M","AVR","M","R","BOSS","M","?","M","?","M","R","E","R","T","M","E","?","M","?","R_BF","BOSS"],"items_purchased_type":["Card","Relic","Potion","Card","Card","Potion","Card","Relic"],"build_version":"2020-12-13","purchased_purges":0,"victory":true,"max_hp_per_floor":[75,75,75,75,75,75,75,75,75,75,75,75,75,75,75,75,75,75,80,80,80,80,80,80,80,80,80,80,80,80,80,80,80,80,80,80,80,80,80,80,80,80,80,80,80,80,80,80,80,80],"card_choices":[{"not_picked":["Stack","Force Field"],"picked":"Conserve Battery","floor":1.0},{"not_picked":["Coolheaded","Auto Shields","Rebound"],"picked":"Double Energy","floor":4.0},{"not_picked":["Double Energy","Fusion","Rip and Tear"],"picked":"Consume","floor":5.0},{"not_picked":["Turbo","Multi-Cast","Doom and Gloom"],"picked":"Self Repair","floor":6.0},{"not_picked":["Streamline","Beam Cell","Rip and Tear"],"picked":"Ball Lightning","floor":11.0},{"not_picked":["Go for the Eyes","Heatsinks","Auto Shields"],"picked":"Sweeping Beam","floor":12.0},{"not_picked":["Tempest","Streamline","Self Repair"],"picked":"Seek","floor":13.0},{"not_picked":["Tempest","Streamline","Cold Snap"],"picked":"Capacitor","floor":14.0},{"not_picked":["Thunder Strike","Meteor Strike","Multi-Cast"],"picked":"Creative AI","floor":16.0},{"not_picked":["Gash","Barrage"],"picked":"SKIP","floor":18.0},{"not_picked":["Streamline"],"picked":"Coolheaded","floor":20.0},{"not_picked":["Steam","Hello World"],"picked":"SKIP","floor":21},{"not_picked":["Beam Cell"],"picked":"Go for the Eyes","floor":24},{"not_picked":["Beam Cell","Double Energy+1"],"picked":"SKIP","floor":27},{"not_picked":["Conserve Battery+1","Beam Cell"],"picked":"SKIP","floor":29},{"not_picked":["Recycle+1","Turbo+1"],"picked":"SKIP","floor":31},{"not_picked":["All For One"],"picked":"Echo Form","floor":33},{"not_picked":["Steam+1","Reinforced Body+1"],"picked":"SKIP","floor":35},{"not_picked":["Capacitor","Steam+1"],"picked":"SKIP","floor":37},{"not_picked":["Streamline+1"],"picked":"Barrage","floor":39},{"not_picked":["Chill+1","Darkness+1"],"picked":"SKIP","floor":41},{"not_picked":["Heatsinks+1","Darkness+1"],"picked":"SKIP","floor":44},{"not_picked":["Leap+1","Redo+1"],"picked":"SKIP","floor":45},{"not_picked":["Go for the Eyes+1","Cold Snap+1"],"picked":"SKIP","floor":47},{"not_picked":["Ball Lightning","Rip and Tear"],"picked":"SKIP","floor":48}],"player_experience":393794,"relics_obtained":[{"floor":6.0,"key":"White Beast Statue"},{"floor":9.0,"key":"Oddly Smooth Stone"},{"floor":11.0,"key":"InkBottle"},{"floor":13.0,"key":"Cables"},{"floor":24,"key":"The Courier"},{"floor":26,"key":"Art of War"},{"floor":27,"key":"Toxic Egg 2"},{"floor":36,"key":"Eternal Feather"},{"floor":38,"key":"infinitespire:Magic Flask"},{"floor":41,"key":"Regal Pillow"},{"floor":43,"key":"Letter Opener"},{"floor":45,"key":"Divine Protection"},{"floor":49,"key":"infinitespire:CheckeredPen"}],"event_choices":[{"damage_healed":0.0,"max_hp_gain":0.0,"max_hp_loss":0.0,"gold_gain":0.0,"event_name":"WeMeetAgain","player_choice":"Gave Potion","floor":2.0,"gold_loss":0.0,"damage_taken":0.0,"relics_obtained":["Question Card"]},{"damage_healed":0.0,"max_hp_gain":0.0,"max_hp_loss":0.0,"gold_gain":0.0,"event_name":"Dead Adventurer","player_choice":"Searched \u00271\u0027 times","floor":8.0,"gold_loss":0.0,"damage_taken":0.0,"relics_obtained":["Incense Burner"]},{"damage_healed":0.0,"max_hp_gain":5.0,"max_hp_loss":0.0,"gold_gain":0.0,"event_name":"Forgotten Altar","player_choice":"Shed Blood","floor":19.0,"gold_loss":0.0,"damage_taken":19.0},{"damage_healed":0,"gold_gain":100,"player_choice":"Pray","damage_taken":0,"max_hp_gain":0,"max_hp_loss":0,"event_name":"Golden Shrine","floor":28,"gold_loss":0},{"damage_healed":0,"gold_gain":0,"player_choice":"Fight","damage_taken":0,"max_hp_gain":0,"max_hp_loss":0,"event_name":"Mysterious Sphere","floor":38,"gold_loss":0},{"damage_healed":0,"gold_gain":0,"player_choice":"Upgraded","damage_taken":0,"max_hp_gain":0,"max_hp_loss":0,"event_name":"Upgrade Shrine","floor":46,"gold_loss":0,"cards_upgraded":["Echo Form"]}],"is_beta":false,"boss_relics":[{"not_picked":["Replay:Wanted Poster","Honey Jar"],"picked":"Busted Crown"},{"not_picked":["Coffee Dripper","FrozenCore"],"picked":"Nuclear Battery"}],"items_purged_floors":[],"is_endless":false,"potions_floor_spawned":[6,11,12,13,14,16,18,20,21,24,27,29,31,33,35,37,38,39,41,44,45,47,48],"ascension_level":7}}