{"host":"1ivxh6f0wtekmpqo","time":1608311770,"event":{"mods":["AchievementEnabler","BaseMod","Colored Map","Minty Spire (QoL Compilation)","Rare Cards Sparkle","StSLib","SuperFastMode","everything is the same but u backflip on backflip"],"gold_per_floor":[118,129,129,129,129,163,163,163,236,250,250,283,283,43,43,143,143,159,159,159,14,289,289,289,214,214,229,229,240,240,339,339,438,488,506,558,858,877,896,906,906,906,929,929,941,941,109,109,109,109],"floor_reached":51,"playtime":2788,"items_purged":["Regret","Strike_G"],"score":697,"play_id":"d6190784-83ca-4f52-b623-bd8e37b2ad84","local_time":"20201219011610","is_ascension_mode":false,"campfire_choices":[{"data":"Blade Dance","floor":8,"key":"SMITH"},{"data":"Footwork","floor":11,"key":"SMITH"},{"floor":15,"key":"REST"},{"data":"Infinite Blades","floor":23,"key":"SMITH"},{"data":"After Image","floor":28,"key":"SMITH"},{"data":"Envenom","floor":30,"key":"SMITH"},{"data":"Backflip","floor":32,"key":"SMITH"},{"data":"Bullet Time","floor":41,"key":"SMITH"},{"data":"Tactician","floor":44,"key":"SMITH"},{"data":"Noxious Fumes","floor":49,"key":"SMITH"}],"circlet_count":0,"master_deck":["Strike_G","Strike_G","Strike_G+1","Strike_G","Defend_G","Defend_G","Defend_G","Defend_G","Defend_G","Survivor","Neutralize","Backflip+1","Reflex","Blade Dance+1","Footwork+1","Envenom+1","After Image+1","Escape Plan","Infinite Blades+1","Slice+1","Tactician+1","Bullet Time+1","Slice+1","Slice+1","Slice+1","Deflect+1","Finisher+1","PiercingWail+1","Adrenaline","Slice+1","Noxious Fumes+1","Jack Of All Trades"],"relics":["Ring of the Snake","NeowsBlessing","Bag of Preparation","Molten Egg 2","PreservedInsect","Ornamental Fan","Matryoshka","Meat on the Bone","WristBlade","Juzu Bracelet","Eternal Feather","Centennial Puzzle","Letter Opener","Tiny House","Gambling Chip","Toy Ornithopter","Bag of Marbles","Incense Burner","Lee\u0027s Waffle"],"acts_visited":["Exordium","TheCity","TheBeyond"],"potions_floor_usage":[16,16,33,33,33,40,50,50],"damage_taken":[{"damage":0,"enemies":"2 Louse","floor":1,"turns":1},{"damage":0,"enemies":"Jaw Worm","floor":2,"turns":1},{"damage":0,"enemies":"3 Sentries","floor":6,"turns":1},{"damage":0,"enemies":"Small Slimes","floor":10,"turns":3},{"damage":16,"enemies":"Lagavulin","floor":12,"turns":6},{"damage":43,"enemies":"Slime Boss","floor":16,"turns":19},{"damage":6,"enemies":"3 Byrds","floor":18,"turns":7},{"damage":4,"enemies":"Shell Parasite","floor":27,"turns":4},{"damage":5,"enemies":"Snake Plant","floor":29,"turns":6},{"damage":36,"enemies":"Collector","floor":33,"turns":7},{"damage":0,"enemies":"3 Shapes","floor":35,"turns":3},{"damage":23,"enemies":"2 Orb Walkers","floor":36,"turns":5},{"damage":0,"enemies":"Orb Walker","floor":38,"turns":2},{"damage":38,"enemies":"Sphere and 2 Shapes","floor":39,"turns":6},{"damage":0,"enemies":"4 Shapes","floor":40,"turns":4},{"damage":1,"enemies":"Spire Growth","floor":45,"turns":4},{"damage":83,"enemies":"Time Eater","floor":50,"turns":11}],"seed_played":"-5989502482554433146","potions_obtained":[{"floor":6,"key":"Ancient Potion"},{"floor":12,"key":"Weak Potion"},{"floor":16,"key":"SkillPotion"},{"floor":18,"key":"PowerPotion"},{"floor":29,"key":"Block Potion"},{"floor":34,"key":"Ancient Potion"},{"floor":36,"key":"GhostInAJar"},{"floor":39,"key":"CunningPotion"}],"is_trial":false,"path_per_floor":["M","M","?","?","$","E","?","R","T","M","R","E","?","$","R","B",null,"M","?","?","$","?","R","?","$","T","M","R","M","R","?","R","B",null,"M","?","?","M","M","M","R","?","T","R","M","?","$","$","R","B",null],"character_chosen":"THE_SILENT","items_purchased":["Meat on the Bone","Juzu Bracelet","Slice+1","Noxious Fumes","Incense Burner","CultistPotion","Lee\u0027s Waffle","Jack Of All Trades"],"campfire_rested":1,"item_purchase_floors":[14,21,47,47,47,47,47,47],"current_hp_per_floor":[70,70,70,52,52,52,52,52,52,52,52,36,29,29,50,19,70,64,64,64,64,64,64,64,64,64,60,70,65,70,70,70,46,75,75,52,52,52,26,38,53,53,53,68,67,67,82,82,82,16],"gold":109,"neow_bonus":"THREE_ENEMY_KILL","is_daily":false,"chose_seed":false,"campfire_upgraded":9,"win_rate":0.0,"timestamp":1608311770,"path_taken":["M","M","?","?","$","E","?","R","T","M","R","E","?","$","R","BOSS","M","?","?","$","?","R","?","$","T","M","R","M","R","?","R","BOSS","M","?","?","M","M","M","R","?","T","R","M","?","?","$","R","BOSS"],"items_purchased_type":["Relic","Relic","Card","Card","Relic","Potion","Relic","Card"],"build_version":"2020-12-13","purchased_purges":2,"victory":true,"max_hp_per_floor":[70,70,70,70,70,70,70,70,70,70,70,70,70,70,70,70,70,70,70,70,70,70,70,70,70,70,70,70,70,70,70,70,70,75,75,75,75,75,75,75,75,75,75,75,75,75,82,82,82,82],"card_choices":[{"not_picked":["Poisoned Stab","Backstab"],"picked":"Backflip","floor":1},{"not_picked":["Sucker Punch","Dagger Spray"],"picked":"Reflex","floor":2},{"not_picked":["Sucker Punch+1","Cloak And Dagger"],"picked":"Blade Dance","floor":6},{"not_picked":["Bane+1","Escape Plan"],"picked":"Footwork","floor":10},{"not_picked":["Outmaneuver","Backstab+1"],"picked":"Envenom","floor":12},{"not_picked":["Wraith Form v2","Die Die Die+1"],"picked":"After Image","floor":16},{"not_picked":["Dagger Throw+1","Bane+1"],"picked":"Escape Plan","floor":18},{"not_picked":["Deflect","Sucker Punch+1"],"picked":"Slice+1","floor":27},{"not_picked":["Backflip","Acrobatics"],"picked":"Tactician","floor":29},{"not_picked":["Burst","Glass Knife+1"],"picked":"Bullet Time","floor":33},{"not_picked":["Skewer+1","Bouncing Flask"],"picked":"Slice+1","floor":34},{"not_picked":["Dagger Spray+1","Flechettes+1"],"picked":"Slice+1","floor":35},{"not_picked":["Catalyst+1","Well Laid Plans"],"picked":"Slice+1","floor":36},{"not_picked":["Bane+1","Sucker Punch+1","Expertise"],"picked":"SKIP","floor":38},{"not_picked":["Predator+1","Leg Sweep"],"picked":"Deflect+1","floor":39},{"not_picked":["Expertise+1","All Out Attack+1"],"picked":"Finisher+1","floor":40},{"not_picked":["Acrobatics+1","Deadly Poison"],"picked":"PiercingWail+1","floor":45}],"player_experience":211673,"relics_obtained":[{"floor":6,"key":"Molten Egg 2"},{"floor":9,"key":"Ornamental Fan"},{"floor":12,"key":"Matryoshka"},{"floor":26,"key":"Centennial Puzzle"},{"floor":26,"key":"Letter Opener"},{"floor":36,"key":"Gambling Chip"},{"floor":43,"key":"Toy Ornithopter"},{"floor":43,"key":"Bag of Marbles"}],"event_choices":[{"damage_healed":0,"gold_gain":0,"player_choice":"Ignored","damage_taken":0,"max_hp_gain":0,"max_hp_loss":0,"event_name":"Shining Light","floor":3,"gold_loss":0},{"damage_healed":0,"gold_gain":0,"player_choice":"Success","damage_taken":18,"relics_obtained":["Bag of Preparation"],"max_hp_gain":0,"max_hp_loss":0,"event_name":"Scrap Ooze","floor":4,"gold_loss":0},{"damage_healed":0,"gold_gain":0,"player_choice":"Box","damage_taken":0,"relics_obtained":["PreservedInsect"],"max_hp_gain":0,"max_hp_loss":0,"event_name":"Big Fish","floor":7,"gold_loss":0,"cards_obtained":["Regret"]},{"cards_removed":["Regret"],"damage_healed":0,"gold_gain":0,"player_choice":"Card Removal","damage_taken":7,"max_hp_gain":0,"max_hp_loss":0,"event_name":"Golden Wing","floor":13,"gold_loss":0},{"damage_healed":0,"gold_gain":0,"player_choice":"Ignored","damage_taken":0,"max_hp_gain":0,"max_hp_loss":0,"event_name":"Ghosts","floor":19,"gold_loss":0},{"damage_healed":0,"gold_gain":0,"player_choice":"Read","damage_taken":0,"max_hp_gain":0,"max_hp_loss":0,"event_name":"The Library","floor":20,"gold_loss":0,"cards_obtained":["Infinite Blades"]},{"damage_healed":0,"gold_gain":275,"player_choice":"Desecrate","damage_taken":0,"max_hp_gain":0,"max_hp_loss":0,"event_name":"Golden Shrine","floor":22,"gold_loss":0,"cards_obtained":["Regret"]},{"damage_healed":0,"gold_gain":0,"player_choice":"Opened","damage_taken":0,"relics_obtained":["Eternal Feather"],"max_hp_gain":0,"max_hp_loss":0,"event_name":"The Mausoleum","floor":24,"gold_loss":0},{"damage_healed":0,"gold_gain":99,"player_choice":"Stole From Cult","damage_taken":0,"max_hp_gain":0,"max_hp_loss":0,"event_name":"Nest","floor":31,"gold_loss":0},{"damage_healed":0,"gold_gain":0,"player_choice":"Fight","damage_taken":0,"max_hp_gain":0,"max_hp_loss":0,"event_name":"Mysterious Sphere","floor":36,"gold_loss":0},{"damage_healed":0,"gold_gain":300,"player_choice":"Gold","damage_taken":0,"max_hp_gain":0,"max_hp_loss":0,"event_name":"Wheel of Change","floor":37,"gold_loss":0},{"damage_healed":0,"gold_gain":0,"player_choice":"Ignored","damage_taken":0,"max_hp_gain":0,"max_hp_loss":0,"event_name":"Tomb of Lord Red Mask","floor":42,"gold_loss":0},{"damage_healed":0,"gold_gain":0,"player_choice":"1 cards matched","damage_taken":0,"max_hp_gain":0,"max_hp_loss":0,"event_name":"Match and Keep!","floor":46,"gold_loss":0,"cards_obtained":["Adrenaline"]}],"is_beta":false,"boss_relics":[{"not_picked":["Cursed Key","Philosopher\u0027s Stone"],"picked":"WristBlade"},{"not_picked":["Runic Pyramid","SacredBark"],"picked":"Tiny House"}],"items_purged_floors":[25,47],"is_endless":false,"potions_floor_spawned":[6,12,16,18,29,36,39],"ascension_level":0}}