{"host":"llpusn9usp8rznkj","time":1608266688,"event":{"mods":["2.2 Compatiblity","BaseMod","Colored Map","Colored Powertips","Conspire","Downfall","Hubris","Minty Spire (QoL Compilation)","Rare Cards Sparkle","Replay The Spire","StSLib","The Cursed"],"gold_per_floor":[112,112,12,30,30,30,58,58,106,31,31,18,18,49,49,49,49],"floor_reached":16,"playtime":603,"items_purged":[],"score":212,"play_id":"82eef4d8-9306-4f80-9705-91e16475384c","local_time":"20201217234448","is_ascension_mode":true,"campfire_choices":[{"floor":6,"key":"REST"},{"data":"Crystallizer","floor":8,"key":"SMITH"},{"data":"Zap","floor":13,"key":"SMITH"},{"floor":15,"key":"REST"}],"circlet_count":0,"master_deck":["AscendersBane","Strike_B","Strike_B","Strike_B","Strike_B","Defend_B","Defend_B","Defend_B","Defend_B","Zap+1","Dualcast+1","Strike_G","expansioncontent:StudyTheSpire+1","Cold Snap","Ghostly","Crystallizer+1"],"relics":["Cracked Core","Question Card","Strawberry","hubris:Icosahedron","hubris:Teleporter"],"acts_visited":["Exordium"],"potions_floor_usage":[7],"damage_taken":[{"damage":12,"enemies":"Small Slimes","floor":1,"turns":4},{"damage":0,"enemies":"2 Louse","floor":4,"turns":2},{"damage":13,"enemies":"Lagavulin","floor":7,"turns":5},{"damage":3,"enemies":"Jaw Worm","floor":12,"turns":3},{"damage":57,"enemies":"3 Sentries","floor":14,"turns":11},{"damage":76,"enemies":"Fading Forest","floor":16,"turns":11}],"seed_played":"3249673385224282407","potions_obtained":[{"floor":1,"key":"hexamod:EctoCoolerPotion"}],"is_trial":false,"path_per_floor":["M","?","?","M","?","R","E","R","T","?","?","M","R","E","R","B"],"character_chosen":"DEFECT","items_purchased":[],"campfire_rested":2,"item_purchase_floors":[],"current_hp_per_floor":[52,57,57,57,34,56,43,43,50,50,50,47,47,16,40,0,0],"gold":49,"neow_bonus":"RANDOM_COLORLESS_2","is_daily":false,"chose_seed":false,"campfire_upgraded":2,"win_rate":0.0,"timestamp":1608266688,"path_taken":["M","?","?","M","?","R","E","R","T","?","?","?","R","E","R","BOSS"],"items_purchased_type":[],"build_version":"2020-12-13","purchased_purges":0,"victory":false,"max_hp_per_floor":[71,76,76,76,76,76,76,76,83,83,83,83,83,83,83,83,83],"card_choices":[{"not_picked":["Sadistic Nature","Crow Ritual"],"picked":"expansioncontent:StudyTheSpire","floor":0},{"not_picked":["Compile Driver","Beam Cell"],"picked":"Cold Snap","floor":1},{"not_picked":["Rip and Tear","Streamline","Go for the Eyes"],"picked":"SKIP","floor":4},{"not_picked":["hubris:SpecializedCircuitry","Hologram"],"picked":"Crystallizer","floor":7},{"not_picked":["Redo","Double Energy","Rebound","Steam"],"picked":"SKIP","floor":12},{"not_picked":["ReplayTheSpireMod:System Scan","Redo","BootSequence","Consume"],"picked":"SKIP","floor":14}],"player_experience":1075494,"relics_obtained":[{"floor":7,"key":"Question Card"},{"floor":9,"key":"Strawberry"},{"floor":14,"key":"hubris:Teleporter"}],"event_choices":[{"damage_healed":0,"gold_gain":0,"player_choice":"Donut","damage_taken":0,"max_hp_gain":5,"max_hp_loss":0,"event_name":"Big Fish","floor":2,"gold_loss":0},{"damage_healed":0,"gold_gain":0,"player_choice":"Argue","damage_taken":0,"max_hp_gain":0,"max_hp_loss":0,"event_name":"conspire:LoneGhost","floor":3,"gold_loss":0},{"damage_healed":0,"gold_gain":0,"player_choice":"Entered Light","damage_taken":23,"max_hp_gain":0,"max_hp_loss":0,"event_name":"Shining Light","floor":5,"gold_loss":0,"cards_upgraded":["Dualcast","expansioncontent:StudyTheSpire"]},{"cards_removed":["Eruption"],"damage_healed":0,"gold_gain":0,"player_choice":"Card Removal","damage_taken":0,"max_hp_gain":0,"max_hp_loss":0,"event_name":"The Cleric","floor":10,"gold_loss":75}],"is_beta":false,"boss_relics":[],"items_purged_floors":[],"is_endless":false,"potions_floor_spawned":[1],"killed_by":"Fading Forest","ascension_level":20}}