{"host":"y087t2reloz9bi43","time":1608309738,"event":{"mods":["2.2 Compatiblity","AchievementEnabler","Aspiration","BaseMod","Beaked The Cultist","Better Vampires","BetterRewards","Colored Map","Colored Powertips","Conspire","Downfall","Ekko","Fireblade Mod","Friendly Minions","GifTheSpireLib","Halation","Hermit","Hubris","Infinite Spire","Jedi Mod","Mad Scientist","Marisa????????","Mimic Mod","Minty Spire (QoL Compilation)","Permanent Neow","Rare Cards Sparkle","Relic Stats","Replay The Spire","Robot Space Explorer","Shade Mod","Shop Mod","StSLib","The Blackbeard","The Bug Knight","The Construct","The Cursed","The Hierophant","The Jungle","The Necromancer","The Runesmith","The Servant 0.9.4","TheHero","TheVacant","Uncapped","everything is the same but u backflip on backflip","vexMod"],"gold_per_floor":[99,99,249,282,282,45,45,58,58,85,103,114,127,402,421,421,421],"floor_reached":16,"playtime":1787,"items_purged":["Slimebound:Icky"],"score":135,"play_id":"e9d7ea59-4c79-4a06-bce6-ba1af6b414e6","local_time":"20201218164218","is_ascension_mode":false,"campfire_choices":[{"data":"hexamod:Float","floor":1,"key":"SMITH"},{"data":"hexamod:SpectersWail","floor":5,"key":"SMITH"},{"data":"hexamod:ParanormalForm","floor":9,"key":"SMITH"}],"circlet_count":0,"master_deck":["hexamod:Strike","hexamod:Strike","hexamod:Strike","hexamod:Strike","hexamod:Defend","hexamod:Defend","hexamod:Defend","hexamod:Sear","hexamod:Float+1","hexamod:SpectersWail+1","hexamod:ParanormalForm+1","hexamod:PowerFromBeyond","hexamod:SuperheatedStrike","hexamod:Haunt","hexamod:DynamicBlow","hexamod:NightmareGuise","Regret","hexamod:BacktrackSmack"],"relics":["hexamod:SpiritBrand","vexMod:BarristanHead","hubris:BundleOfHerbs","Boot","ReplayTheSpireMod:Ninjato"],"acts_visited":["Exordium"],"potions_floor_usage":[15,16],"damage_taken":[{"damage":0,"enemies":"Replay:BlueRogue","floor":4,"turns":7},{"damage":5,"enemies":"downfall:FleeingMerchant","floor":6,"turns":4},{"damage":0,"enemies":"Small Slimes","floor":8,"turns":3},{"damage":25,"enemies":"Lagavulin","floor":10,"turns":5},{"damage":8,"enemies":"conspire:RoseBush","floor":11,"turns":2},{"damage":0,"enemies":"2 Louse","floor":12,"turns":1},{"damage":6,"enemies":"2 Fungi Beasts","floor":13,"turns":3},{"damage":16,"enemies":"Exordium Wildlife","floor":15,"turns":4},{"damage":39,"enemies":"downfall:Defect","floor":16,"turns":4}],"seed_played":"1997776396228750539","potions_obtained":[{"floor":4,"key":"Fire Potion"},{"floor":10,"key":"jedi:StrikingPotion"}],"is_trial":false,"path_per_floor":["R","?","?","E","R","$","T","M","R","E","M","M","M","?","M","B"],"character_chosen":"THE_SPIRIT","items_purchased":["hexamod:ParanormalForm"],"campfire_rested":0,"item_purchase_floors":[6],"current_hp_per_floor":[70,70,70,70,70,65,65,70,70,51,43,43,37,37,21,0,0],"gold":421,"neow_bonus":"RANDOM_COMMON_RELIC","is_daily":false,"chose_seed":false,"campfire_upgraded":3,"win_rate":0.0,"timestamp":1608309738,"path_taken":["R","?","?","E","R","?","T","M","R","E","M","M","M","?","M","BOSS"],"items_purchased_type":["Card"],"build_version":"2020-12-13","purchased_purges":1,"victory":false,"max_hp_per_floor":[70,70,70,70,70,70,70,70,70,70,70,70,70,70,70,70,70],"relic_stats":{"counters":[9,33],"Boot":[5],"obtain_stats":[{"vexMod:BarristanHead":0,"ReplayTheSpireMod:Ninjato":10,"hubris:BundleOfHerbs":4,"Boot":7,"hexamod:SpiritBrand":0},{"vexMod:BarristanHead":0,"ReplayTheSpireMod:Ninjato":4,"hubris:BundleOfHerbs":1,"Boot":2,"hexamod:SpiritBrand":0},{"vexMod:BarristanHead":0,"ReplayTheSpireMod:Ninjato":19,"hubris:BundleOfHerbs":7,"Boot":11,"hexamod:SpiritBrand":0}]},"card_choices":[{"not_picked":["hexamod:ShieldOfDarkness","hexamod:RainOfEmbers"],"picked":"hexamod:SpectersWail","floor":4},{"not_picked":["hexamod:PhantomFireball","hexamod:SpectersWail","hexamod:ChargedBarrage"],"picked":"SKIP","floor":6},{"not_picked":["hexamod:NecessarySacrifice","hexamod:SwordOfDarkness"],"picked":"hexamod:PowerFromBeyond","floor":8},{"not_picked":["hexamod:SkipABeat","hexamod:GhostOfSpireFuture"],"picked":"hexamod:SuperheatedStrike","floor":10},{"not_picked":["hexamod:HauntingEcho","hexamod:ShieldOfDarkness"],"picked":"hexamod:Haunt","floor":11},{"not_picked":["hexamod:EmpoweredFlame","hexamod:PhantomCloak"],"picked":"hexamod:DynamicBlow","floor":12},{"not_picked":["hexamod:FlamesFromBeyond","hexamod:BurningTouch"],"picked":"hexamod:NightmareGuise","floor":13},{"not_picked":["hexamod:NightmareGuise","hexamod:GhostflameBarrier"],"picked":"hexamod:BacktrackSmack","floor":15}],"player_experience":343113,"relics_obtained":[{"floor":4,"key":"hubris:BundleOfHerbs"},{"floor":7,"key":"Boot"},{"floor":10,"key":"ReplayTheSpireMod:Ninjato"}],"event_choices":[],"is_beta":false,"boss_relics":[],"items_purged_floors":[6],"is_endless":false,"potions_floor_spawned":[4,10],"killed_by":"downfall:Defect","ascension_level":0}}