{"host":"9tzam4717zt8ei1o","time":1608311350,"event":{"mods":["BaseMod","Colored Map","Keyboard Shortcuts","Minty Spire (QoL Compilation)","Quick Restart","StSLib","SuperFastMode"],"gold_per_floor":[117,137,62,81,91,91,119,19,19,36,54,54,67,85,85,161,161,171,181,1,1,16,16,30,60,60,60,72,82,82,30,30,30,30],"floor_reached":33,"playtime":839,"items_purged":["Strike_G","Strike_G","Strike_G"],"score":532,"play_id":"33857178-953f-4b16-967d-89aa8a76db87","local_time":"20201219020910","is_ascension_mode":true,"campfire_choices":[{"data":"Neutralize","floor":6.0,"key":"SMITH"},{"data":"Adrenaline","floor":12.0,"key":"SMITH"},{"data":"Poisoned Stab","floor":15.0,"key":"SMITH"},{"data":"Venomology","floor":23.0,"key":"SMITH"},{"data":"Footwork","floor":27.0,"key":"SMITH"},{"data":"Blade Dance","floor":30.0,"key":"SMITH"},{"data":"Acrobatics","floor":32.0,"key":"SMITH"}],"circlet_count":0,"master_deck":["AscendersBane","Strike_G","Strike_G","Defend_G","Defend_G","Defend_G","Defend_G","Defend_G","Survivor","Neutralize+1","Backflip","Blade Dance+1","Masterful Stab","Dagger Throw","Adrenaline+1","Poisoned Stab+1","Venomology+1","Footwork+1","PiercingWail+1","Escape Plan","Acrobatics+1"],"relics":["Ring of the Snake","NeowsBlessing","Orichalcum","Blood Vial","SacredBark","Bottled Flame","Blue Candle"],"acts_visited":["Exordium","TheCity"],"potions_floor_usage":[33,33],"damage_taken":[{"damage":0.0,"enemies":"2 Louse","floor":1.0,"turns":1.0},{"damage":0.0,"enemies":"Cultist","floor":2.0,"turns":1.0},{"damage":0.0,"enemies":"Small Slimes","floor":4.0,"turns":1.0},{"damage":2.0,"enemies":"2 Fungi Beasts","floor":5.0,"turns":3.0},{"damage":12.0,"enemies":"3 Sentries","floor":7.0,"turns":8.0},{"damage":3.0,"enemies":"3 Louse","floor":10.0,"turns":3.0},{"damage":8.0,"enemies":"Exordium Thugs","floor":11.0,"turns":5.0},{"damage":0.0,"enemies":"Looter","floor":13.0,"turns":2.0},{"damage":0.0,"enemies":"Large Slime","floor":14.0,"turns":3.0},{"damage":10.0,"enemies":"Hexaghost","floor":16.0,"turns":8.0},{"damage":20.0,"enemies":"Spheric Guardian","floor":18.0,"turns":5.0},{"damage":22.0,"enemies":"Shell Parasite","floor":19.0,"turns":5.0},{"damage":4.0,"enemies":"Snake Plant","floor":22.0,"turns":6.0},{"damage":0.0,"enemies":"Centurion and Healer","floor":24.0,"turns":9.0},{"damage":25.0,"enemies":"Slavers","floor":25.0,"turns":6.0},{"damage":0.0,"enemies":"Shelled Parasite and Fungi","floor":28.0,"turns":6.0},{"damage":0.0,"enemies":"Snecko","floor":29.0,"turns":3.0},{"damage":71,"enemies":"Champ","floor":33,"turns":10}],"seed_played":"-6530731604686583030","potions_obtained":[{"floor":2.0,"key":"ColorlessPotion"},{"floor":4.0,"key":"BlessingOfTheForge"},{"floor":5.0,"key":"Swift Potion"},{"floor":11.0,"key":"DistilledChaos"},{"floor":13.0,"key":"Fruit Juice"},{"floor":14.0,"key":"DuplicationPotion"},{"floor":19.0,"key":"Strength Potion"},{"floor":22.0,"key":"PowerPotion"},{"floor":28.0,"key":"SteroidPotion"},{"floor":29.0,"key":"PowerPotion"}],"is_trial":false,"path_per_floor":["M","M","$","M","M","R","E","$","T","M","M","R","M","M","R","B",null,"M","M","$","?","M","R","M","E","T","R","M","M","R","$","R","B"],"character_chosen":"THE_SILENT","items_purchased":["Block Potion","Acrobatics"],"campfire_rested":0,"item_purchase_floors":[20,31],"current_hp_per_floor":[59,59,59,59,57,57,45,45,45,44,38,38,40,47,47,39,63,45,25,25,71,67,67,69,46,46,46,48,50,50,50,50,0,0],"gold":30,"neow_bonus":"THREE_ENEMY_KILL","is_daily":false,"chose_seed":false,"campfire_upgraded":7,"win_rate":0.0,"timestamp":1608311350,"path_taken":["M","M","$","M","M","R","E","$","T","M","M","R","M","M","R","BOSS","M","M","$","?","M","R","?","E","T","R","?","M","R","$","R","BOSS"],"items_purchased_type":["Potion","Card"],"build_version":"2020-12-13","purchased_purges":3,"victory":false,"max_hp_per_floor":[66,66,66,66,66,66,66,66,66,66,66,66,66,71,71,71,71,71,71,71,71,71,71,71,71,71,71,71,71,71,71,71,71,71],"card_choices":[{"not_picked":["PiercingWail","Dash"],"picked":"Backflip","floor":1.0},{"not_picked":["Flying Knee","Poisoned Stab"],"picked":"Blade Dance","floor":2.0},{"not_picked":["Slice","Blade Dance"],"picked":"Masterful Stab","floor":4.0},{"not_picked":["Skewer","PiercingWail"],"picked":"Backstab","floor":5.0},{"not_picked":["Crippling Poison","Flying Knee"],"picked":"Dagger Throw","floor":7.0},{"not_picked":["Slice","Bane","Prepared"],"picked":"SKIP","floor":10.0},{"not_picked":["Sucker Punch","Backstab"],"picked":"Adrenaline","floor":11.0},{"not_picked":["Well Laid Plans","Backflip"],"picked":"Poisoned Stab","floor":13.0},{"not_picked":["Dash","Caltrops","Slice"],"picked":"SKIP","floor":14.0},{"not_picked":["Grand Finale","Burst"],"picked":"Venomology","floor":16.0},{"not_picked":["Distraction","Dash"],"picked":"Footwork","floor":18.0},{"not_picked":["Catalyst+1","Noxious Fumes"],"picked":"PiercingWail+1","floor":19.0},{"not_picked":["PiercingWail","Endless Agony","Sucker Punch"],"picked":"SKIP","floor":22.0},{"not_picked":["PiercingWail","Endless Agony","Sucker Punch"],"picked":"SKIP","floor":22.0},{"not_picked":["Flying Knee","Dagger Spray","Sucker Punch"],"picked":"SKIP","floor":24.0},{"not_picked":["Concentrate","Footwork","Skewer"],"picked":"SKIP","floor":25.0},{"not_picked":["Concentrate","Footwork","Skewer"],"picked":"SKIP","floor":25.0},{"not_picked":["PiercingWail+1","Quick Slash"],"picked":"Escape Plan","floor":28.0},{"not_picked":["Flying Knee","Slice","Dodge and Roll"],"picked":"SKIP","floor":29.0}],"player_experience":86905,"relics_obtained":[{"floor":7.0,"key":"Orichalcum"},{"floor":9.0,"key":"Blood Vial"},{"floor":25.0,"key":"Bottled Flame"},{"floor":26.0,"key":"Blue Candle"}],"event_choices":[{"cards_removed":["Backstab"],"damage_healed":46.0,"max_hp_gain":0.0,"max_hp_loss":0.0,"gold_gain":0.0,"event_name":"Bonfire Elementals","player_choice":"Offered Uncommon","floor":21.0,"gold_loss":0.0,"damage_taken":0.0}],"is_beta":false,"boss_relics":[{"not_picked":["Pandora\u0027s Box","Velvet Choker"],"picked":"SacredBark"}],"items_purged_floors":[3,8,20],"is_endless":false,"potions_floor_spawned":[2,4,5,11,13,14,19,22,28,29],"killed_by":"Champ","ascension_level":19}}