{"host":"kiofj7470znkzgvo","time":1608284401,"event":{"mods":["2.2 Compatiblity","AchievementEnabler","BaseMod","Minty Spire (QoL Compilation)"],"gold_per_floor":[118,118,43,43,43,75,75,107,132,157,174,208,225,245,245,347,347,357,369,67,80,99,99,99],"floor_reached":23,"playtime":882,"items_purged":["Strike_R"],"score":333,"play_id":"26d3b00a-72aa-469c-a737-ce864fdbca98","local_time":"20201218104001","is_ascension_mode":true,"campfire_choices":[{"floor":7,"key":"RECALL"},{"data":"Carnage","floor":15,"key":"SMITH"}],"circlet_count":0,"master_deck":["Strike_R","Strike_R+1","Strike_R","Strike_R","Defend_R","Defend_R+1","Defend_R","Defend_R","Bash","Carnage+1","Flex","Cleave","Feed","Perfected Strike","Heavy Blade","Cleave","Demon Form","Headbutt+1","Carnage+1","Warcry"],"relics":["Burning Blood","Bag of Preparation","Anchor","Letter Opener","Shuriken","Black Star","Blood Vial","Happy Flower"],"acts_visited":["Exordium","TheCity"],"potions_floor_usage":[8,16,23],"damage_taken":[{"damage":12,"enemies":"Jaw Worm","floor":1,"turns":2},{"damage":40,"enemies":"Lagavulin","floor":6,"turns":5},{"damage":0,"enemies":"Gremlin Nob","floor":8,"turns":2},{"damage":14,"enemies":"3 Sentries","floor":10,"turns":7},{"damage":0,"enemies":"Small Slimes","floor":11,"turns":2},{"damage":34,"enemies":"Gremlin Nob","floor":12,"turns":4},{"damage":0,"enemies":"Cultist","floor":13,"turns":2},{"damage":7,"enemies":"2 Fungi Beasts","floor":14,"turns":3},{"damage":33,"enemies":"Slime Boss","floor":16,"turns":6},{"damage":23,"enemies":"2 Thieves","floor":18,"turns":3},{"damage":2,"enemies":"Chosen","floor":19,"turns":3},{"damage":27,"enemies":"Snake Plant","floor":21,"turns":5},{"damage":13,"enemies":"Centurion and Healer","floor":22,"turns":4},{"damage":56,"enemies":"Book of Stabbing","floor":23,"turns":4}],"seed_played":"7052955051381506552","potions_obtained":[{"floor":1,"key":"FearPotion"},{"floor":10,"key":"Explosive Potion"},{"floor":16,"key":"LiquidBronze"},{"floor":18,"key":"BlessingOfTheForge"},{"floor":21,"key":"DistilledChaos"}],"is_trial":false,"path_per_floor":["M","?","$","?","?","E","R","E","T","E","M","E","M","M","R","B",null,"M","M","$","M","M","E"],"character_chosen":"IRONCLAD","items_purchased":["Blood Vial","Happy Flower"],"campfire_rested":0,"item_purchase_floors":[20,20],"current_hp_per_floor":[74,58,58,80,90,56,56,62,62,54,63,35,41,43,43,16,76,62,66,66,50,48,0,0],"gold":99,"neow_bonus":"ONE_RANDOM_RARE_CARD","is_daily":false,"chose_seed":false,"campfire_upgraded":1,"win_rate":0.0,"timestamp":1608284401,"path_taken":["M","?","$","?","?","E","R","E","T","E","M","E","M","M","R","BOSS","M","M","$","M","M","E"],"items_purchased_type":["Relic","Relic"],"build_version":"2020-12-13","purchased_purges":1,"victory":false,"max_hp_per_floor":[80,80,80,80,90,90,90,90,90,90,93,93,93,96,96,96,96,99,99,99,102,105,105,105],"card_choices":[{"not_picked":["Rupture","Clash"],"picked":"Carnage","floor":1},{"not_picked":["Shrug It Off","Battle Trance"],"picked":"Flex","floor":6},{"not_picked":["Offering","Searing Blow"],"picked":"Cleave","floor":8},{"not_picked":["Clothesline","Warcry"],"picked":"Feed","floor":10},{"not_picked":["Sword Boomerang","Inflame"],"picked":"Perfected Strike","floor":11},{"not_picked":["Headbutt","Corruption"],"picked":"Heavy Blade","floor":12},{"not_picked":["Sever Soul","Thunderclap","Clothesline"],"picked":"SKIP","floor":13},{"not_picked":["Body Slam","Sword Boomerang"],"picked":"Cleave","floor":14},{"not_picked":["Double Tap","Exhume"],"picked":"Demon Form","floor":16},{"not_picked":["Body Slam","Bloodletting+1"],"picked":"Headbutt+1","floor":18},{"not_picked":["Battle Trance","Anger"],"picked":"Carnage+1","floor":19},{"not_picked":["Ghostly Armor","Body Slam"],"picked":"Warcry","floor":21},{"not_picked":["True Grit","Perfected Strike","Carnage"],"picked":"SKIP","floor":22}],"player_experience":109165,"relics_obtained":[{"floor":6,"key":"Bag of Preparation"},{"floor":8,"key":"Anchor"},{"floor":10,"key":"Letter Opener"},{"floor":12,"key":"Shuriken"}],"event_choices":[{"damage_healed":0,"gold_gain":0,"player_choice":"Entered Light","damage_taken":16,"max_hp_gain":0,"max_hp_loss":0,"event_name":"Shining Light","floor":2,"gold_loss":0,"cards_upgraded":["Strike_R","Defend_R"]},{"damage_healed":26,"gold_gain":0,"player_choice":"Banana","damage_taken":0,"max_hp_gain":0,"max_hp_loss":0,"event_name":"Big Fish","floor":4,"gold_loss":0},{"cards_removed":["Exhume"],"damage_healed":0,"gold_gain":0,"player_choice":"Offered Rare","damage_taken":0,"max_hp_gain":10,"max_hp_loss":0,"event_name":"Bonfire Elementals","floor":5,"gold_loss":0}],"is_beta":false,"boss_relics":[{"not_picked":["Coffee Dripper","Philosopher\u0027s Stone"],"picked":"Black Star"}],"items_purged_floors":[3],"is_endless":false,"potions_floor_spawned":[1,10,16,18,21],"killed_by":"Book of Stabbing","ascension_level":5}}