{"host":"n529wyrjhujcvty3","time":1608289063,"event":{"mods":["2.2 Compatiblity","Act Like it!","BaseMod","Better Third Choice","Lobotomy","Marisa¡]Ãú«B¡@Å]²z¨F¡^","Minty Spire (QoL Compilation)","Shop Mod","StSLib","Td1madao Mod","The Runesmith"],"gold_per_floor":[109,120,120,66,76,76,76,76,76,109,119,45,45,70,70,165,165,182,197,296,314,314,349,349,366,417,417,427,196,111,127,127,223,273,285,285,94,104,104,104,137,154,154,172,172,192,219,231,231,231,231,231,55,83,83,83],"floor_reached":55,"playtime":4751,"items_purged":["Strike_G","Defend_G"],"score":928,"play_id":"dcbc20de-7ffd-45b7-a31c-92711f58309b","local_time":"20201218185743","is_ascension_mode":true,"campfire_choices":[{"data":"Corpse Explosion","floor":6.0,"key":"SMITH"},{"data":"Neutralize","floor":8.0,"key":"SMITH"},{"data":"Adrenaline","floor":13.0,"key":"SMITH"},{"data":"A Thousand Cuts","floor":15.0,"key":"SMITH"},{"data":"Phantasmal Killer","floor":24.0,"key":"SMITH"},{"data":"Reflex","floor":27.0,"key":"SMITH"},{"data":"Infinite Blades","floor":32.0,"key":"SMITH"},{"data":"Apotheosis","floor":40.0,"key":"SMITH"},{"data":"Tools of the Trade","floor":45.0,"key":"SMITH"},{"floor":49.0,"key":"RECALL"},{"data":"Prepared","floor":52.0,"key":"SMITH"}],"circlet_count":0,"master_deck":["Strike_G","Strike_G","Defend_G","Defend_G","Defend_G","Defend_G","Survivor","Neutralize+1","Corpse Explosion+1","Prepared+1","Prepared","Acrobatics+1","Underhanded Strike","Reflex+1","Adrenaline+1","Endless Agony","Eviscerate","A Thousand Cuts+1","Phantasmal Killer+1","Choke","Eviscerate","PiercingWail","Unload","Infinite Blades+1","Reflex+1","Tactician+1","Tools of the Trade+1","Flechettes","Catalyst","Apotheosis+1","Leg Sweep+1","Well Laid Plans+1","Finisher","Prepared+1","Prepared+1"],"relics":["Ring of the Snake","Blue Candle","Eternal Feather","Akabeko","Regal Pillow","Coffee Dripper","Pen Nib","Vajra","MerchantsRug","Bird Faced Urn","Tiny House","Anchor","Runesmith:AutoHammer","Bronze Scales"],"acts_visited":["Exordium","TheCity","TheBeyond","TheEnding"],"potions_floor_usage":[55,55],"damage_taken":[{"damage":2.0,"enemies":"Small Slimes","floor":1.0,"turns":4.0},{"damage":16.0,"enemies":"Cultist","floor":2.0,"turns":4.0},{"damage":0.0,"enemies":"Jaw Worm","floor":5.0,"turns":4.0},{"damage":7.0,"enemies":"3 Sentries","floor":10.0,"turns":3.0},{"damage":6.0,"enemies":"Large Slime","floor":11.0,"turns":6.0},{"damage":9.0,"enemies":"Lagavulin","floor":14.0,"turns":4.0},{"damage":48.0,"enemies":"The Guardian","floor":16.0,"turns":8.0},{"damage":0.0,"enemies":"2 Thieves","floor":18.0,"turns":3.0},{"damage":0.0,"enemies":"Chosen","floor":19.0,"turns":3.0},{"damage":22.0,"enemies":"3 Cultists","floor":21.0,"turns":4.0},{"damage":9.0,"enemies":"Book of Stabbing","floor":23.0,"turns":3.0},{"damage":0.0,"enemies":"Snecko","floor":25.0,"turns":2.0},{"damage":4.0,"enemies":"Cultist and Chosen","floor":28.0,"turns":2.0},{"damage":15.0,"enemies":"Shelled Parasite and Fungi","floor":31.0,"turns":3.0},{"damage":10.0,"enemies":"Collector","floor":33.0,"turns":4.0},{"damage":9.0,"enemies":"3 Darklings","floor":35.0,"turns":2.0},{"damage":9.0,"enemies":"3 Shapes","floor":38.0,"turns":5.0},{"damage":5.0,"enemies":"Giant Head","floor":41.0,"turns":5.0},{"damage":0.0,"enemies":"Sphere and 2 Shapes","floor":42.0,"turns":4.0},{"damage":0.0,"enemies":"Jaw Worm Horde","floor":44.0,"turns":1.0},{"damage":0.0,"enemies":"Maw","floor":46.0,"turns":6.0},{"damage":4.0,"enemies":"Nemesis","floor":47.0,"turns":5.0},{"damage":12.0,"enemies":"Spire Growth","floor":48.0,"turns":3.0},{"damage":38.0,"enemies":"Time Eater","floor":50.0,"turns":6.0},{"damage":35.0,"enemies":"Shield and Spear","floor":54.0,"turns":3.0},{"damage":54,"enemies":"The Heart","floor":55,"turns":3}],"seed_played":"-738767681824408896","potions_obtained":[{"floor":1.0,"key":"Poison Potion"},{"floor":2.0,"key":"Regen Potion"},{"floor":11.0,"key":"DuplicationPotion"},{"floor":14.0,"key":"ColorlessPotion"},{"floor":16.0,"key":"Block Potion"},{"floor":19.0,"key":"Swift Potion"},{"floor":21.0,"key":"Fire Potion"},{"floor":23.0,"key":"Weak Potion"},{"floor":28.0,"key":"AttackPotion"},{"floor":34.0,"key":"Regen Potion"},{"floor":42.0,"key":"Dexterity Potion"},{"floor":46.0,"key":"Energy Potion"},{"floor":47.0,"key":"SteroidPotion"}],"is_trial":false,"path_per_floor":["M","M","?","$","M","R","?","R","T","E","M","$","R","E","R","B",null,"M","M","?","M","?","E","R","M","T","R","M","$","?","M","R","B",null,"M","?","$","M","?","R","E","M","T","M","R","M","E","M","R","B",null,"R","$","E","B"],"character_chosen":"THE_SILENT","items_purchased":["Underhanded Strike","Eviscerate","MerchantsRug","Apotheosis","LiquidBronze"],"campfire_rested":0,"item_purchase_floors":[4,12,29,37,53],"current_hp_per_floor":[68,52,52,52,52,52,52,52,52,45,39,39,51,42,54,6,70,70,70,70,48,48,39,54,54,54,69,65,65,65,52,67,60,75,66,66,66,63,63,75,72,75,75,75,75,75,72,65,75,39,75,75,75,42,0,0],"gold":83,"neow_bonus":"ONE_RANDOM_RARE_CARD","is_daily":false,"chose_seed":false,"campfire_upgraded":10,"win_rate":0.0,"timestamp":1608289063,"path_taken":["M","M","?","$","M","R","?","R","T","E","M","$","R","E","R","BOSS","M","M","?","M","?","E","R","M","T","R","M","$","?","M","R","BOSS","M","?","$","M","?","R","E","M","T","M","R","M","E","M","R","BOSS","R","$","E","BOSS"],"items_purchased_type":["Card","Card","Relic","Card","Potion"],"build_version":"2020-12-13","purchased_purges":2,"victory":false,"max_hp_per_floor":[70,70,70,70,70,70,70,70,70,70,70,70,70,70,70,70,70,70,70,70,70,70,70,70,70,70,70,70,70,70,70,70,70,75,75,75,75,75,75,75,75,75,75,75,75,75,75,75,75,75,75,75,75,75,75,75],"card_choices":[{"not_picked":["Masterful Stab","Poisoned Stab"],"picked":"Prepared","floor":1.0},{"not_picked":["Deflect","Expertise"],"picked":"Prepared","floor":2.0},{"not_picked":["Flying Knee","Endless Agony"],"picked":"Reflex","floor":5.0},{"not_picked":["Quick Slash","Masterful Stab"],"picked":"Adrenaline","floor":10.0},{"not_picked":["Backstab","Deadly Poison"],"picked":"Endless Agony","floor":11.0},{"not_picked":["Dagger Spray","Caltrops"],"picked":"A Thousand Cuts","floor":14.0},{"not_picked":["Malaise","Doppelganger"],"picked":"Phantasmal Killer","floor":16.0},{"not_picked":["Dodge and Roll","Deflect"],"picked":"Choke","floor":18.0},{"not_picked":["Underhanded Strike","Cloak And Dagger"],"picked":"Eviscerate","floor":19.0},{"not_picked":["Backflip","Predator"],"picked":"PiercingWail","floor":21.0},{"not_picked":["Poisoned Stab+1","Deadly Poison","Corpse Explosion"],"picked":"SKIP","floor":23.0},{"not_picked":["Quick Slash","All Out Attack"],"picked":"Infinite Blades","floor":25.0},{"not_picked":["Masterful Stab","Finisher"],"picked":"Reflex+1","floor":28.0},{"not_picked":["Bane+1","Finisher"],"picked":"Tactician+1","floor":31.0},{"not_picked":["Corpse Explosion","Grand Finale"],"picked":"Tools of the Trade","floor":33.0},{"not_picked":["Skewer+1","Quick Slash"],"picked":"Flechettes","floor":34.0},{"not_picked":["Deadly Poison","Outmaneuver"],"picked":"Catalyst","floor":35.0},{"not_picked":["Slice","Dodge and Roll","Predator"],"picked":"SKIP","floor":38.0},{"not_picked":["Grand Finale","Flechettes"],"picked":"Leg Sweep+1","floor":41.0},{"not_picked":["Flying Knee","Slice"],"picked":"Well Laid Plans+1","floor":42.0},{"not_picked":["Blade Dance","Footwork"],"picked":"Finisher","floor":44.0},{"not_picked":["Bane","Heel Hook"],"picked":"Prepared+1","floor":46.0},{"not_picked":["Tools of the Trade","Storm of Steel","Prepared"],"picked":"SKIP","floor":47.0},{"not_picked":["Blade Dance+1","Riddle With Holes","Expertise+1"],"picked":"SKIP","floor":48.0},{"not_picked":["Cloak And Dagger+1","Flechettes"],"picked":"Prepared+1","floor":54.0}],"player_experience":376668,"relics_obtained":[{"floor":9.0,"key":"Eternal Feather"},{"floor":10.0,"key":"Akabeko"},{"floor":14.0,"key":"Regal Pillow"},{"floor":23.0,"key":"Pen Nib"},{"floor":26.0,"key":"Vajra"},{"floor":41.0,"key":"Anchor"},{"floor":47.0,"key":"Runesmith:AutoHammer"},{"floor":54.0,"key":"Bronze Scales"}],"event_choices":[{"damage_healed":0.0,"max_hp_gain":0.0,"max_hp_loss":0.0,"gold_gain":0.0,"cards_transformed":["Strike_G"],"event_name":"Living Wall","player_choice":"Change","floor":3.0,"gold_loss":0.0,"damage_taken":0.0,"cards_obtained":["Acrobatics"]},{"damage_healed":0.0,"max_hp_gain":0.0,"max_hp_loss":0.0,"gold_gain":0.0,"event_name":"WeMeetAgain","player_choice":"Gave Potion","floor":7.0,"gold_loss":0.0,"damage_taken":0.0,"relics_obtained":["Blue Candle"]},{"damage_healed":0.0,"max_hp_gain":0.0,"max_hp_loss":0.0,"gold_gain":99.0,"event_name":"betterThird:BetterNest","player_choice":"Steal","floor":20.0,"gold_loss":0.0,"damage_taken":0.0},{"damage_healed":0.0,"max_hp_gain":0.0,"max_hp_loss":0.0,"gold_gain":0.0,"event_name":"The Library","player_choice":"Read","floor":22.0,"gold_loss":0.0,"damage_taken":0.0,"cards_obtained":["Unload"]},{"damage_healed":0.0,"max_hp_gain":0.0,"max_hp_loss":0.0,"gold_gain":0.0,"event_name":"Addict","player_choice":"Obtained Relic","floor":30.0,"gold_loss":85.0,"damage_taken":0.0,"relics_obtained":["Bird Faced Urn"]},{"cards_removed":["Strike_G"],"damage_healed":0.0,"max_hp_gain":0.0,"max_hp_loss":0.0,"gold_gain":0.0,"event_name":"Falling","player_choice":"Removed Attack","floor":36.0,"gold_loss":0.0,"damage_taken":0.0},{"damage_healed":0.0,"max_hp_gain":0.0,"max_hp_loss":0.0,"gold_gain":0.0,"event_name":"The Woman in Blue","player_choice":"Bought 0 Potions","floor":39.0,"gold_loss":0.0,"damage_taken":0.0}],"is_beta":false,"boss_relics":[{"not_picked":["Empty Cage","Fusion Hammer"],"picked":"Coffee Dripper"},{"not_picked":["Runic Dome","Snecko Eye"],"picked":"Tiny House"}],"items_purged_floors":[29,53],"is_endless":false,"potions_floor_spawned":[1,2,11,14,16,19,21,23,28,38,42,46,47],"killed_by":"The Heart","ascension_level":4}}