{"host":"1rlxwz5wgb7zwurx","time":1608254251,"event":{"mods":["Act Like it!","Aspiration","BaseMod","Better Third Choice","Colored Map","Colored Powertips","Conspire","Downfall","Fiend Mod","Halation","Hallownest","Hermit","Hubris","Ironclad Rager","JesterMod","Minty Spire (QoL Compilation)","Quick Restart","READ ME - Guardian Mod","Replay The Spire","Retaliation","Shade Mod","Somnambulant","StSLib","Synergy Search","The Bladedancer","The Bug Knight","The Construct","The Cursed","The Disciple","The Druid","The Elementalist","The Hierophant","The Juggle","The Jungle","The Mystic","The Necromancer","The Runesmith","The Servant 0.9.4","The Spell Scribe","The Valiant","thorton","vexMod"],"gold_per_floor":[116,133,153,173,94,94,129,129,129,129,149,149,165,178,178,274,274,285,302,341,341,341,368,368,393,467,467,442,442,475,533,533,634,634,651,651,671,77,507,542,542,567,567,589,631,661,703,703,703,825,825,825,337,385,419],"floor_reached":56,"playtime":10462,"items_purged":[],"score":1392,"play_id":"83bccbae-8868-438b-911f-3df557026364","local_time":"20201217201731","is_ascension_mode":false,"campfire_choices":[{"data":"Fiend:FiendDeepenWound","floor":6,"key":"SMITH"},{"data":"Fiend:FiendMutativeArms","floor":8,"key":"SMITH"},{"data":"Fiend:FiendDemonWhip","floor":10,"key":"SMITH"},{"floor":15,"key":"REST"},{"floor":24,"key":"RECALL"},{"floor":27,"key":"REST"},{"data":"Fiend:FiendViolentOutburst","floor":32,"key":"SMITH"},{"data":"Fiend:FiendConsume","floor":41,"key":"SMITH"},{"data":"Fiend:FiendMutativeArms","floor":49,"key":"SMITH"},{"data":"Fiend:FiendMutativeArms","floor":52,"key":"SMITH"}],"circlet_count":0,"master_deck":["Fiend:FiendDemonSlash","Fiend:FiendDemonSlash","Fiend:FiendDemonSlash","Fiend:FiendDemonSlash","Fiend:FiendDemonSlash","Fiend:FiendFortify","Fiend:FiendFortify","Fiend:FiendFortify","Fiend:FiendFortify","Fiend:FiendConsume+1","Fiend:FiendDeepenWound+1","Fiend:FiendMutativeArms+1","Fiend:FiendDemonWhip+1","Fiend:FiendFiendishCharge","Fiend:FiendRam+1","Fiend:FiendSliceAndDice","Fiend:FiendMutativeArms+1","Fiend:FiendBloodlust","Fiend:FiendMutativeArms+1","Fiend:FiendIronBlood","Fiend:FiendDeepenWound","Fiend:FiendDemonWhip","Fiend:FiendMutativeArms+1","Fiend:FiendViolentOutburst+1","Fiend:FiendSplat+1","Fiend:FiendBlackMarket","Fiend:FiendAlchemeat+1","Fiend:FiendBloodstone","Fiend:FiendBloodlust+1","Fiend:FiendSalvage+1","Fiend:FiendMeditate","Fiend:FiendMeatMagnet","Fiend:FiendFiendishCharge","Fiend:FiendVaccine+1","Fiend:FiendAlchemeat+1","Fiend:FiendSalvage+1","Fiend:FiendRam+1","Fiend:FiendFeast","Fiend:FiendDemonWhip","Fiend:FiendDemonWhip","Fiend:FiendSliceAndDice","Fiend:FiendMeatShield"],"relics":["Fiend:FiendTotem","aspiration:DSix","Bottled Flame","Fiend:FleshTotem","thethorton:BottledFunds","Durian","hubris:Towel","Lantern","halation:LettersToHer","halation:EternalFortune","Replay:Ringing Soul","vexMod:MysteryBossChallenge","halation:Risk","aspiration:FetidBarrel","ClockworkSouvenir","ReplayTheSpireMod:Lightbulb","vexMod:PlasmaPancake","Replay:Bottled Flurry","Replay:Bandana","vexMod:Dragonfruit","Hallownest:HeavyBlowRelic","HandDrill","Boot","hubris:BottledRain"],"acts_visited":["Exordium","Hallownest:Greenpath","Hallownest:CityofTears","TheEnding"],"potions_floor_usage":[11,16,33,33,33,39,50,54,55],"damage_taken":[{"damage":4,"enemies":"Hallownest:2_Baldur","floor":1,"turns":4},{"damage":8,"enemies":"2_ Uuma","floor":2,"turns":5},{"damage":0,"enemies":"Hallownest:2_MossCreeps","floor":3,"turns":3},{"damage":15,"enemies":"Hallownest:MossCreep_and_Mosskin","floor":4,"turns":6},{"damage":13,"enemies":"Hallownest:eliteCrystalGuardian","floor":7,"turns":5},{"damage":18,"enemies":"Hallownest:Guard_and_Warrior","floor":11,"turns":4},{"damage":5,"enemies":"Hallownest:2_Tiktiks_1_Baldur_1_Crawlid","floor":13,"turns":3},{"damage":0,"enemies":"Hallownest:monsterMossCharger","floor":14,"turns":3},{"damage":9,"enemies":"Hallownest:BossBrokenVessel","floor":16,"turns":6},{"damage":7,"enemies":"Hallownest:Guard_and_Sentry","floor":18,"turns":5},{"damage":16,"enemies":"Hallownest:Flukemon_and_Top","floor":19,"turns":4},{"damage":8,"enemies":"conspire:MimicChest","floor":20,"turns":4},{"damage":0,"enemies":"Hallownest:Nosk","floor":23,"turns":5},{"damage":1,"enemies":"Hallownest:eliteWatcherKnight","floor":25,"turns":10},{"damage":2,"enemies":"Hallownest:Nosk","floor":30,"turns":5},{"damage":0,"enemies":"Hallownest:monsterShrumalOgre","floor":31,"turns":4},{"damage":49,"enemies":"Hallownest:BossGrimm","floor":33,"turns":8},{"damage":14,"enemies":"Hallownest:2_Littles","floor":35,"turns":5},{"damage":2,"enemies":"Hallownest:Shield_Heavy","floor":37,"turns":3},{"damage":19,"enemies":"Hallownest:2_Primals","floor":39,"turns":4},{"damage":4,"enemies":"Hallownest:StalkingDevout","floor":40,"turns":5},{"damage":20,"enemies":"Hallownest:eliteHiveKnight","floor":42,"turns":4},{"damage":0,"enemies":"Hallownest:monsterPrimalAspid","floor":44,"turns":1},{"damage":7,"enemies":"Hallownest:Xero_Hu_Marmu","floor":45,"turns":4},{"damage":15,"enemies":"Hallownest:Slobbering_and_Violent","floor":46,"turns":6},{"damage":0,"enemies":"Hallownest:2_Great","floor":47,"turns":3},{"damage":69,"enemies":"Hallownest:BossGreyPrinceZote","floor":50,"turns":5},{"damage":7,"enemies":"Shield and Spear","floor":54,"turns":5},{"damage":99,"enemies":"The Heart","floor":55,"turns":6}],"seed_played":"-6847770068918627469","potions_obtained":[{"floor":1,"key":"champ:CounterPotion"},{"floor":4,"key":"Milkshake"},{"floor":11,"key":"AttackPotion"},{"floor":16,"key":"Cursed Concoction"},{"floor":19,"key":"Block Potion"},{"floor":20,"key":"SteroidPotion"},{"floor":33,"key":"Death Potion"},{"floor":37,"key":"DDmod:CleansePotion"},{"floor":39,"key":"Death Potion"},{"floor":40,"key":"Flashbang"},{"floor":44,"key":"Energy Potion"},{"floor":50,"key":"SpeedPotion"}],"is_trial":false,"path_per_floor":["M","M","M","M","$","R","E","R","T","R","M","T","M","M","R","B",null,"M","M","?","?","?","E","R","E","T","R","?","?","E","M","R","B",null,"M","?","M","$","?","E","R","E","T","M","M","M","M","?","R","B",null,"R","$","E","B",null],"character_chosen":"THE_FIEND","items_purchased":["Fiend:FiendFiendishCharge","Fiend:FiendRam+1","aspiration:FetidBarrel","ClockworkSouvenir","ReplayTheSpireMod:Lightbulb","HandDrill","Boot","LiquidBronze","Fiend:FiendDemonWhip","Fiend:FiendSliceAndDice"],"campfire_rested":2,"item_purchase_floors":[5,5,38,38,38,53,53,53,53,53],"current_hp_per_floor":[66,58,58,47,47,47,38,38,38,38,24,24,19,20,41,32,72,65,53,50,46,46,46,46,55,55,78,78,81,86,89,89,55,93,85,85,86,86,85,90,90,114,119,132,128,140,143,143,143,136,148,148,151,154,84],"gold":419,"neow_bonus":"DSIX","is_daily":false,"chose_seed":false,"campfire_upgraded":7,"win_rate":0.0,"timestamp":1608254251,"path_taken":["M","M","?","M","$","R","E","R","T","R","M","?","M","?","R","BOSS","M","M","?","?","?","E","R","E","T","R","?","?","E","M","R","BOSS","M","?","M","$","?","E","R","E","T","M","?","M","M","?","R","BOSS","R","$","E","BOSS"],"items_purchased_type":["Card","Card","Relic","Relic","Relic","Relic","Relic","Potion","Card","Card"],"build_version":"2020-12-13","purchased_purges":0,"victory":true,"max_hp_per_floor":[70,70,70,71,71,71,72,72,72,72,72,72,72,72,72,72,72,72,73,78,78,78,78,78,79,79,79,79,82,86,89,89,93,93,99,99,102,102,111,114,114,119,124,132,135,140,143,143,143,148,148,148,151,154,154],"card_choices":[{"not_picked":["Fiend:FiendDeepenWound","Fiend:FiendDemonicContract"],"picked":"Fiend:FiendMeatPaste","floor":1},{"not_picked":["Fiend:FiendMeatShield","Fiend:FiendRage"],"picked":"Fiend:FiendDeepenWound","floor":2},{"not_picked":["Fiend:FiendUpstartDemon","Fiend:FiendConserve"],"picked":"Fiend:FiendMutativeArms","floor":3},{"not_picked":["Fiend:FiendFleshPlating","Fiend:FiendLeech"],"picked":"Fiend:FiendDemonWhip","floor":4},{"not_picked":["Fiend:FiendConserve","Fiend:FiendAlchemeat"],"picked":"Fiend:FiendSliceAndDice","floor":7},{"not_picked":["Fiend:FiendRage","Fiend:FiendSatanicRitual"],"picked":"Fiend:FiendMutativeArms","floor":11},{"not_picked":["Fiend:FiendMeatPaste","Fiend:FiendMeatShield"],"picked":"Fiend:FiendBloodlust","floor":13},{"not_picked":["Fiend:FiendMeditate","Fiend:FiendRadiation"],"picked":"Fiend:FiendMutativeArms","floor":14},{"not_picked":["Fiend:FiendHellBeam","Fiend:FiendUnstableCells"],"picked":"Fiend:FiendIronBlood","floor":16},{"not_picked":["Fiend:FiendConserve","Fiend:FiendSiphon"],"picked":"Fiend:FiendDeepenWound","floor":18},{"not_picked":["Fiend:FiendVaccine","Fiend:FiendBackFromHell"],"picked":"Fiend:FiendDemonWhip","floor":19},{"not_picked":["Fiend:FiendExecute","Fiend:FiendUpstartDemon"],"picked":"Fiend:FiendMutativeArms","floor":20},{"not_picked":["Fiend:FiendDemonicContract","Fiend:FiendBackFromHell+1"],"picked":"Fiend:FiendViolentOutburst","floor":23},{"not_picked":["Fiend:FiendRam+1","Fiend:FiendDemonicContract"],"picked":"Fiend:FiendSplat+1","floor":25},{"not_picked":["Fiend:FiendSatanicRitual","Fiend:FiendMeatPaste"],"picked":"Fiend:FiendBlackMarket","floor":30},{"not_picked":["Fiend:FiendRage","Fiend:FiendDemonWhip"],"picked":"Fiend:FiendAlchemeat+1","floor":31},{"not_picked":["Fiend:FiendCurse","Fiend:FiendMutilation"],"picked":"Fiend:FiendBloodstone","floor":33},{"not_picked":["Fiend:FiendUpstartDemon+1","Fiend:FiendHarden"],"picked":"Fiend:FiendBloodlust+1","floor":35},{"not_picked":["Fiend:FiendConserve","Fiend:FiendBloodlust"],"picked":"Fiend:FiendSalvage+1","floor":37},{"not_picked":["Fiend:FiendConserve+1","Fiend:FiendMeatPaste+1"],"picked":"Fiend:FiendMeditate","floor":39},{"not_picked":["Fiend:FiendRiskyDice+1","Fiend:FiendCancer"],"picked":"Fiend:FiendMeatMagnet","floor":40},{"not_picked":["Fiend:FiendRam","Fiend:FiendFleshPlating+1","Fiend:FiendFiendishCharge"],"picked":"SKIP","floor":42},{"not_picked":["Fiend:FiendRam","Fiend:FiendFleshPlating+1"],"picked":"Fiend:FiendFiendishCharge","floor":42},{"not_picked":["Fiend:FiendViolentOutburst","Fiend:FiendBloodlust"],"picked":"Fiend:FiendVaccine+1","floor":44},{"not_picked":["Fiend:FiendSiphon","Fiend:FiendGreaterDemonSlash"],"picked":"Fiend:FiendAlchemeat+1","floor":45},{"not_picked":["Fiend:FiendSiphon+1","Fiend:FiendBlackMarket"],"picked":"Fiend:FiendSalvage+1","floor":46},{"not_picked":["Fiend:FiendFiendishCharge","Fiend:FiendSplat"],"picked":"Fiend:FiendRam+1","floor":47},{"not_picked":["Fiend:FiendBulkUp","Fiend:FiendAmnesia"],"picked":"Fiend:FiendFeast","floor":50},{"not_picked":["Fiend:FiendSiphon","Fiend:FiendInfect"],"picked":"Fiend:FiendMeatShield","floor":54}],"player_experience":419833,"relics_obtained":[{"floor":7,"key":"Bottled Flame"},{"floor":12,"key":"Fiend:FleshTotem"},{"floor":20,"key":"Durian"},{"floor":23,"key":"Lantern"},{"floor":25,"key":"halation:LettersToHer"},{"floor":26,"key":"halation:LettersToHer"},{"floor":30,"key":"Replay:Ringing Soul"},{"floor":35,"key":"halation:EternalFortune"},{"floor":39,"key":"vexMod:PlasmaPancake"},{"floor":40,"key":"Replay:Bottled Flurry"},{"floor":42,"key":"Replay:Bandana"},{"floor":43,"key":"halation:LettersToHer"},{"floor":43,"key":"vexMod:Dragonfruit"},{"floor":44,"key":"halation:EternalFortune"},{"floor":54,"key":"hubris:BottledRain"}],"event_choices":[],"is_beta":false,"boss_relics":[{"not_picked":["aspiration:SecretTechniqueScroll","vexMod:TanglingVine"],"picked":"thethorton:BottledFunds"},{"not_picked":["Runic Dome","halation:PinkAlligatorPlush"],"picked":"vexMod:MysteryBossChallenge"}],"items_purged_floors":[],"is_endless":false,"potions_floor_spawned":[1,4,11,16,19,20,23,33,37,39,40,44,50],"ascension_level":0}}