{"host":"4a6fro0of1ie0h2w","time":1608294921,"event":{"mods":["Aspiration","BaseMod","CCEM","Colored Map","Conspire","Downfall","GifTheSpireLib","Halation","Highlight Path","Hubris","Infinite Spire","Marisa????????","Minty Spire (QoL Compilation)","Permanent Neow","Replay The Spire","StSLib","Stuff the Spire","The Servant 0.9.4"],"gold_per_floor":[99,124,124,35,64,85,137,170,170,210,660,685,685,710,738,847,847,772,772,772,772,772,772,772,772,772,622,170,170,170,170,170,170,170,170,170,170,170,170,170,170,170,170,170,170,170,26,26,26,26,26,26,26,26,26],"floor_reached":56,"playtime":3803,"items_purged":["Slimebound:Icky","Slimebound:Icky","hexamod:Defend"],"score":1314,"play_id":"c2988568-c727-4436-9436-c1d511500f03","local_time":"20201218143521","is_ascension_mode":true,"campfire_choices":[{"data":"hexamod:Float","floor":1,"key":"SMITH"},{"floor":9,"key":"RECALL"},{"floor":18,"key":"REST"},{"floor":27,"key":"REST"},{"floor":35,"key":"REST"},{"floor":37,"key":"REST"},{"floor":40,"key":"REST"},{"floor":43,"key":"REST"},{"floor":54,"key":"REST"}],"circlet_count":0,"master_deck":["hexamod:Strike","hexamod:Strike","hexamod:Strike","hexamod:Defend","hexamod:Defend","hexamod:Sear","hexamod:Float+1","hexamod:ThirdSeal","hexamod:BacktrackSmack","hexamod:Hexaguard","hexamod:BacktrackSmack","hexamod:EmpoweringStance","hexamod:GiftsFromTheDead","hexamod:FourthSeal","hexamod:BacktrackSmack","hexamod:SecondSeal","hexamod:AdvancingGuard","hexamod:Hexaguard","hexamod:AdvancingGuard","hexamod:GhostOfSpirePast+1","hexamod:FirstSeal","StuffTheSpire:CelestialWarden","hexamod:ParanormalForm","hexamod:HexaLevel","hexamod:RadiantFlame","hexamod:NightmareGuise+1","hexamod:SpectersWail","hexamod:BacktrackSmack","hubris:InfiniteBlow+61","hexamod:ParanormalForm","hexamod:PowerFromBeyond+1","hexamod:GhostOfSpirePast","hexamod:GhostOfSpirePast"],"relics":["hexamod:SpiritBrand","hexamod:InflammatoryLetter","halation:PinkSoulGem","StuffTheSpire:HeavyRock","infinitespire:FocusingShard","infinitespire:Midas Blood","Replay:Grab Bag","Fusion Hammer","Ectoplasm","aspiration:SilentSkillbook","aspiration:ServantSkillbook","downfall:HeartBlessingRed","hubris:TenFootPole","aspiration:RitualStick","infinitespire:Eraser","Blue Doll","downfall:HeartBlessingGreen","downfall:HeartBlessingBlue","StuffTheSpire:DarkSteelAnvil","halation:Diary","SlaversCollar","Chameleon Ring","aspiration:HiddenCompartment","halation:IllGainedPizza","Juzu Bracelet","halation:StarCompass","Happy Flower"],"acts_visited":["Exordium","TheCity","TheBeyond","TheEnding"],"potions_floor_usage":[8,8,38,55,55],"damage_taken":[{"damage":20,"enemies":"Gremlin Nob","floor":2,"turns":4},{"damage":0,"enemies":"downfall:FleeingMerchant","floor":4,"turns":4},{"damage":11,"enemies":"Lagavulin","floor":5,"turns":6},{"damage":0,"enemies":"Cultist","floor":6,"turns":3},{"damage":7,"enemies":"Gremlin Nob","floor":8,"turns":4},{"damage":0,"enemies":"3 Sentries","floor":10,"turns":7},{"damage":3,"enemies":"2 Louse","floor":12,"turns":3},{"damage":0,"enemies":"Small Slimes","floor":14,"turns":5},{"damage":0,"enemies":"2 Fungi Beasts","floor":15,"turns":4},{"damage":6,"enemies":"downfall:Watcher","floor":16,"turns":10},{"damage":15,"enemies":"Replay:Snechameleon","floor":19,"turns":5},{"damage":0,"enemies":"Book of Stabbing","floor":21,"turns":5},{"damage":0,"enemies":"Gremlin Leader","floor":23,"turns":7},{"damage":0,"enemies":"Spheric Guardian","floor":26,"turns":4},{"damage":0,"enemies":"downfall:FleeingMerchant","floor":28,"turns":4},{"damage":0,"enemies":"3 Cultists","floor":29,"turns":5},{"damage":0,"enemies":"Snecko","floor":30,"turns":3},{"damage":0,"enemies":"Centurion and Healer","floor":32,"turns":3},{"damage":16,"enemies":"Champ","floor":33,"turns":5},{"damage":0,"enemies":"3 Darklings","floor":36,"turns":4},{"damage":22,"enemies":"Reptomancer","floor":38,"turns":4},{"damage":0,"enemies":"Nemesis","floor":42,"turns":8},{"damage":0,"enemies":"R_Hoarder","floor":44,"turns":1},{"damage":0,"enemies":"downfall:FleeingMerchant","floor":47,"turns":3},{"damage":4,"enemies":"3 Shapes","floor":48,"turns":3},{"damage":22,"enemies":"Sphere and 2 Shapes","floor":49,"turns":4},{"damage":0,"enemies":"downfall:Silent","floor":50,"turns":1},{"damage":13,"enemies":"downfall:CharBossMerchant","floor":52,"turns":3},{"damage":6,"enemies":"downfall:NeowBoss","floor":55,"turns":12}],"seed_played":"3657009150796030065","potions_obtained":[{"floor":2,"key":"Explosive Potion"},{"floor":5,"key":"LiquidBronze"},{"floor":6,"key":"CultistPotion"},{"floor":8,"key":"Languid Potion"},{"floor":12,"key":"Reflective Coating"},{"floor":12,"key":"FairyPotion"},{"floor":42,"key":"AttackPotion"}],"is_trial":false,"path_per_floor":["R","E","?","$","E","M","T","E","R","E","?","M","?","M","M","B",null,"R","E","?","E","?","E","T","?","M","R","$","M","M","AVR","M","B",null,"R","M","R","E","?","R","T","E","R","E","?","?","$","M","M","B",null,"E","$","R","B",null],"character_chosen":"THE_SPIRIT","items_purchased":["hexamod:FourthSeal","StuffTheSpire:DarkSteelAnvil","hexamod:BacktrackSmack","hexamod:GhostOfSpirePast"],"campfire_rested":7,"item_purchase_floors":[4,28,28,47],"current_hp_per_floor":[63,43,43,43,32,32,32,25,25,25,25,22,22,29,36,37,63,63,55,49,56,56,63,63,63,63,73,73,73,73,73,73,64,73,73,73,73,58,49,70,70,73,73,73,73,73,73,69,47,47,73,67,67,73,73],"gold":26,"neow_bonus":"TRANSFORM_TWO_CARDS","is_daily":false,"chose_seed":false,"campfire_upgraded":1,"win_rate":0.0,"timestamp":1608294921,"path_taken":["R","E","?","$","E","M","T","E","R","E","?","M","?","M","M","BOSS","R","E","?","E","?","E","T","?","M","R","$","M","M","AVR","M","BOSS","R","M","R","E","?","R","T","E","R","E","?","?","?","M","M","BOSS","E","$","R","BOSS"],"items_purchased_type":["Card","Relic","Card","Card"],"build_version":"2020-12-13","purchased_purges":3,"victory":true,"max_hp_per_floor":[63,63,63,63,63,63,63,63,63,63,63,63,63,63,63,63,63,63,63,63,63,63,63,63,63,63,73,73,73,73,73,73,73,73,73,73,73,73,73,73,73,73,73,73,73,73,73,73,73,73,73,73,73,73,73],"card_choices":[{"not_picked":["hexamod:CatchUp","hexamod:InspiringFlames"],"picked":"hexamod:Hexaguard","floor":2},{"not_picked":["hexamod:GhostShield","hexamod:CatchUp"],"picked":"hexamod:BacktrackSmack","floor":2},{"not_picked":["hexamod:ShieldOfDarkness","hexamod:GhostShield"],"picked":"hexamod:EmpoweringStance","floor":4},{"not_picked":["hexamod:Hexaguard","hexamod:GhostShield"],"picked":"hexamod:GiftsFromTheDead","floor":4},{"not_picked":["hexamod:AdvancingGuard","hexamod:Hexaguard"],"picked":"hexamod:BacktrackSmack","floor":5},{"not_picked":["hexamod:ThermalTransfer","hexamod:Haunt"],"picked":"hexamod:SecondSeal","floor":5},{"not_picked":["hexamod:Again","hexamod:GhostShield"],"picked":"hexamod:AdvancingGuard","floor":6},{"not_picked":["hexamod:InspiringFlames","hexamod:HauntingEcho"],"picked":"hexamod:Hexaguard","floor":6},{"not_picked":["hexamod:InspiringFlames","hexamod:BurningTouch"],"picked":"hexamod:AdvancingGuard","floor":8},{"not_picked":["hexamod:GhostShield","hexamod:GhostLash","hexamod:BurningTouch"],"picked":"SKIP","floor":8},{"not_picked":["hexamod:HauntingEcho","hexamod:SecondSeal"],"picked":"hexamod:GhostOfSpirePast","floor":10},{"not_picked":["hexamod:SpectralSpark","hexamod:RainOfEmbers","hexamod:GhostflameBarrier"],"picked":"SKIP","floor":10},{"not_picked":["hexamod:RainOfEmbers","hexamod:HeatShield"],"picked":"hexamod:FirstSeal","floor":12},{"not_picked":["StuffTheSpire:Innocence","StuffTheSpire:Brawn"],"picked":"StuffTheSpire:CelestialWarden","floor":13},{"not_picked":["hexamod:SwordOfDarkness","hexamod:AdvancingGuard","hexamod:SpectersWail"],"picked":"SKIP","floor":14},{"not_picked":["hexamod:ShieldOfDarkness","hexamod:AdvancingGuard","hexamod:HeatShield"],"picked":"SKIP","floor":14},{"not_picked":["hexamod:FlamesFromBeyond","hexamod:GhostShield","hexamod:RainOfEmbers"],"picked":"SKIP","floor":15},{"not_picked":["hexamod:TurnItUp","hexamod:ApocalypseNow"],"picked":"hexamod:ParanormalForm","floor":16},{"not_picked":["hexamod:UnlimitedPower","hexamod:VolcanoVisage"],"picked":"hexamod:HexaLevel","floor":16},{"not_picked":["Reflex","hexamod:InspiringFlames","Sneak Up","StuffTheSpire:ClusterCrunch"],"picked":"hexamod:RadiantFlame","floor":19},{"not_picked":["A Thousand Cuts","Fluid Movement+1","Sucker Punch","Catalyst","Cloak And Dagger"],"picked":"SKIP","floor":19},{"not_picked":["hexamod:AdvancingGuard","hexamod:SwordOfDarkness","Rewind+1","BottledTime","After Image"],"picked":"SKIP","floor":21},{"not_picked":["StuffTheSpire:ReptileScales","hexamod:GhostLash+1","hexamod:InspiringFlames","Acrobatics","SilverMatrix"],"picked":"SKIP","floor":21},{"not_picked":["Alleviate","Potential","Well Laid Plans+1","hexamod:HauntingEcho"],"picked":"hexamod:NightmareGuise+1","floor":23},{"not_picked":["Alleviate","hexamod:SuperheatedStrike","Snipe","Choke+1","Desolation"],"picked":"SKIP","floor":23},{"not_picked":["hexamod:ExtraCrispy","Sucker Punch+1","Replace","StuffTheSpire:Incantation","Underhanded Strike+1"],"picked":"SKIP","floor":26},{"not_picked":["Misdirection+1","hexamod:SoulSteal+1","Dodge and Roll","Shuttle"],"picked":"hexamod:SpectersWail","floor":28},{"not_picked":["hexamod:RainOfEmbers+1","hexamod:PhantomCloak","aspiration:Lunge","Orbit","Underhanded Strike"],"picked":"SKIP","floor":28},{"not_picked":["Sabotage+1","BottledTime","hexamod:BacktrackSmack","hexamod:FourthSeal","Hidden Blade"],"picked":"SKIP","floor":29},{"not_picked":["Terror+1","BottledTime","SpecialFormula","Sunlight","hexamod:NightmareGuise"],"picked":"SKIP","floor":29},{"not_picked":["Rearm","hexamod:NightmareStrike","hexamod:PowerFromBeyond","hexamod:InspiringFlames","StuffTheSpire:Injection"],"picked":"SKIP","floor":30},{"not_picked":["Underhanded Strike","hexamod:ThermalTransfer","StarChef","StuffTheSpire:Injection","StuffTheSpire:Fury"],"picked":"SKIP","floor":32},{"not_picked":["DancingSilver","StuffTheSpire:BumpUp","Gouge","Snipe+1","Poisoned Stab"],"picked":"SKIP","floor":32},{"not_picked":["SilverMatrix","Tools of the Trade","hexamod:UnlimitedPower","infinitespire:Neurotoxin"],"picked":"hexamod:ParanormalForm","floor":33},{"not_picked":["Outmaneuver+1","Heel Hook+1","Riddle With Holes","Poisoned Stab","PiercingWail"],"picked":"SKIP","floor":36},{"not_picked":["StuffTheSpire:ClusterCrunch","FastForward+1","DancingSilver+1","Moondial","Acrobatics+1"],"picked":"SKIP","floor":38},{"not_picked":["infinitespire:Oblivion","infinitespire:SevenWalls"],"picked":"infinitespire:SealOfDarkness+","floor":39},{"not_picked":["hexamod:GiftsFromTheDead","Dagger Throw+1","GearUp","Flying Knee"],"picked":"hexamod:PowerFromBeyond+1","floor":42},{"not_picked":["hexamod:NightmareGuise+1","Comet+1","hexamod:NightmareStrike+1","Misdirection+1","hexamod:RainOfEmbers+1"],"picked":"SKIP","floor":42},{"not_picked":["Defy","Tactician+1","FastForward+1","hexamod:SoulSteal+1","hexamod:EtherealExpedition"],"picked":"SKIP","floor":44},{"not_picked":["hexamod:NightmareGuise","Dagger Spray","DancingSilver+1","Hidden Blade+1","hexamod:NecessarySacrifice+1"],"picked":"SKIP","floor":47},{"not_picked":["WasteNot+1","ReplayTheSpireMod:Shiv Toss","TimeWarp+1","hubris:TrickCloak","StuffTheSpire:Python+1"],"picked":"SKIP","floor":48},{"not_picked":["TimeWarp+1","Revamp+1","hexamod:FlamesFromBeyond","hexamod:Hexaguard","RealityMarble"],"picked":"SKIP","floor":48},{"not_picked":["Deflect+1","Unruled+1","Bane+1","hubris:Sniper+1","Shuttle+1"],"picked":"SKIP","floor":49},{"not_picked":["Acrobatics+1","DancingSilver","Defy+1","hexamod:Firestarter","Accuracy"],"picked":"SKIP","floor":49},{"not_picked":["Underhanded Strike","hubris:Counter","Rewind","Fluid Movement+1","Replay:Poison Smokescreen"],"picked":"SKIP","floor":52}],"player_experience":186043,"relics_obtained":[{"floor":2,"key":"hexamod:InflammatoryLetter"},{"floor":5,"key":"hubris:ToyBattleship"},{"floor":7,"key":"StuffTheSpire:HeavyRock"},{"floor":8,"key":"infinitespire:FocusingShard"},{"floor":10,"key":"infinitespire:Midas Blood"},{"floor":19,"key":"hubris:TenFootPole"},{"floor":21,"key":"infinitespire:Eraser"},{"floor":23,"key":"Blue Doll"},{"floor":38,"key":"Chameleon Ring"},{"floor":41,"key":"aspiration:HiddenCompartment"},{"floor":42,"key":"halation:IllGainedPizza"},{"floor":44,"key":"Juzu Bracelet"},{"floor":52,"key":"Happy Flower"}],"event_choices":[],"is_beta":false,"boss_relics":[{"not_picked":["Runic Pyramid","hubris:GrandSneckoEye"],"picked":"Replay:Grab Bag"},{"not_picked":["conspire:SeveredTorchhead","ReplayTheSpireMod:Onyx Gauntlets"],"picked":"Fusion Hammer"},{"not_picked":["ReplayTheSpireMod:DimensionalGlitch","halation:IncompleteEncyclopedia"],"picked":"Ectoplasm"},{"not_picked":["hubris:BlackHole","halation:MonkeysPaw"],"picked":"aspiration:SilentSkillbook"},{"not_picked":["hubris:HollowSoul","halation:PlatinumPhoenix"],"picked":"aspiration:ServantSkillbook"},{"not_picked":["Replay:Drink Me","SacredBark"],"picked":"SlaversCollar"}],"items_purged_floors":[28,31,47],"is_endless":false,"potions_floor_spawned":[2,12,14,29,30,48,49],"ascension_level":1}}