{"host":"0m7uut7ws4kj19nt","time":1608309635,"event":{"mods":["AchievementEnabler","BaseMod","Minty Spire (QoL Compilation)","Replay The Spire","StSLib","The Cursed","The Necromancer"],"gold_per_floor":[110,129,147,72,85,85,118,118,186,186,197,197,197,40,40,144,144,161,0,11,11,11,11,36,36,36,63,83,83,102,127,127,229,229,249,268,118,138,158,158,158,193,203,28,28,28,63,112,142,158,158,158,158,158,132,163,163],"floor_reached":58,"playtime":4133,"items_purged":["TheCursedMod:Defend_TheCursed","TheCursedMod:Strike_TheCursed","TheCursedMod:Strike_TheCursed","TheCursedMod:Strike_TheCursed","TheCursedMod:Defend_TheCursed"],"score":1882,"play_id":"ec5e3b71-4f9d-4f51-9c1a-e78ed6b19e7d","local_time":"20201218234035","is_ascension_mode":true,"campfire_choices":[{"data":"TheCursedMod:CircleOfFlame","floor":6,"key":"SMITH"},{"floor":8,"key":"REST"},{"data":"TheCursedMod:CleanUpWorkshop","floor":10,"key":"SMITH"},{"data":"TheCursedMod:LuckyCharm","floor":23,"key":"SMITH"},{"data":"TheCursedMod:HellsGateOpen","floor":25,"key":"SMITH"},{"data":"TheCursedMod:ManaBullet","floor":32,"key":"SMITH"},{"data":"TheCursedMod:CollectTribute","floor":46,"key":"SMITH"},{"floor":51,"key":"RECALL"},{"data":"TheCursedMod:LuckyCharm","floor":54,"key":"SMITH"}],"circlet_count":0,"master_deck":["TheCursedMod:Strike_TheCursed","TheCursedMod:CursedWand","TheCursedMod:CleanUpWorkshop+1","TheCursedMod:Dregs","TheCursedMod:SpitefulStrike","TheCursedMod:CursedBlade+1","TheCursedMod:CircleOfFlame+1","TheCursedMod:CursedArmor","TheCursedMod:CircleOfBlood+1","Injury","TheCursedMod:HellsGateOpen+1","TheCursedMod:DemonSword","TheCursedMod:SpitefulPray","TheCursedMod:LuckyCharm+1","Bandage Up","TheCursedMod:LuckyCharm+1","TheCursedMod:ManaBullet+1","TheCursedMod:CollectTribute+1","AbeCurse","TheCursedMod:LuckyCharm+1","TheCursedMod:Evocation+1","TheCursedMod:Obscuration+1","Parasite","TheCursedMod:RapidMovement+1","TheCursedMod:RapidMovement+1","TheCursedMod:Stretching+1","TheCursedMod:Stretching+1","TheCursedMod:CursedBoomerang+1"],"relics":["TheCursedMod:BlackMagic101","Bird Faced Urn","Divine Protection","SlaversCollar","Pondfish Scales","Pet Ghost","Toxic Egg 2","Chameleon Ring","Darkstone Periapt","Replay:Grab Bag","Philosopher\u0027s Stone","Abe\u0027s Treasure","TheCursedMod:FourLeafCloverCharm","Empty Cage","Replay:Baseball","Thread and Needle","StoneCalendar","Replay:Kaleidoscope","Gambling Chip"],"acts_visited":["Exordium","TheCity","TheBeyond","TheEnding"],"potions_floor_usage":[24,42,56,57,57],"damage_taken":[{"damage":0,"enemies":"Small Slimes","floor":1,"turns":4},{"damage":0,"enemies":"Cultist","floor":2,"turns":3},{"damage":5,"enemies":"2 Louse","floor":3,"turns":2},{"damage":30,"enemies":"Exordium Thugs","floor":5,"turns":6},{"damage":36,"enemies":"Gremlin Nob","floor":7,"turns":5},{"damage":6,"enemies":"Blue Slaver","floor":11,"turns":3},{"damage":42,"enemies":"The Guardian","floor":16,"turns":14},{"damage":23,"enemies":"Spheric Guardian","floor":18,"turns":6},{"damage":0,"enemies":"3 Byrds","floor":20,"turns":2},{"damage":9,"enemies":"Replay:Snechameleon","floor":24,"turns":9},{"damage":0,"enemies":"Book of Stabbing","floor":27,"turns":6},{"damage":0,"enemies":"Snecko","floor":28,"turns":5},{"damage":0,"enemies":"Snake Plant","floor":30,"turns":5},{"damage":0,"enemies":"Gremlin Leader","floor":31,"turns":4},{"damage":11,"enemies":"Pondfish","floor":33,"turns":11},{"damage":8,"enemies":"3 Shapes","floor":35,"turns":4},{"damage":0,"enemies":"Orb Walker","floor":36,"turns":3},{"damage":13,"enemies":"4 Shapes","floor":38,"turns":4},{"damage":0,"enemies":"Writhing Mass","floor":39,"turns":6},{"damage":2,"enemies":"Reptomancer","floor":42,"turns":5},{"damage":0,"enemies":"Maw","floor":43,"turns":7},{"damage":0,"enemies":"Nemesis","floor":47,"turns":7},{"damage":40,"enemies":"2 Orb Walkers","floor":48,"turns":7},{"damage":0,"enemies":"R_Hoarder","floor":49,"turns":7},{"damage":0,"enemies":"4 Shapes","floor":50,"turns":4},{"damage":0,"enemies":"Time Eater","floor":52,"turns":11},{"damage":18,"enemies":"Shield and Spear","floor":56,"turns":6},{"damage":64,"enemies":"The Heart","floor":57,"turns":11}],"seed_played":"8155737344556053602","potions_obtained":[{"floor":16,"key":"SteroidPotion"},{"floor":20,"key":"Reflective Coating"},{"floor":31,"key":"Energy Potion"},{"floor":33,"key":"Explosive Potion"},{"floor":50,"key":"Adrenaline Potion"},{"floor":56,"key":"Strength Potion"}],"is_trial":false,"path_per_floor":["M","M","M","$","M","R","E","R","T","R","M","?","?","$","R","B",null,"M","$","M","T","?","R","E","R","T","E","M","?","M","E","R","B",null,"M","M","$","M","M","PTL","PTL","E","M","$","T","R","E","?","E","M","R","B",null,"R","$","E","B",null],"character_chosen":"THE_CURSED","items_purchased":["TheCursedMod:HellsGateOpen","TheCursedMod:SpitefulPray","TheCursedMod:Stretching+1"],"campfire_rested":1,"item_purchase_floors":[14,19,55],"current_hp_per_floor":[82,82,77,77,47,47,11,35,35,35,29,29,29,29,53,21,82,59,59,61,61,49,49,60,60,60,78,82,82,82,82,82,71,88,83,88,88,80,94,94,94,94,94,94,94,94,94,65,89,94,94,94,94,94,94,82,38],"gold":163,"neow_bonus":"TEN_PERCENT_HP_BONUS","is_daily":false,"chose_seed":false,"campfire_upgraded":7,"win_rate":0.0,"timestamp":1608309635,"path_taken":["M","M","M","$","M","R","E","R","T","R","M","?","?","$","R","BOSS","M","$","?","?","?","R","E","R","T","E","?","?","M","E","R","BOSS","M","M","$","M","?","PTL","PTL","E","M","$","T","R","E","?","E","M","R","BOSS","R","$","E","BOSS"],"items_purchased_type":["Card","Card","Card"],"build_version":"2020-12-13","purchased_purges":5,"victory":true,"max_hp_per_floor":[82,82,82,82,82,82,82,82,82,82,82,82,82,82,82,82,82,82,82,82,82,82,82,82,82,82,82,82,82,82,82,82,82,88,88,88,88,88,94,94,94,94,94,94,94,94,94,94,94,94,94,94,94,94,94,94,94],"card_choices":[{"not_picked":["TheCursedMod:CircleOfCorruption","TheCursedMod:CircleOfFocus"],"picked":"TheCursedMod:SpitefulStrike","floor":1},{"not_picked":["TheCursedMod:CircleOfWindfury","TheCursedMod:CircleOfCorruption"],"picked":"TheCursedMod:CursedBlade","floor":2},{"not_picked":["TheCursedMod:CursedMace","TheCursedMod:BloodBarrier","TheCursedMod:CircleOfFocus"],"picked":"SKIP","floor":3},{"not_picked":["TheCursedMod:CircleOfCorruption","TheCursedMod:ReleasedStrength"],"picked":"TheCursedMod:CircleOfFlame","floor":5},{"not_picked":["TheCursedMod:RavingStaff","TheCursedMod:CursedBlade"],"picked":"TheCursedMod:CursedArmor","floor":7},{"not_picked":["TheCursedMod:CursedAmulet","TheCursedMod:CursedArmor"],"picked":"TheCursedMod:CircleOfBlood","floor":11},{"not_picked":["TheCursedMod:ShockAndAwe","TheCursedMod:StunningStrike"],"picked":"TheCursedMod:DemonSword","floor":16},{"not_picked":["TheCursedMod:SmokeScreen","TheCursedMod:CursedBoomerang","TheCursedMod:CursedBlade"],"picked":"SKIP","floor":18},{"not_picked":["TheCursedMod:CircleOfFocus","TheCursedMod:CircleOfWindfury"],"picked":"TheCursedMod:LuckyCharm","floor":20},{"not_picked":["TheCursedMod:CircleOfAmplification","TheCursedMod:CircleOfCorruption"],"picked":"TheCursedMod:LuckyCharm","floor":24},{"not_picked":["TheCursedMod:VitalStrike","TheCursedMod:OutForBlood","TheCursedMod:CursedBlade+1"],"picked":"SKIP","floor":27},{"not_picked":["TheCursedMod:VitalStrike+1","TheCursedMod:SpitefulStrike","TheCursedMod:Torture+1"],"picked":"SKIP","floor":28},{"not_picked":["TheCursedMod:CircleOfCorruption+1","TheCursedMod:SpitefulStrike","TheCursedMod:Wield+1"],"picked":"SKIP","floor":30},{"not_picked":["TheCursedMod:TacticalStrike","TheCursedMod:SpitefulPray+1"],"picked":"TheCursedMod:ManaBullet","floor":31},{"not_picked":["TheCursedMod:NeowsMight+1","TheCursedMod:ManaCirculation"],"picked":"TheCursedMod:CollectTribute","floor":33},{"not_picked":["TheCursedMod:FleshFromBone+1","TheCursedMod:CircleOfAmplification+1"],"picked":"TheCursedMod:LuckyCharm","floor":35},{"not_picked":["TheCursedMod:LuckyCharm","TheCursedMod:DoubleShield+1"],"picked":"TheCursedMod:Evocation+1","floor":36},{"not_picked":["TheCursedMod:RavingStaff","TheCursedMod:SmokeScreen+1"],"picked":"TheCursedMod:Obscuration+1","floor":38},{"not_picked":["TheCursedMod:TacticalStrike+1","TheCursedMod:BlessingInDisguise+1"],"picked":"TheCursedMod:RapidMovement+1","floor":39},{"not_picked":["TheCursedMod:DarkBarrier+1","TheCursedMod:CircleOfFocus+1","TheCursedMod:Obscuration+1"],"picked":"SKIP","floor":42},{"not_picked":["TheCursedMod:Stigma","TheCursedMod:SaltUponWound+1","TheCursedMod:SmokeScreen+1"],"picked":"SKIP","floor":43},{"not_picked":["TheCursedMod:CircleOfBlood+1","TheCursedMod:SoulReap+1"],"picked":"TheCursedMod:RapidMovement+1","floor":47},{"not_picked":["TheCursedMod:CircleOfFlame+1","TheCursedMod:CursedArmor+1"],"picked":"TheCursedMod:Stretching+1","floor":49},{"not_picked":["TheCursedMod:CursedBoomerang","TheCursedMod:CircleOfCorruption+1","TheCursedMod:PrepareRite+1"],"picked":"SKIP","floor":50},{"not_picked":["TheCursedMod:SpitefulStrike","TheCursedMod:OutForBlood"],"picked":"TheCursedMod:CursedBoomerang+1","floor":56}],"player_experience":92338,"relics_obtained":[{"floor":7,"key":"Bird Faced Urn"},{"floor":9,"key":"Divine Protection"},{"floor":21,"key":"Pondfish Scales"},{"floor":24,"key":"Pet Ghost"},{"floor":26,"key":"Toxic Egg 2"},{"floor":27,"key":"Chameleon Ring"},{"floor":31,"key":"Darkstone Periapt"},{"floor":42,"key":"Replay:Baseball"},{"floor":47,"key":"Thread and Needle"},{"floor":48,"key":"StoneCalendar"},{"floor":49,"key":"Replay:Kaleidoscope"},{"floor":56,"key":"Gambling Chip"}],"event_choices":[{"damage_healed":0,"gold_gain":0,"player_choice":"Upgraded","damage_taken":0,"max_hp_gain":0,"max_hp_loss":0,"event_name":"Upgrade Shrine","floor":13,"gold_loss":0,"cards_upgraded":["TheCursedMod:CircleOfBlood"]},{"damage_healed":0,"gold_gain":0,"player_choice":"CARD ","damage_taken":12,"max_hp_gain":0,"max_hp_loss":0,"event_name":"Knowing Skull","floor":22,"potions_obtained":[],"gold_loss":0,"cards_obtained":["Bandage Up"]},{"damage_healed":0,"gold_gain":0,"player_choice":"Forge","damage_taken":0,"max_hp_gain":0,"max_hp_loss":0,"event_name":"Accursed Blacksmith","floor":29,"gold_loss":0,"cards_upgraded":["TheCursedMod:LuckyCharm"]},{"damage_healed":0,"gold_gain":0,"player_choice":"Fight","damage_taken":0,"max_hp_gain":0,"max_hp_loss":0,"event_name":"Mysterious Sphere","floor":48,"gold_loss":0}],"is_beta":false,"boss_relics":[{"not_picked":["Black Star","Tiny House"],"picked":"SlaversCollar"},{"not_picked":["Ring of Chaos","Busted Crown"],"picked":"Replay:Grab Bag"},{"not_picked":["Painkiller Herb","Coffee Dripper"],"picked":"Philosopher\u0027s Stone"},{"not_picked":["Sozu","Replay:Wanted Poster"],"picked":"Abe\u0027s Treasure"},{"not_picked":["Astrolabe","Replay:Drink Me"],"picked":"TheCursedMod:FourLeafCloverCharm"},{"not_picked":["TheCursedMod:BlackMagicAdvanced","SacredBark"],"picked":"Empty Cage"}],"items_purged_floors":[4,14,19,37,44],"is_endless":false,"potions_floor_spawned":[16,20,31,33,38,39,43,47,50,56],"ascension_level":1}}