{"host":"hp4podz600orhpf6","time":1608293802,"event":{"mods":["AlwaysNeverKeys","BaseMod","Better Match","Better Note","Block Reminder","DeckTracker","Hermit","Minty Spire (QoL Compilation)","Quick Restart","StSLib","The Cursed","The Hayseed"],"gold_per_floor":[118,138,153,166,341,370,370,383,383,383,403,95,95,121,121,121,121],"floor_reached":16,"playtime":640,"items_purged":["Doubt"],"score":138,"play_id":"4f5d53d4-da80-41cd-8a1b-a1b201a079b8","local_time":"20201218071642","is_ascension_mode":true,"campfire_choices":[{"floor":7,"key":"REST"},{"floor":15,"key":"REST"}],"circlet_count":0,"master_deck":["Strike_G","Strike_G","Strike_G+1","Strike_G","Defend_G","Defend_G","Defend_G","Defend_G","Defend_G","Survivor","Neutralize","Masterful Stab","Dagger Spray","Backflip","Outmaneuver","Poisoned Stab","Escape Plan+1","Doppelganger+1","Predator","Bandage Up","Setup","Dodge and Roll","PiercingWail","Skewer","Dagger Spray"],"relics":["Ring of the Snake","Bottled Flame","Mercury Hourglass","Orrery","Strawberry"],"acts_visited":["Exordium"],"potions_floor_usage":[4,16],"damage_taken":[{"damage":0,"enemies":"2 Louse","floor":1,"turns":2},{"damage":1,"enemies":"Cultist","floor":2,"turns":3},{"damage":0,"enemies":"Jaw Worm","floor":3,"turns":3},{"damage":4,"enemies":"Large Slime","floor":4,"turns":5},{"damage":40,"enemies":"Gremlin Nob","floor":6,"turns":5},{"damage":0,"enemies":"Looter","floor":8,"turns":3},{"damage":8,"enemies":"Blue Slaver","floor":11,"turns":4},{"damage":21,"enemies":"The Guardian","floor":16,"turns":9}],"seed_played":"-7693000249053098128","potions_obtained":[{"floor":1,"key":"Energy Potion"},{"floor":11,"key":"Energy Potion"}],"is_trial":false,"path_per_floor":["M","M","M","M","?","E","R","M","T","?","M","$","?","T","R","B"],"character_chosen":"THE_SILENT","items_purchased":["Bandage Up","Orrery"],"campfire_rested":2,"item_purchase_floors":[12,12],"current_hp_per_floor":[63,62,62,58,58,18,39,39,39,39,31,31,17,24,47,30,30],"gold":121,"neow_bonus":"TRANSFORM_CARD","is_daily":false,"chose_seed":false,"campfire_upgraded":0,"win_rate":0.0,"timestamp":1608293802,"path_taken":["M","M","M","M","?","E","R","M","T","?","?","?","?","?","R","BOSS"],"items_purchased_type":["Card","Relic"],"build_version":"2020-12-13","purchased_purges":1,"victory":false,"max_hp_per_floor":[70,70,70,70,70,70,70,70,70,70,70,70,70,77,77,77,77],"card_choices":[{"not_picked":["Riddle With Holes","Flying Knee"],"picked":"Dagger Spray","floor":1},{"not_picked":["Heel Hook","Well Laid Plans"],"picked":"Backflip","floor":2},{"not_picked":["Terror","Blade Dance"],"picked":"Outmaneuver","floor":3},{"not_picked":["Prepared","Reflex"],"picked":"Poisoned Stab","floor":4},{"not_picked":["Backstab","Expertise"],"picked":"Escape Plan","floor":6},{"not_picked":["Outmaneuver","Poisoned Stab"],"picked":"Doppelganger","floor":8},{"not_picked":["Calculated Gamble","Outmaneuver"],"picked":"Predator","floor":11},{"not_picked":["Noxious Fumes","Dodge and Roll"],"picked":"Setup","floor":12},{"not_picked":["Terror","Prepared"],"picked":"Dodge and Roll","floor":12},{"not_picked":["Dagger Spray","Terror"],"picked":"PiercingWail","floor":12},{"not_picked":["Venomology","Expertise"],"picked":"Skewer","floor":12},{"not_picked":["Outmaneuver","Glass Knife"],"picked":"Dagger Spray","floor":12}],"player_experience":636122,"relics_obtained":[{"floor":6,"key":"Bottled Flame"},{"floor":9,"key":"Mercury Hourglass"},{"floor":14,"key":"Strawberry"}],"event_choices":[{"damage_healed":0,"gold_gain":175,"player_choice":"AGREE","damage_taken":0,"max_hp_gain":0,"max_hp_loss":0,"event_name":"Liars Game","floor":5,"gold_loss":0,"cards_obtained":["Doubt"]},{"damage_healed":0,"gold_gain":0,"player_choice":"Upgraded","damage_taken":0,"max_hp_gain":0,"max_hp_loss":0,"event_name":"Upgrade Shrine","floor":10,"gold_loss":0,"cards_upgraded":["Doppelganger"]},{"damage_healed":0,"gold_gain":0,"player_choice":"Entered Light","damage_taken":14,"max_hp_gain":0,"max_hp_loss":0,"event_name":"Shining Light","floor":13,"gold_loss":0,"cards_upgraded":["Escape Plan","Strike_G"]}],"is_beta":false,"boss_relics":[],"items_purged_floors":[12],"is_endless":false,"potions_floor_spawned":[1,11],"killed_by":"The Guardian","ascension_level":7}}