{"host":"m3herrhkesxm9ooc","time":1608290694,"event":{"mods":["BaseMod","Hermit","Minty Spire (QoL Compilation)","StSLib","The Hierophant"],"gold_per_floor":[118,118,193,205,8,8,36,36,36,36,53,78,78,116,116,116,116],"floor_reached":16,"playtime":572,"items_purged":[],"score":186,"play_id":"80e9798d-17e0-4ee2-9b69-b1fe26dd7424","local_time":"20201218202454","is_ascension_mode":true,"campfire_choices":[{"floor":6,"key":"REST"},{"floor":8,"key":"REST"},{"data":"hermit:Headshot","floor":10,"key":"SMITH"},{"floor":15,"key":"REST"}],"circlet_count":0,"master_deck":["AscendersBane","hermit:Strike_Hermit","hermit:Strike_Hermit","hermit:Strike_Hermit","hermit:Strike_Hermit","hermit:Defend_Hermit","hermit:Defend_Hermit","hermit:Defend_Hermit","hermit:Defend_Hermit","hermit:Snapshot","hermit:Covet","hermit:HighCaliber+1","hermit:Shortfuse","hermit:Headshot+1","hermit:TakeCover","hermit:TrackingShot","hermit:BodyArmor"],"relics":["hermit:Momento","Smiling Mask","Strange Spoon","Omamori","Gremlin Horn","Odd Mushroom","Golden Idol","hermit:Horseshoe"],"acts_visited":["Exordium"],"potions_floor_usage":[7,14,16],"damage_taken":[{"damage":1,"enemies":"Cultist","floor":1,"turns":3},{"damage":4,"enemies":"2 Louse","floor":4,"turns":2},{"damage":30,"enemies":"3 Sentries","floor":7,"turns":7},{"damage":7,"enemies":"Jaw Worm","floor":11,"turns":2},{"damage":0,"enemies":"The Mushroom Lair","floor":12,"turns":2},{"damage":25,"enemies":"Lagavulin","floor":14,"turns":5},{"damage":49,"enemies":"The Guardian","floor":16,"turns":12}],"seed_played":"3896995029308472486","potions_obtained":[{"floor":7,"key":"BlessingOfTheForge"},{"floor":12,"key":"FearPotion"}],"is_trial":false,"path_per_floor":["M","?","?","M","$","R","E","R","T","R","M","?","?","E","R","B"],"character_chosen":"HERMIT","items_purchased":["Strange Spoon","Energy Potion"],"campfire_rested":3,"item_purchase_floors":[5,5],"current_hp_per_floor":[63,63,52,48,48,69,39,60,60,60,53,53,53,28,49,0,0],"gold":116,"neow_bonus":"RANDOM_COMMON_RELIC","is_daily":false,"chose_seed":false,"campfire_upgraded":1,"win_rate":0.0,"timestamp":1608290694,"path_taken":["M","?","?","M","$","R","E","R","T","R","M","?","?","E","R","BOSS"],"items_purchased_type":["Relic","Potion"],"build_version":"2020-12-13","purchased_purges":0,"victory":false,"max_hp_per_floor":[71,71,71,71,71,71,71,71,71,71,71,71,71,71,71,71,71],"card_choices":[{"not_picked":["hermit:Snipe","hermit:Ricochet"],"picked":"hermit:HighCaliber","floor":1},{"not_picked":["hermit:Desperado","hermit:CalledShot"],"picked":"hermit:Shortfuse","floor":4},{"not_picked":["hermit:WideOpen","hermit:TrackingShot"],"picked":"hermit:Headshot","floor":7},{"not_picked":["hermit:Snipe","hermit:FromBeyond"],"picked":"hermit:TakeCover","floor":11},{"not_picked":["hermit:Scavenge","hermit:Cheat"],"picked":"hermit:TrackingShot","floor":12},{"not_picked":["hermit:HoleUp","hermit:FatalDesire"],"picked":"hermit:BodyArmor","floor":14}],"player_experience":640919,"relics_obtained":[{"floor":7,"key":"Omamori"},{"floor":9,"key":"Gremlin Horn"},{"floor":12,"key":"Odd Mushroom"},{"floor":14,"key":"hermit:Horseshoe"}],"event_choices":[{"damage_healed":0,"gold_gain":0,"player_choice":"Grow","damage_taken":0,"max_hp_gain":0,"max_hp_loss":0,"event_name":"Living Wall","floor":2,"gold_loss":0,"cards_upgraded":["hermit:HighCaliber"]},{"damage_healed":0,"gold_gain":75,"player_choice":"Gather Gold","damage_taken":11,"max_hp_gain":0,"max_hp_loss":0,"event_name":"World of Goop","floor":3,"gold_loss":0},{"damage_healed":0,"gold_gain":0,"player_choice":"Fought Mushrooms","damage_taken":0,"max_hp_gain":0,"max_hp_loss":0,"event_name":"Mushrooms","floor":12,"gold_loss":0},{"damage_healed":0,"gold_gain":0,"player_choice":"Take Wound","damage_taken":0,"relics_obtained":["Golden Idol"],"max_hp_gain":0,"max_hp_loss":0,"event_name":"Golden Idol","floor":13,"gold_loss":0,"cards_obtained":["Injury"]}],"is_beta":false,"boss_relics":[],"items_purged_floors":[],"is_endless":false,"potions_floor_spawned":[7,12],"killed_by":"The Guardian","ascension_level":15}}