{"host":"y89x8uui45kcjy42","time":1608249983,"event":{"mods":["2.2 Compatiblity","BaseMod","CapriCore","Colored Map","Colored Powertips","Custom Start","Friendly Minions","Highlight Path","Keyboard Shortcuts","Minty Spire (QoL Compilation)","Relic Stats","Slay the Relics Exporter","StSLib","SuperFastMode","The Immortal","Waifu the Spire"],"gold_per_floor":[117,117,138,152,172,172,172,172],"floor_reached":6,"playtime":325,"items_purged":[],"score":40,"play_id":"55ff4a8c-b71a-4044-bdcc-c2d81eacb29b","local_time":"20201218090623","is_ascension_mode":true,"campfire_choices":[],"circlet_count":0,"master_deck":["MokouMod:Strike","MokouMod:Strike","MokouMod:Strike","MokouMod:Strike","MokouMod:Strike","MokouMod:Defend","MokouMod:Defend","MokouMod:Defend","MokouMod:Defend","MokouMod:HeatSpark","MokouMod:HouraiForge","MokouMod:TemporalFireSeal","MokouMod:FlamingFireTalons","MokouMod:Ember","MokouMod:PhoenixForm"],"relics":["MokouMod:PhoenixFeather","Golden Idol"],"acts_visited":["Exordium"],"potions_floor_usage":[],"damage_taken":[{"damage":5,"enemies":"Small Slimes","floor":1,"turns":4},{"damage":1,"enemies":"Cultist","floor":3,"turns":4},{"damage":14,"enemies":"Jaw Worm","floor":4,"turns":4},{"damage":20,"enemies":"Lots of Slimes","floor":5,"turns":5},{"damage":14,"enemies":"Gremlin Nob","floor":6,"turns":3}],"seed_played":"-86026751991844481","potions_obtained":[{"floor":3,"key":"DuplicationPotion"},{"floor":5,"key":"SpeedPotion"}],"is_trial":false,"path_per_floor":["M","?","M","M","M","E"],"character_chosen":"MKU","items_purchased":[],"campfire_rested":0,"item_purchase_floors":[],"current_hp_per_floor":[49,49,48,34,14,17,17,17],"gold":172,"neow_bonus":"THREE_RARE_CARDS","is_daily":false,"chose_seed":false,"campfire_upgraded":0,"win_rate":0.0,"timestamp":1608249983,"path_taken":["M","?","M","M","M","E"],"items_purchased_type":[],"build_version":"2020-12-13","purchased_purges":0,"victory":false,"max_hp_per_floor":[75,69,69,69,69,69,69,69],"relic_stats":{"counters":[5,20],"Golden Idol":11,"obtain_stats":[{"Golden Idol":2,"MokouMod:PhoenixFeather":0},{"Golden Idol":1,"MokouMod:PhoenixFeather":0},{"Golden Idol":4,"MokouMod:PhoenixFeather":0}]},"card_choices":[{"not_picked":["MokouMod:ResonatingAura","MokouMod:EnchantingBambooForest"],"picked":"MokouMod:HouraiForge","floor":0},{"not_picked":["MokouMod:BurningDraft","MokouMod:UncontrollableSolarReaction"],"picked":"MokouMod:TemporalFireSeal","floor":1},{"not_picked":["MokouMod:Combust","MokouMod:BlazingComet"],"picked":"MokouMod:FlamingFireTalons","floor":3},{"not_picked":["MokouMod:Stoke","MokouMod:AdaptivePyromancy"],"picked":"MokouMod:Ember","floor":4},{"not_picked":["MokouMod:Scorch","MokouMod:ScorchedEarth"],"picked":"MokouMod:PhoenixForm","floor":5}],"player_experience":506524,"relics_obtained":[],"event_choices":[{"damage_healed":0,"gold_gain":0,"player_choice":"Lose Max HP","damage_taken":0,"relics_obtained":["Golden Idol"],"max_hp_gain":0,"max_hp_loss":6,"event_name":"Golden Idol","floor":2,"gold_loss":0}],"is_beta":false,"boss_relics":[],"items_purged_floors":[],"is_endless":false,"potions_floor_spawned":[3,5],"killed_by":"Gremlin Nob","ascension_level":1}}