{"host":"poshtwjux72eqzmy","time":1608308859,"event":{"mods":["BaseMod","Bestiary","Block Reminder","Colored Powertips","Highlight Path","Minty Spire (QoL Compilation)","Quick Restart","Relic Stats","ojb\u0027s Info Mod"],"gold_per_floor":[109,125,136,155,173,206,206,233,233,266,266,18,18,0,0,72,72,117,42,62,100,113,113,141,141,167,167,167,227,267,280,280,357,357,400,400,400,470,15,74,74,153,224,257,299,366,455,554,554,554,614,614,614,120,158,158],"floor_reached":57,"playtime":6836,"items_purged":["Writhe","Judgement"],"score":3314,"play_id":"b3f7b98e-b937-44e2-b9a1-bbbccc5fa2ad","local_time":"20201218182739","is_ascension_mode":true,"campfire_choices":[{"data":"Eruption","floor":7.0,"key":"SMITH"},{"data":"CrushJoints","floor":11.0,"key":"SMITH"},{"data":"Halt","floor":15.0,"key":"SMITH"},{"data":"Scrawl","floor":23.0,"key":"SMITH"},{"data":"Scrawl","floor":25.0,"key":"SMITH"},{"data":"Adaptation","floor":27.0,"key":"SMITH"},{"floor":32.0,"key":"REST"},{"data":"Wish","floor":41.0,"key":"SMITH"},{"floor":49.0,"key":"RECALL"},{"data":"Omniscience","floor":53.0,"key":"SMITH"}],"circlet_count":0,"master_deck":["AscendersBane","Eruption+1","Vigilance+1","CrushJoints+1","Halt+1","Worship+1","Conclude+1","CutThroughFate+1","LessonLearned+1","BowlingBash+1","Wish+1","Scrawl+1","Scrawl+1","Devotion+1","EmptyBody+1","ReachHeaven+1","MasterReality+1","InnerPeace+1","WaveOfTheHand+1","EmptyBody+1","FearNoEvil+1","Adaptation+1","Protect+1","Omniscience+1","ThirdEye+1","Omniscience+1","LikeWater+1","LikeWater+1","Vengeance+1","LikeWater+1","Protect+1","Alpha+1","Fasting2+1","Study+1","Collect","WheelKick","FlurryOfBlows+1"],"relics":["PureWater","Bird Faced Urn","War Paint","Centennial Puzzle","The Courier","Sundial","Yang","Pandora\u0027s Box","Toy Ornithopter","Bag of Preparation","Frozen Egg 2","Potion Belt","Runic Dome","PreservedInsect","TeardropLocket","Mummified Hand","CloakClasp","CeramicFish","Prayer Wheel","Oddly Smooth Stone","Akabeko"],"acts_visited":["Exordium","TheCity","TheBeyond","TheEnding"],"potions_floor_usage":[56,56,56],"damage_taken":[{"damage":0.0,"enemies":"Cultist","floor":1.0,"turns":2.0},{"damage":0.0,"enemies":"Jaw Worm","floor":2.0,"turns":2.0},{"damage":1.0,"enemies":"2 Louse","floor":3.0,"turns":2.0},{"damage":0.0,"enemies":"Blue Slaver","floor":4.0,"turns":3.0},{"damage":16.0,"enemies":"Exordium Wildlife","floor":5.0,"turns":3.0},{"damage":22.0,"enemies":"Lagavulin","floor":6.0,"turns":7.0},{"damage":14.0,"enemies":"Gremlin Nob","floor":8.0,"turns":3.0},{"damage":0.0,"enemies":"Lagavulin","floor":10.0,"turns":4.0},{"damage":18.0,"enemies":"The Guardian","floor":16.0,"turns":8.0},{"damage":5.0,"enemies":"3 Byrds","floor":18.0,"turns":7.0},{"damage":11.0,"enemies":"Spheric Guardian","floor":20.0,"turns":4.0},{"damage":0.0,"enemies":"Centurion and Healer","floor":21.0,"turns":4.0},{"damage":7.0,"enemies":"3 Cultists","floor":22.0,"turns":5.0},{"damage":13.0,"enemies":"Slavers","floor":24.0,"turns":4.0},{"damage":0.0,"enemies":"Gremlin Leader","floor":29.0,"turns":6.0},{"damage":18.0,"enemies":"Shelled Parasite and Fungi","floor":30.0,"turns":5.0},{"damage":0.0,"enemies":"Cultist and Chosen","floor":31.0,"turns":3.0},{"damage":24.0,"enemies":"Champ","floor":33.0,"turns":9.0},{"damage":6.0,"enemies":"3 Shapes","floor":35.0,"turns":6.0},{"damage":0.0,"enemies":"3 Darklings","floor":38.0,"turns":4.0},{"damage":0.0,"enemies":"Giant Head","floor":40.0,"turns":4.0},{"damage":0.0,"enemies":"Sphere and 2 Shapes","floor":42.0,"turns":2.0},{"damage":0.0,"enemies":"Nemesis","floor":44.0,"turns":3.0},{"damage":0.0,"enemies":"Jaw Worm Horde","floor":45.0,"turns":5.0},{"damage":0.0,"enemies":"Giant Head","floor":46.0,"turns":2.0},{"damage":0.0,"enemies":"4 Shapes","floor":47.0,"turns":5.0},{"damage":0.0,"enemies":"Nemesis","floor":48.0,"turns":7.0},{"damage":31.0,"enemies":"Time Eater","floor":50.0,"turns":8.0},{"damage":0.0,"enemies":"Donu and Deca","floor":51.0,"turns":4.0},{"damage":0,"enemies":"Shield and Spear","floor":55,"turns":7},{"damage":65,"enemies":"The Heart","floor":56,"turns":11}],"seed_played":"-4471858969190060388","potions_obtained":[{"floor":2.0,"key":"FairyPotion"},{"floor":3.0,"key":"BlessingOfTheForge"},{"floor":5.0,"key":"DuplicationPotion"},{"floor":16.0,"key":"Ancient Potion"},{"floor":33.0,"key":"FearPotion"},{"floor":40.0,"key":"Dexterity Potion"},{"floor":47.0,"key":"EssenceOfSteel"}],"is_trial":false,"path_per_floor":["M","M","M","M","M","E","R","E","T","E","R","$","?","?","R","B",null,"M","?","M","M","M","R","E","R","T","R","?","E","M","M","R","B",null,"M","?","?","M","$","E","R","M","T","E","M","E","M","E","R","B","B",null,"R","$","E","B",null],"character_chosen":"WATCHER","items_purchased":["Yang","EmptyFist","PreservedInsect","TeardropLocket","LikeWater+1","Swift Potion","Fasting2+1","Study+1","Oddly Smooth Stone","Collect","Swift Potion","WheelKick"],"campfire_rested":1,"item_purchase_floors":[12,12,39,39,39,54,54,54,54,54,54,54],"current_hp_per_floor":[61,61,60,60,44,22,22,8,8,8,8,8,28,28,28,10,49,48,48,41,45,42,42,31,31,31,31,31,37,25,27,45,27,53,53,53,53,59,59,62,62,62,62,62,62,62,62,62,62,37,53,60,60,60,62,21],"gold":158,"neow_bonus":"ONE_RARE_RELIC","is_daily":false,"chose_seed":false,"campfire_upgraded":8,"win_rate":0.0,"timestamp":1608308859,"path_taken":["M","M","M","?","M","E","R","E","T","E","R","$","?","?","R","BOSS","M","?","M","M","M","R","E","R","T","R","?","E","M","M","R","BOSS","M","?","?","M","$","E","R","?","T","E","M","E","M","E","R","BOSS","BOSS","R","$","E","BOSS"],"items_purchased_type":["Relic","Card","Relic","Relic","Card","Potion","Card","Card","Relic","Card","Potion","Card"],"build_version":"2020-12-13","purchased_purges":2,"victory":true,"max_hp_per_floor":[62,62,62,62,62,62,62,62,62,62,62,62,62,62,62,62,62,62,62,62,62,62,62,62,62,62,62,62,62,62,62,62,62,62,62,62,62,62,62,62,62,62,62,62,62,62,62,62,62,62,62,62,62,62,62,62],"relic_stats":{"counters":[31,149],"CeramicFish":72,"Yang":[225],"PreservedInsect":437,"Bag of Preparation":[34],"CloakClasp":[170],"War Paint":["Defend_P","Worship"],"Centennial Puzzle":[30],"Sundial":[24],"Mummified Hand":[102],"Bird Faced Urn":[87],"Pandora\u0027s Box":["Scrawl","Judgement","Scrawl","Devotion","EmptyBody","ReachHeaven","WreathOfFlame","MasterReality"],"Prayer Wheel":0,"obtain_stats":[{"Potion Belt":29,"CeramicFish":46,"Oddly Smooth Stone":54,"Yang":12,"The Courier":9,"PreservedInsect":39,"Bag of Preparation":26,"CloakClasp":44,"TeardropLocket":39,"War Paint":6,"Frozen Egg 2":28,"Akabeko":55,"Runic Dome":34,"Centennial Puzzle":8,"Sundial":10,"Mummified Hand":40,"Bird Faced Urn":0,"Pandora\u0027s Box":17,"Prayer Wheel":48,"PureWater":0,"Toy Ornithopter":24},{"Potion Belt":15,"CeramicFish":25,"Oddly Smooth Stone":29,"Yang":8,"The Courier":7,"PreservedInsect":20,"Bag of Preparation":14,"CloakClasp":23,"TeardropLocket":20,"War Paint":6,"Frozen Egg 2":14,"Akabeko":30,"Runic Dome":18,"Centennial Puzzle":7,"Sundial":8,"Mummified Hand":21,"Bird Faced Urn":0,"Pandora\u0027s Box":9,"Prayer Wheel":27,"PureWater":0,"Toy Ornithopter":14},{"Potion Belt":64,"CeramicFish":107,"Oddly Smooth Stone":131,"Yang":26,"The Courier":22,"PreservedInsect":91,"Bag of Preparation":58,"CloakClasp":100,"TeardropLocket":91,"War Paint":19,"Frozen Egg 2":58,"Akabeko":138,"Runic Dome":81,"Centennial Puzzle":22,"Sundial":26,"Mummified Hand":95,"Bird Faced Urn":0,"Pandora\u0027s Box":34,"Prayer Wheel":119,"PureWater":0,"Toy Ornithopter":58}],"Toy Ornithopter":14},"card_choices":[{"not_picked":["FlurryOfBlows","Prostrate"],"picked":"CrushJoints","floor":1.0},{"not_picked":["Crescendo","Worship"],"picked":"Halt","floor":2.0},{"not_picked":["Prostrate","ForeignInfluence"],"picked":"Worship","floor":3.0},{"not_picked":["MentalFortress","CrushJoints"],"picked":"Conclude","floor":4.0},{"not_picked":["CrushJoints","Worship"],"picked":"CutThroughFate","floor":5.0},{"not_picked":["Evaluate","FlyingSleeves","Prostrate"],"picked":"SKIP","floor":6.0},{"not_picked":["PathToVictory","Prostrate"],"picked":"LessonLearned","floor":8.0},{"not_picked":["Consecrate","CutThroughFate"],"picked":"BowlingBash","floor":10.0},{"not_picked":["DeusExMachina","Judgement"],"picked":"Wish","floor":16.0},{"not_picked":["CrushJoints","Crescendo"],"picked":"InnerPeace+1","floor":18.0},{"not_picked":["Prostrate","ClearTheMind"],"picked":"WaveOfTheHand","floor":20.0},{"not_picked":["CarveReality+1","CrushJoints"],"picked":"EmptyBody+1","floor":21.0},{"not_picked":["SashWhip","Evaluate"],"picked":"FearNoEvil+1","floor":22.0},{"not_picked":["Scrawl","Meditate"],"picked":"Adaptation","floor":24.0},{"not_picked":["Prostrate","Weave+1"],"picked":"Protect","floor":29.0},{"not_picked":["Worship","Weave+1","SashWhip"],"picked":"SKIP","floor":30.0},{"not_picked":["FollowUp","EmptyBody","Pray+1"],"picked":"SKIP","floor":31.0},{"not_picked":["Blasphemy","DeusExMachina"],"picked":"Omniscience","floor":33.0},{"not_picked":["FlyingSleeves","Vengeance"],"picked":"ThirdEye","floor":35.0},{"not_picked":["FollowUp+1","BowlingBash","WindmillStrike"],"picked":"SKIP","floor":38.0},{"not_picked":["Perseverance","FlyingSleeves","WreathOfFlame"],"picked":"SKIP","floor":40.0},{"not_picked":["Perseverance","Evaluate"],"picked":"LikeWater+1","floor":42.0},{"not_picked":["WaveOfTheHand","CrushJoints+1"],"picked":"Vengeance+1","floor":44.0},{"not_picked":["FollowUp","Adaptation+1","CarveReality+1"],"picked":"SKIP","floor":45.0},{"not_picked":["FlyingSleeves+1","FlurryOfBlows+1"],"picked":"LikeWater+1","floor":46.0},{"not_picked":["ReachHeaven","ThirdEye"],"picked":"Protect+1","floor":47.0},{"not_picked":["Perseverance","Swivel"],"picked":"Alpha","floor":48.0},{"not_picked":["FollowUp","Evaluate"],"picked":"FlurryOfBlows+1","floor":55}],"player_experience":961732,"relics_obtained":[{"floor":6.0,"key":"War Paint"},{"floor":8.0,"key":"Centennial Puzzle"},{"floor":9.0,"key":"The Courier"},{"floor":10.0,"key":"Sundial"},{"floor":24.0,"key":"Toy Ornithopter"},{"floor":26.0,"key":"Bag of Preparation"},{"floor":29.0,"key":"Potion Belt"},{"floor":40.0,"key":"Mummified Hand"},{"floor":44.0,"key":"CloakClasp"},{"floor":46.0,"key":"CeramicFish"},{"floor":48.0,"key":"Prayer Wheel"},{"floor":55,"key":"Akabeko"}],"event_choices":[{"damage_healed":20.0,"max_hp_gain":0.0,"max_hp_loss":0.0,"gold_gain":0.0,"event_name":"Big Fish","player_choice":"Banana","floor":13.0,"gold_loss":0.0,"damage_taken":0.0},{"damage_healed":0.0,"max_hp_gain":0.0,"max_hp_loss":0.0,"gold_gain":0.0,"event_name":"World of Goop","player_choice":"Left Gold","floor":14.0,"gold_loss":18.0,"damage_taken":0.0},{"cards_removed":["WreathOfFlame"],"damage_healed":0.0,"max_hp_gain":0.0,"max_hp_loss":0.0,"gold_gain":0.0,"event_name":"Beggar","player_choice":"Gave Gold","floor":19.0,"gold_loss":75.0,"damage_taken":0.0},{"damage_healed":0.0,"max_hp_gain":0.0,"max_hp_loss":0.0,"gold_gain":0.0,"event_name":"The Mausoleum","player_choice":"Opened","floor":28.0,"gold_loss":0.0,"damage_taken":0.0,"relics_obtained":["Frozen Egg 2"],"cards_obtained":["Writhe"]},{"cards_removed":["EmptyFist"],"damage_healed":0.0,"max_hp_gain":0.0,"max_hp_loss":0.0,"gold_gain":0.0,"event_name":"Falling","player_choice":"Removed Attack","floor":36.0,"gold_loss":0.0,"damage_taken":0.0},{"damage_healed":0.0,"max_hp_gain":0.0,"max_hp_loss":0.0,"gold_gain":0.0,"event_name":"Duplicator","player_choice":"Copied","floor":37.0,"gold_loss":0.0,"damage_taken":0.0,"cards_obtained":["Omniscience"]}],"is_beta":false,"boss_relics":[{"not_picked":["HolyWater","Velvet Choker"],"picked":"Pandora\u0027s Box"},{"not_picked":["Runic Pyramid","Sozu"],"picked":"Runic Dome"}],"items_purged_floors":[39,54],"is_endless":false,"potions_floor_spawned":[2,3,5,16,20,21,33,40,47,48],"ascension_level":20}}