{"host":"bixuo0n4q745us7v","time":1608310015,"event":{"mods":["2.2 Compatiblity","Act Like it!","BaseMod","Beaked The Cultist","Block Reminder","Custom Start","Downfall","Minty Spire (QoL Compilation)","Relic Sorter","Robot Space Explorer","StSLib","The Cursed"],"gold_per_floor":[210,224,243,12,26,51,51,63,88,98,98,108,126,126,126,221,271,282,3,15,15,15,25,56,56,56,76,76,93,19,35,35,137,137,157,170,170,186,21,53,68,68,95,95,95,95],"floor_reached":45,"playtime":4704,"items_purged":["beaked:Defend_Y","beaked:Defend_Y"],"score":546,"play_id":"f164b58d-3b36-4442-b730-aafd170171f2","local_time":"20201218174655","is_ascension_mode":false,"campfire_choices":[{"floor":7,"key":"REST"},{"data":"beaked:Flinch","floor":11,"key":"SMITH"},{"data":"beaked:Foresight","floor":15,"key":"SMITH"},{"floor":44,"key":"REST"}],"circlet_count":0,"master_deck":["beaked:Strike_Y","beaked:Strike_Y","beaked:Strike_Y","beaked:Strike_Y","beaked:Strike_Y","beaked:Strike_Y","beaked:Defend_Y","beaked:Defend_Y","beaked:Ceremony","beaked:Ceremony+1","beaked:Ceremony","beaked:Brace","beaked:Flinch+1","beaked:Windmill","beaked:Foresight+1","beaked:Flinch+1","beaked:BraceForImpact+1","beaked:CursingBlood+1","beaked:WarriorSpirit+1","beaked:KnowThyFoe+1","beaked:Insight","beaked:Windmill+1","Metamorphosis+1","beaked:Overpower","J.A.X.+1","beaked:Evade+1","beaked:Brace+1","beaked:VigorBurst+1","beaked:WindBringer","beaked:Roost+1","beaked:Foresight+1","beaked:VigorBurst+1","beaked:Brace+1","beaked:Brace+1","beaked:CursingBlood+1"],"relics":["beaked:MendingPlumage","Sling","Toxic Egg 2","Dream Catcher","Oddly Smooth Stone","Tiny House","Happy Flower","The Courier","Sozu","beaked:ThroatLozenge","Question Card","Nunchaku"],"acts_visited":["Exordium","TheCity","TheBeyond"],"potions_floor_usage":[12,12,16,18,20,24,24,27,27,33,36],"damage_taken":[{"damage":11,"enemies":"2 Louse","floor":1,"turns":4},{"damage":19,"enemies":"Small Slimes","floor":2,"turns":5},{"damage":6,"enemies":"Jaw Worm","floor":3,"turns":6},{"damage":13,"enemies":"Exordium Wildlife","floor":5,"turns":5},{"damage":38,"enemies":"3 Sentries","floor":6,"turns":8},{"damage":16,"enemies":"Blue Slaver","floor":8,"turns":5},{"damage":4,"enemies":"3 Louse","floor":10,"turns":5},{"damage":7,"enemies":"Looter","floor":12,"turns":4},{"damage":4,"enemies":"Large Slime","floor":13,"turns":6},{"damage":30,"enemies":"The Guardian","floor":16,"turns":10},{"damage":11,"enemies":"Spheric Guardian","floor":18,"turns":7},{"damage":10,"enemies":"Chosen","floor":20,"turns":6},{"damage":33,"enemies":"Centurion and Healer","floor":23,"turns":6},{"damage":39,"enemies":"Slavers","floor":24,"turns":6},{"damage":30,"enemies":"3 Cultists","floor":27,"turns":7},{"damage":18,"enemies":"Chosen and Byrds","floor":29,"turns":6},{"damage":5,"enemies":"Shelled Parasite and Fungi","floor":31,"turns":7},{"damage":52,"enemies":"Collector","floor":33,"turns":9},{"damage":46,"enemies":"3 Darklings","floor":35,"turns":7},{"damage":3,"enemies":"3 Shapes","floor":36,"turns":5},{"damage":24,"enemies":"Maw","floor":38,"turns":7},{"damage":22,"enemies":"Giant Head","floor":40,"turns":8},{"damage":54,"enemies":"3 Darklings","floor":41,"turns":6},{"damage":73,"enemies":"4 Shapes","floor":45,"turns":3}],"seed_played":"3315941154019750545","potions_obtained":[{"floor":2,"key":"Guardian:BlockOnCardUsePotion"},{"floor":3,"key":"FearPotion"},{"floor":10,"key":"BlessingOfTheForge"},{"floor":12,"key":"LiquidBronze"},{"floor":16,"key":"SpeedPotion"},{"floor":17,"key":"Energy Potion"},{"floor":18,"key":"beaked:MendingBrew"},{"floor":23,"key":"champ:CounterPotion"},{"floor":24,"key":"Weak Potion"},{"floor":31,"key":"SteroidPotion"}],"is_trial":false,"path_per_floor":["M","M","M","$","M","E","R","M","T","M","R","M","M","?","R","B",null,"M","$","M","?","?","M","E","R","T","M","?","M","$","M","R","B",null,"M","M","?","M","$","E","M","?","T","R","M"],"character_chosen":"BEAKED_THE_CULTIST","items_purchased":["Sling","Metamorphosis+1","beaked:Roost+1","Strength Potion","beaked:ThroatLozenge","beaked:Brace+1"],"campfire_rested":2,"item_purchase_floors":[4,19,30,30,39,39],"current_hp_per_floor":[47,41,48,48,49,30,45,44,44,50,50,50,50,43,43,48,55,55,55,55,55,55,41,46,46,46,46,46,51,51,60,60,43,60,46,64,64,65,65,65,29,29,29,48,0,0],"gold":95,"neow_bonus":"HUNDRED_GOLD","is_daily":false,"chose_seed":false,"campfire_upgraded":2,"win_rate":0.0,"timestamp":1608310015,"path_taken":["M","M","M","$","M","E","R","M","T","M","R","M","M","?","R","BOSS","M","$","M","?","?","M","E","R","T","M","?","?","$","M","R","BOSS","M","M","?","M","$","E","M","?","T","R","M"],"items_purchased_type":["Relic","Card","Card","Potion","Relic","Card"],"build_version":"2020-12-13","purchased_purges":2,"victory":false,"max_hp_per_floor":[50,50,50,50,50,50,50,50,50,50,50,50,50,50,50,50,55,55,55,55,55,55,55,55,55,55,60,60,60,60,60,60,60,60,65,65,65,65,65,65,65,65,65,65,65,65],"card_choices":[{"not_picked":["beaked:Resilience","beaked:Molting"],"picked":"beaked:Brace","floor":1},{"not_picked":["beaked:Tweet","beaked:DigDeep"],"picked":"beaked:Flinch","floor":2},{"not_picked":["beaked:BraceForImpact","beaked:Redirect"],"picked":"beaked:Windmill","floor":3},{"not_picked":["beaked:RitualOfBody","beaked:Windmill"],"picked":"beaked:Foresight","floor":5},{"not_picked":["beaked:Pecker","beaked:Tweet+1"],"picked":"beaked:Flinch+1","floor":6},{"not_picked":["beaked:BloodForTheGods+1","beaked:DigDeep+1"],"picked":"beaked:BraceForImpact+1","floor":8},{"not_picked":["beaked:Poke","beaked:Insight","beaked:BloodForTheGods+1"],"picked":"SKIP","floor":10},{"not_picked":["beaked:Poke","beaked:Insight","beaked:BloodForTheGods+1"],"picked":"SKIP","floor":10},{"not_picked":["beaked:Poke","beaked:Insight","beaked:BloodForTheGods+1"],"picked":"SKIP","floor":10},{"not_picked":["beaked:WildInstinct","beaked:Flinch+1"],"picked":"beaked:CursingBlood+1","floor":12},{"not_picked":["beaked:SurvivalInstinct+1","beaked:Brace+1"],"picked":"beaked:WarriorSpirit+1","floor":13},{"not_picked":["beaked:Sacrifice","beaked:FullHouse+1"],"picked":"beaked:KnowThyFoe+1","floor":16},{"not_picked":["beaked:SacrificialAttack","beaked:BloodRitual+1"],"picked":"beaked:Insight","floor":17},{"not_picked":["beaked:Molting+1","beaked:Replenish+1"],"picked":"beaked:Windmill+1","floor":18},{"not_picked":["beaked:Windmill+1","beaked:Roost+1"],"picked":"beaked:Overpower","floor":20},{"not_picked":["beaked:Replenish+1","beaked:Cower+1"],"picked":"beaked:Evade+1","floor":23},{"not_picked":["beaked:Brainwash+1","beaked:Replenish+1"],"picked":"beaked:Brace+1","floor":24},{"not_picked":["beaked:Roost+1","beaked:SacrificialDive+1"],"picked":"beaked:VigorBurst+1","floor":27},{"not_picked":["beaked:Recite+1","beaked:WarriorEssence","beaked:Cower+1"],"picked":"SKIP","floor":29},{"not_picked":["beaked:Recite+1","beaked:Resilience+1"],"picked":"beaked:Foresight+1","floor":31},{"not_picked":["beaked:WildInstinct","beaked:DarkPact+1"],"picked":"beaked:ScreechingChant+1","floor":33},{"not_picked":["beaked:Tradeoff+1","beaked:Resilience+1"],"picked":"beaked:VigorBurst+1","floor":35},{"not_picked":["beaked:Foresight+1","beaked:Resilience+1","beaked:MachineSpirit+1"],"picked":"SKIP","floor":36},{"not_picked":["beaked:DigDeep+1","beaked:TuckingFeathers+1","beaked:FeelMyPain+1"],"picked":"SKIP","floor":38},{"not_picked":["beaked:WarriorEssence+1","beaked:BounceBack+1","beaked:Overexert+1"],"picked":"SKIP","floor":40},{"not_picked":["beaked:Flinch+1","beaked:WarriorEssence+1","beaked:Insight"],"picked":"beaked:Brace+1","floor":41},{"not_picked":["beaked:DigDeep+1","beaked:BraceForImpact+1","beaked:Cower+1"],"picked":"beaked:CursingBlood+1","floor":44}],"player_experience":592056,"relics_obtained":[{"floor":6,"key":"Toxic Egg 2"},{"floor":9,"key":"Dream Catcher"},{"floor":24,"key":"Happy Flower"},{"floor":26,"key":"The Courier"},{"floor":40,"key":"Question Card"},{"floor":43,"key":"Nunchaku"}],"event_choices":[{"damage_healed":0,"gold_gain":0,"player_choice":"Success","damage_taken":7,"relics_obtained":["Oddly Smooth Stone"],"max_hp_gain":0,"max_hp_loss":0,"event_name":"Scrap Ooze","floor":14,"gold_loss":0},{"damage_healed":0,"gold_gain":0,"player_choice":"Obtain J.A.X.","damage_taken":0,"max_hp_gain":0,"max_hp_loss":0,"event_name":"Drug Dealer","floor":21,"gold_loss":0,"cards_obtained":["J.A.X."]},{"damage_healed":0,"gold_gain":0,"player_choice":"Read","damage_taken":0,"max_hp_gain":0,"max_hp_loss":0,"event_name":"The Library","floor":28,"gold_loss":0,"cards_obtained":["beaked:WindBringer"]},{"cards_removed":["beaked:ScreechingChant"],"damage_healed":0,"gold_gain":0,"player_choice":"Removed Skill","damage_taken":0,"max_hp_gain":0,"max_hp_loss":0,"event_name":"Falling","floor":37,"gold_loss":0},{"damage_healed":0,"gold_gain":0,"player_choice":"Ignored","damage_taken":0,"max_hp_gain":0,"max_hp_loss":0,"event_name":"Mysterious Sphere","floor":42,"gold_loss":0}],"is_beta":false,"boss_relics":[{"not_picked":["Snecko Eye","Ectoplasm"],"picked":"Tiny House"},{"not_picked":["SlaversCollar","Runic Pyramid"],"picked":"Sozu"}],"items_purged_floors":[4,19],"is_endless":false,"potions_floor_spawned":[2,3,10,12,16,18,23,24,31,36,38,41],"killed_by":"4 Shapes","ascension_level":0}}