{"host":"e1hsr9gtjq2d74pi","time":1608251749,"event":{"mods":["Act Like it!","BaseMod","Beaked The Cultist","BetterRewards","Clockwork Mod","Conspire","Downfall","Hermit","Hero for Fun","Hubris","Marisa????????","Minty Spire (QoL Compilation)","Shop Mod","Spicy Shops","StSLib","The Animator","The Construct","The Cursed","The Servant 0.9.4","UnlockEverythingMod"],"gold_per_floor":[110,121,121,139,139,174,174,185,185,260,260,210,210,225,225,325,325,341,357,357,367,43,53,53,66,66,66,81,81,94,106,106,203,203,220,220,120,135,148,148,167,167,167,199,199,199,249,302,302,302,302],"floor_reached":50,"playtime":1596,"items_purged":["construct:Strike_Gold","construct:Defend_Gold"],"score":499,"play_id":"9e21323a-1093-4c1e-aa7d-32ca1fd641a3","local_time":"20201217163549","is_ascension_mode":false,"campfire_choices":[{"data":"construct:ShiftStrike+1","floor":7,"key":"SMITH"},{"data":"construct:GatlingGun","floor":11,"key":"SMITH"},{"data":"construct:GatlingGun+1","floor":13,"key":"SMITH"},{"data":"construct:Missile","floor":15,"key":"SMITH"},{"floor":32,"key":"REST"},{"data":"construct:ForceCore","floor":40,"key":"SMITH"},{"data":"construct:ForceCore+1","floor":42,"key":"SMITH"},{"data":"hubris:DuctTapeCard","floor":45,"key":"SMITH"},{"floor":49,"key":"REST"}],"circlet_count":0,"master_deck":["construct:Strike_Gold","construct:Strike_Gold","construct:Defend_Gold","construct:Defend_Gold","construct:Defend_Gold","construct:Defend_Gold","construct:DefenseMode","construct:Missile+1","construct:ForceCore+2","construct:GatlingGun+2","construct:Reinforce","construct:HyperBeam","construct:SuppressiveFire+1","construct:Autoturret","hubris:DuctTapeCard+3","construct:Autoturret+1"],"relics":["construct:ClockworkPhoenix","NeowsBlessing","construct:FoamFinger","conspire:TopHat","hubris:VirtuousBlindfold","hubris:DuctTape","Bottled Lightning","hubris:RunicObelisk","conspire:Flyswatter","Potion Belt","hubris:Potato","Boot"],"acts_visited":["Exordium","TheCity","TheBeyond"],"potions_floor_usage":[6,14,30,31,31,33,39,50,50],"damage_taken":[{"damage":0,"enemies":"Cultist","floor":1,"turns":1},{"damage":0,"enemies":"Small Slimes","floor":2,"turns":2},{"damage":0,"enemies":"2 Louse","floor":4,"turns":1},{"damage":0,"enemies":"Gremlin Nob","floor":6,"turns":2},{"damage":10,"enemies":"Looter","floor":8,"turns":2},{"damage":0,"enemies":"Exordium Thugs","floor":14,"turns":3},{"damage":28,"enemies":"Hexaghost","floor":16,"turns":4},{"damage":4,"enemies":"3 Byrds","floor":18,"turns":4},{"damage":20,"enemies":"2 Thieves","floor":19,"turns":2},{"damage":0,"enemies":"Centurion and Healer","floor":21,"turns":3},{"damage":6,"enemies":"Cultist and Chosen","floor":23,"turns":3},{"damage":18,"enemies":"conspire:HollyBat","floor":25,"turns":5},{"damage":10,"enemies":"Sentry and Sphere","floor":28,"turns":3},{"damage":0,"enemies":"Snecko","floor":30,"turns":2},{"damage":0,"enemies":"Centurion and Healer","floor":31,"turns":4},{"damage":35,"enemies":"hubris:MusketHawk","floor":33,"turns":6},{"damage":37,"enemies":"3 Shapes","floor":35,"turns":4},{"damage":0,"enemies":"Orb Walker","floor":38,"turns":1},{"damage":4,"enemies":"Transient","floor":39,"turns":5},{"damage":9,"enemies":"Sphere and 2 Shapes","floor":41,"turns":2},{"damage":17,"enemies":"Giant Head","floor":44,"turns":5},{"damage":6,"enemies":"Mind Bloom Boss Battle","floor":47,"turns":3},{"damage":49,"enemies":"Awakened One","floor":50,"turns":3}],"seed_played":"-2054846673465351083","potions_obtained":[{"floor":2,"key":"LiquidMemories"},{"floor":8,"key":"Block Potion"},{"floor":21,"key":"BlessingOfTheForge"},{"floor":25,"key":"ColorlessPotion"},{"floor":30,"key":"Block Potion"},{"floor":31,"key":"FearPotion"},{"floor":38,"key":"SpeedPotion"},{"floor":44,"key":"BlessingOfTheForge"},{"floor":47,"key":"Explosive Potion"}],"is_trial":false,"path_per_floor":["M","M","$","M","?","E","R","M","T","?","R","?","R","M","R","B",null,"M","M","?","M","$","M","$","M","T","?","M","?","M","M","R","B",null,"M","?","$","M","M","R","M","R","T","E","R","?","?","T","R","B"],"character_chosen":"THE_CONSTRUCT_MOD","items_purchased":["hubris:DuctTape"],"campfire_rested":2,"item_purchase_floors":[22],"current_hp_per_floor":[85,85,85,85,85,85,85,75,75,64,64,64,64,64,64,36,85,81,61,61,61,61,55,55,37,37,37,27,11,11,11,38,3,90,53,53,53,53,49,49,40,40,40,23,23,23,17,17,44,0,0],"gold":302,"neow_bonus":"THREE_ENEMY_KILL","is_daily":false,"chose_seed":false,"campfire_upgraded":7,"win_rate":0.0,"timestamp":1608251749,"path_taken":["M","M","$","M","?","E","R","M","T","?","R","?","R","M","R","BOSS","M","M","?","M","$","M","?","M","T","?","M","?","M","M","R","BOSS","M","?","$","M","M","R","M","R","T","E","R","?","?","?","R","BOSS"],"items_purchased_type":["Relic"],"build_version":"2020-12-13","purchased_purges":2,"victory":false,"max_hp_per_floor":[85,85,85,85,85,85,85,85,85,85,85,85,85,85,85,85,85,85,85,85,85,85,85,85,85,85,85,85,90,90,90,90,90,90,90,90,90,90,90,90,90,90,90,90,90,90,90,90,90,90,90],"card_choices":[{"not_picked":["construct:ClusterMines","construct:SyphonStrike"],"picked":"construct:Missile","floor":1},{"not_picked":["construct:Tumble","construct:Hazardproof"],"picked":"construct:ShiftStrike","floor":2},{"not_picked":["construct:Antimatter","construct:Enhance"],"picked":"construct:ForceCore","floor":4},{"not_picked":["construct:Implosion","construct:Rollout","construct:FocusedBeam"],"picked":"SKIP","floor":6},{"not_picked":["construct:Analyze","construct:BlazingSpeed"],"picked":"construct:GatlingGun","floor":8},{"not_picked":["construct:Construct_Overclock","construct:Boost"],"picked":"construct:Reinforce","floor":14},{"not_picked":["construct:DarkFlames","construct:Reserves"],"picked":"construct:HyperBeam","floor":16},{"not_picked":["construct:Hazardproof+1","construct:Backup"],"picked":"construct:SuppressiveFire+1","floor":18},{"not_picked":["construct:Versatility","construct:FierceBash","construct:SyphonStrike"],"picked":"SKIP","floor":19},{"not_picked":["construct:FierceBash+1","construct:SaveState"],"picked":"construct:Autoturret","floor":21},{"not_picked":["construct:Dampening","construct:SaveState","construct:Anticipate+1"],"picked":"SKIP","floor":23},{"not_picked":["construct:FlammableFog","construct:OilSpill","construct:Antimatter"],"picked":"SKIP","floor":25},{"not_picked":["construct:OneWayMirror","construct:SweepLaser+1","construct:ClusterMines+1"],"picked":"SKIP","floor":28},{"not_picked":["construct:ShiftGuard","construct:Rollout","construct:MassProduction"],"picked":"SKIP","floor":30},{"not_picked":["construct:VentSteam","construct:Backfire+1","construct:HeavyBolt"],"picked":"SKIP","floor":31},{"not_picked":["construct:Agitation+1","construct:Electrocute+1"],"picked":"construct:Autoturret+1","floor":35},{"not_picked":["construct:Boost+1","construct:MoltenSmash","construct:BatteryAcid"],"picked":"SKIP","floor":38},{"not_picked":["construct:FocusedBeam","construct:SweepLaser+1","construct:Anticipate"],"picked":"SKIP","floor":39},{"not_picked":["construct:SaveState","construct:FlashFreeze","construct:FlammableFog+1"],"picked":"SKIP","floor":41},{"not_picked":["construct:Anticipate+1","construct:Analyze","construct:Rollout"],"picked":"SKIP","floor":44}],"player_experience":442523,"relics_obtained":[{"floor":6,"key":"construct:FoamFinger"},{"floor":9,"key":"conspire:TopHat"},{"floor":26,"key":"Bottled Lightning"},{"floor":43,"key":"conspire:Flyswatter"},{"floor":44,"key":"Potion Belt"},{"floor":47,"key":"hubris:Potato"},{"floor":48,"key":"Boot"}],"event_choices":[{"damage_healed":0,"gold_gain":0,"player_choice":"Grow","damage_taken":0,"max_hp_gain":0,"max_hp_loss":0,"event_name":"Living Wall","floor":5,"gold_loss":0,"cards_upgraded":["construct:ShiftStrike"]},{"damage_healed":0,"gold_gain":75,"player_choice":"Gather Gold","damage_taken":11,"max_hp_gain":0,"max_hp_loss":0,"event_name":"World of Goop","floor":10,"gold_loss":0},{"cards_removed":["construct:Strike_Gold"],"damage_healed":0,"gold_gain":0,"player_choice":"Card Removal","damage_taken":0,"max_hp_gain":0,"max_hp_loss":0,"event_name":"The Cleric","floor":12,"gold_loss":50},{"cards_removed":["construct:Strike_Gold"],"damage_healed":0,"gold_gain":0,"player_choice":"Offered Basic","damage_taken":0,"max_hp_gain":0,"max_hp_loss":0,"event_name":"Bonfire Elementals","floor":20,"gold_loss":0},{"damage_healed":0,"gold_gain":0,"player_choice":"Shed Blood","damage_taken":21,"max_hp_gain":5,"max_hp_loss":0,"event_name":"Forgotten Altar","floor":29,"gold_loss":0},{"damage_healed":0,"gold_gain":0,"player_choice":"Leave","damage_taken":0,"max_hp_gain":0,"max_hp_loss":0,"event_name":"conspire:Investor","floor":46,"gold_loss":0},{"damage_healed":0,"gold_gain":0,"player_choice":"Fight","damage_taken":0,"max_hp_gain":0,"max_hp_loss":0,"event_name":"MindBloom","floor":47,"gold_loss":0}],"is_beta":false,"boss_relics":[{"not_picked":["hubris:Stopwatch","Ectoplasm"],"picked":"hubris:VirtuousBlindfold"},{"not_picked":["Pandora\u0027s Box","conspire:RunicOctahedron"],"picked":"hubris:RunicObelisk"}],"items_purged_floors":[22,37],"is_endless":false,"potions_floor_spawned":[2,8,21,25,30,31,38,44,47],"killed_by":"Awakened One","ascension_level":0}}