{"host":"m3herrhkesxm9ooc","time":1608255961,"event":{"mods":["BaseMod","Hermit","Minty Spire (QoL Compilation)","StSLib","The Hierophant"],"gold_per_floor":[119,135,74,39,57,57,87,106,156,156,207,54,54,80,80,80,80],"floor_reached":16,"playtime":699,"items_purged":[],"score":189,"play_id":"3945d610-aa4c-4543-bb15-78195a2f50a0","local_time":"20201218104601","is_ascension_mode":true,"campfire_choices":[{"data":"hermit:Maintenance","floor":6.0,"key":"SMITH"},{"floor":13,"key":"REST"},{"floor":15,"key":"REST"}],"circlet_count":0,"master_deck":["AscendersBane","hermit:Strike_Hermit","hermit:Strike_Hermit","hermit:Strike_Hermit","hermit:Strike_Hermit","hermit:Defend_Hermit","hermit:Defend_Hermit","hermit:Defend_Hermit","hermit:Defend_Hermit","hermit:Snapshot","hermit:Covet","hermit:Maintenance+1","hermit:Ricochet","hermit:Coalescence","hermit:TakeAim","hermit:Ricochet","hermit:CursedWeapon"],"relics":["hermit:Momento","Pantograph","Centennial Puzzle","Tiny Chest","Pen Nib"],"acts_visited":["Exordium"],"potions_floor_usage":[7,14,16],"damage_taken":[{"damage":4.0,"enemies":"Jaw Worm","floor":1.0,"turns":4.0},{"damage":7.0,"enemies":"2 Louse","floor":2.0,"turns":3.0},{"damage":5.0,"enemies":"Small Slimes","floor":5.0,"turns":3.0},{"damage":15,"enemies":"Gremlin Nob","floor":7,"turns":4},{"damage":26,"enemies":"Exordium Thugs","floor":8,"turns":6},{"damage":34,"enemies":"Lagavulin","floor":14,"turns":7},{"damage":54,"enemies":"Hexaghost","floor":16,"turns":9}],"seed_played":"2420671244771188522","potions_obtained":[{"floor":0.0,"key":"DuplicationPotion"},{"floor":0.0,"key":"SmokeBomb"},{"floor":2.0,"key":"DuplicationPotion"},{"floor":8,"key":"hermit:Eclipse"}],"is_trial":false,"path_per_floor":["M","M","?","?","M","R","E","M","T","?","?","$","R","E","R","B"],"character_chosen":"HERMIT","items_purchased":["Tiny Chest"],"campfire_rested":2,"item_purchase_floors":[12],"current_hp_per_floor":[60,53,53,70,65,65,50,24,24,47,47,47,68,34,55,17,17],"gold":80,"neow_bonus":"THREE_SMALL_POTIONS","is_daily":false,"chose_seed":false,"campfire_upgraded":1,"win_rate":0.0,"timestamp":1608255961,"path_taken":["M","M","?","?","M","R","E","M","T","?","?","?","R","E","R","BOSS"],"items_purchased_type":["Relic"],"build_version":"2020-12-13","purchased_purges":0,"victory":false,"max_hp_per_floor":[71,71,71,71,71,71,71,71,71,71,71,71,71,71,71,71,71],"card_choices":[{"not_picked":["hermit:LowProfile","hermit:Feint"],"picked":"hermit:Maintenance","floor":1.0},{"not_picked":["hermit:Quickdraw","hermit:Feint"],"picked":"hermit:Ricochet","floor":2.0},{"not_picked":["hermit:Misfire","hermit:Manifest"],"picked":"hermit:Coalescence","floor":5.0},{"not_picked":["hermit:Brawl","hermit:Dissolve"],"picked":"hermit:TakeAim","floor":7},{"not_picked":["hermit:Scavenge","hermit:Vantage"],"picked":"hermit:Ricochet","floor":8},{"not_picked":["hermit:Ricochet","hermit:Desperado"],"picked":"hermit:CursedWeapon","floor":14}],"player_experience":638823,"relics_obtained":[{"floor":7,"key":"Pantograph"},{"floor":9,"key":"Centennial Puzzle"},{"floor":14,"key":"Pen Nib"}],"event_choices":[{"damage_healed":0.0,"max_hp_gain":0.0,"max_hp_loss":0.0,"gold_gain":0.0,"event_name":"World of Goop","player_choice":"Left Gold","floor":3.0,"gold_loss":61.0,"damage_taken":0.0},{"damage_healed":17.0,"max_hp_gain":0.0,"max_hp_loss":0.0,"gold_gain":0.0,"event_name":"The Cleric","player_choice":"Healed","floor":4.0,"gold_loss":35.0,"damage_taken":0.0},{"damage_healed":23,"gold_gain":0,"player_choice":"Banana","damage_taken":0,"max_hp_gain":0,"max_hp_loss":0,"event_name":"Big Fish","floor":10,"gold_loss":0},{"damage_healed":0,"gold_gain":51,"player_choice":"Gained Gold","damage_taken":0,"max_hp_gain":0,"max_hp_loss":0,"event_name":"Golden Wing","floor":11,"gold_loss":0}],"is_beta":false,"boss_relics":[],"items_purged_floors":[],"is_endless":false,"potions_floor_spawned":[2,8],"killed_by":"Hexaghost","ascension_level":15}}