{"host":"e4wnmsyty9uvvtwf","time":1608274968,"event":{"mods":["Aspiration","BaseMod","Colored Map","Colored Powertips","Marisa£®ÏF”Í°°ƒß¿Ì…≥£©","Minty Spire (QoL Compilation)","Rare Cards Sparkle","Replay The Spire","StSLib"],"gold_per_floor":[117,127,127,302,302,302,321,321,346,356,356,15,15,15,15,117,117,127,168,168,187,187,187],"floor_reached":22,"playtime":523,"items_purged":["Doubt"],"score":275,"play_id":"95a98b51-9d9d-4c07-88f0-caa37603f74b","local_time":"20201218150248","is_ascension_mode":true,"campfire_choices":[{"data":"Zap","floor":6.0,"key":"SMITH"},{"data":"Chaos","floor":8.0,"key":"SMITH"},{"data":"Aggregate","floor":11.0,"key":"SMITH"},{"data":"Darkness","floor":13.0,"key":"SMITH"},{"floor":15.0,"key":"REST"}],"circlet_count":0,"master_deck":["AscendersBane","Strike_B","Strike_B","Strike_B","Strike_B","Defend_B","Defend_B","Defend_B","Defend_B","Zap+1","Darkness+1","Darkness","Amplify+1","Chaos+1","Aggregate+1","Crystallizer","Crystallizer","Panic Button","Thunder Strike","Beam Cell","ReplayTheSpireMod:Splinters","Panic Button","Go for the Eyes"],"relics":["Cracked Core","aspiration:BabyByrd","ReplayTheSpireMod:TigerMarble","aspiration:EnhancedActuators","Kunai","aspiration:FutureDiary","FossilizedHelix"],"acts_visited":["Exordium","TheCity"],"potions_floor_usage":[],"damage_taken":[{"damage":0.0,"enemies":"Small Slimes","floor":1.0,"turns":3.0},{"damage":12.0,"enemies":"2 Louse","floor":2.0,"turns":3.0},{"damage":6.0,"enemies":"Jaw Worm","floor":7.0,"turns":4.0},{"damage":22.0,"enemies":"3 Louse","floor":10.0,"turns":3.0},{"damage":15.0,"enemies":"Slime Boss","floor":16.0,"turns":9.0},{"damage":33.0,"enemies":"Shell Parasite","floor":18.0,"turns":6.0},{"damage":12,"enemies":"Chosen","floor":21,"turns":4},{"damage":57,"enemies":"Snecko","floor":22,"turns":6}],"seed_played":"4622429699056784625","potions_obtained":[{"floor":10.0,"key":"PowerPotion"},{"floor":16.0,"key":"SkillPotion"}],"is_trial":false,"path_per_floor":["M","M","?","?","?","R","M","R","T","M","R","$","R","?","R","B",null,"M","?","?","M","M"],"character_chosen":"DEFECT","items_purchased":["aspiration:EnhancedActuators","Crystallizer","Panic Button"],"campfire_rested":1,"item_purchase_floors":[12,12,12],"current_hp_per_floor":[75,63,63,63,63,63,57,57,57,35,35,35,35,32,56,41,72,39,39,66,54,0,0],"gold":187,"neow_bonus":"TEN_PERCENT_HP_BONUS","is_daily":false,"chose_seed":false,"campfire_upgraded":4,"win_rate":0.0,"timestamp":1608274968,"path_taken":["M","M","?","?","?","R","M","R","T","M","R","$","R","?","R","BOSS","M","?","?","M","M"],"items_purchased_type":["Relic","Card","Card"],"build_version":"2020-12-13","purchased_purges":1,"victory":false,"max_hp_per_floor":[82,82,82,82,82,82,82,82,82,82,82,82,82,82,82,82,82,82,82,82,82,82,82],"card_choices":[{"not_picked":["Rebound","Compile Driver"],"picked":"Darkness","floor":1.0},{"not_picked":["FTL","Ball Lightning"],"picked":"Darkness","floor":2.0},{"not_picked":["Aggregate","Hologram"],"picked":"Chaos","floor":7.0},{"not_picked":["Heatsinks","Compile Driver"],"picked":"Aggregate","floor":10.0},{"not_picked":["Fission","Seek"],"picked":"Thunder Strike","floor":16.0},{"not_picked":["Ball Lightning","Rebound"],"picked":"Beam Cell","floor":18.0},{"not_picked":["Streamline","Reinforced Body"],"picked":"Panic Button","floor":19},{"not_picked":["Barrage","Beam Cell"],"picked":"Go for the Eyes","floor":21}],"player_experience":623976,"relics_obtained":[{"floor":9.0,"key":"ReplayTheSpireMod:TigerMarble"},{"floor":19,"key":"FossilizedHelix"}],"event_choices":[{"damage_healed":0.0,"max_hp_gain":0.0,"max_hp_loss":0.0,"gold_gain":175.0,"event_name":"Liars Game","player_choice":"AGREE","floor":4.0,"gold_loss":0.0,"damage_taken":0.0,"cards_obtained":["Doubt"]},{"damage_healed":0.0,"max_hp_gain":0.0,"max_hp_loss":0.0,"gold_gain":0.0,"event_name":"Scrap Ooze","player_choice":"Success","floor":14.0,"gold_loss":0.0,"damage_taken":3.0,"relics_obtained":["Kunai"]},{"damage_healed":27,"gold_gain":0,"player_choice":"Heal","damage_taken":0,"max_hp_gain":0,"max_hp_loss":0,"event_name":"The Library","floor":20,"gold_loss":0}],"is_beta":false,"boss_relics":[{"not_picked":["Philosopher\u0027s Stone","Abe\u0027s Treasure"],"picked":"aspiration:FutureDiary"}],"items_purged_floors":[12],"is_endless":false,"potions_floor_spawned":[10,16,18],"killed_by":"Snecko","ascension_level":12}}