{"host":"9ndbo4kgsfoemf7y","time":1608286028,"event":{"mods":["AchievementEnabler","BaseMod","Colored Map","DeckTracker","Keyboard Shortcuts","Minty Spire (QoL Compilation)","Permanent Neow","Quick Restart","Relic Stats","StSLib","SuperFastMode"],"gold_per_floor":[363,363,438,438,457,457,21,56,128,188,188,224,149,185,185,278,278,291,291,291,27,96,96,151,151,151],"floor_reached":25,"playtime":895,"items_purged":["Pain","Pain"],"score":372,"play_id":"b80ec077-8030-4813-9959-d8803ec42ef3","local_time":"20201218190708","is_ascension_mode":true,"campfire_choices":[{"data":"Neutralize","floor":6.0,"key":"SMITH"},{"data":"Prepared","floor":11.0,"key":"SMITH"},{"floor":15.0,"key":"REST"},{"data":"Calculated Gamble","floor":23.0,"key":"SMITH"}],"circlet_count":0,"master_deck":["AscendersBane","Strike_G","Strike_G","Strike_G","Strike_G","Defend_G","Defend_G","Defend_G","Defend_G","Defend_G","Survivor","Neutralize+1","PiercingWail","Dagger Spray","HandOfGreed","Adrenaline","Blade Dance","Prepared+1","Blur","Envenom","Cloak And Dagger","Writhe","Die Die Die","Escape Plan","Calculated Gamble+1","Cloak And Dagger"],"relics":["Ring of the Snake","Golden Idol","Shuriken","Mango","HoveringKite","Eternal Feather","WarpedTongs"],"acts_visited":["Exordium","TheCity"],"potions_floor_usage":[24,25],"damage_taken":[{"damage":22.0,"enemies":"Jaw Worm","floor":1.0,"turns":8.0},{"damage":6.0,"enemies":"Small Slimes","floor":5.0,"turns":4.0},{"damage":0.0,"enemies":"2 Louse","floor":8.0,"turns":2.0},{"damage":5.0,"enemies":"Exordium Wildlife","floor":10.0,"turns":4.0},{"damage":8.0,"enemies":"Exordium Thugs","floor":12.0,"turns":4.0},{"damage":6.0,"enemies":"Gremlin Nob","floor":14.0,"turns":4.0},{"damage":34.0,"enemies":"Hexaghost","floor":16.0,"turns":11.0},{"damage":7.0,"enemies":"Chosen","floor":18.0,"turns":4.0},{"damage":29.0,"enemies":"3 Byrds","floor":22.0,"turns":5.0},{"damage":47,"enemies":"Cultist and Chosen","floor":24,"turns":6},{"damage":6,"enemies":"Snake Plant","floor":25,"turns":2}],"seed_played":"6693659570382402183","potions_obtained":[{"floor":1.0,"key":"GhostInAJar"},{"floor":8.0,"key":"Regen Potion"},{"floor":10.0,"key":"Energy Potion"},{"floor":14.0,"key":"GamblersBrew"},{"floor":16.0,"key":"ColorlessPotion"},{"floor":18.0,"key":"Poison Potion"},{"floor":22.0,"key":"Regen Potion"}],"is_trial":false,"path_per_floor":["M","?","?","?","M","R","$","M","T","M","R","M","?","E","R","B",null,"M","?","?","$","M","R","M","M"],"character_chosen":"THE_SILENT","items_purchased":["HandOfGreed","Adrenaline","Die Die Die","Escape Plan"],"campfire_rested":1,"item_purchase_floors":[7,7,21,21],"current_hp_per_floor":[37,37,26,26,20,20,20,20,20,27,27,19,19,27,49,15,59,52,52,52,52,23,38,6,0,0],"gold":151,"neow_bonus":"TWO_FIFTY_GOLD","is_daily":false,"chose_seed":false,"campfire_upgraded":3,"win_rate":0.0,"timestamp":1608286028,"path_taken":["M","?","?","?","M","R","$","M","T","M","R","M","?","E","R","BOSS","M","?","?","$","M","R","?","M"],"items_purchased_type":["Card","Card","Card","Card"],"build_version":"2020-12-13","purchased_purges":2,"victory":false,"max_hp_per_floor":[66,60,60,60,60,60,60,60,60,60,60,60,60,74,74,74,74,74,74,74,74,74,74,74,74,74],"relic_stats":{"counters":[11,54],"Golden Idol":50,"Shuriken":[23],"HoveringKite":[7],"Eternal Feather":15,"obtain_stats":[{"Golden Idol":2,"Shuriken":9,"HoveringKite":17,"Mango":14,"Eternal Feather":19,"Ring of the Snake":0,"WarpedTongs":20},{"Golden Idol":1,"Shuriken":3,"HoveringKite":7,"Mango":6,"Eternal Feather":8,"Ring of the Snake":0,"WarpedTongs":8},{"Golden Idol":8,"Shuriken":14,"HoveringKite":37,"Mango":26,"Eternal Feather":41,"Ring of the Snake":0,"WarpedTongs":41}],"Ring of the Snake":[22],"WarpedTongs":[13]},"card_choices":[{"not_picked":["Dodge and Roll","Quick Slash"],"picked":"PiercingWail","floor":1.0},{"not_picked":["Slice","Distraction"],"picked":"Dagger Spray","floor":5.0},{"not_picked":["Dagger Throw","Underhanded Strike"],"picked":"Blade Dance","floor":8.0},{"not_picked":["Outmaneuver","Dodge and Roll"],"picked":"Prepared","floor":10.0},{"not_picked":["Corpse Explosion","Dagger Spray"],"picked":"Blur","floor":12.0},{"not_picked":["Dash","Deflect","Outmaneuver"],"picked":"SKIP","floor":14.0},{"not_picked":["Night Terror","Corpse Explosion"],"picked":"Envenom","floor":16.0},{"not_picked":["Footwork","Setup"],"picked":"Cloak And Dagger","floor":18.0},{"not_picked":["Poisoned Stab","Finisher"],"picked":"Calculated Gamble","floor":22.0},{"not_picked":["Dodge and Roll","Deadly Poison"],"picked":"Cloak And Dagger","floor":24}],"player_experience":695347,"relics_obtained":[{"floor":9.0,"key":"Shuriken"},{"floor":14.0,"key":"Mango"}],"event_choices":[{"damage_healed":0.0,"max_hp_gain":0.0,"max_hp_loss":6.0,"gold_gain":0.0,"event_name":"Golden Idol","player_choice":"Lose Max HP","floor":2.0,"gold_loss":0.0,"damage_taken":0.0,"relics_obtained":["Golden Idol"]},{"damage_healed":0.0,"max_hp_gain":0.0,"max_hp_loss":0.0,"gold_gain":75.0,"event_name":"World of Goop","player_choice":"Gather Gold","floor":3.0,"gold_loss":0.0,"damage_taken":11.0},{"damage_healed":0.0,"max_hp_gain":0.0,"max_hp_loss":0.0,"gold_gain":0.0,"event_name":"Scrap Ooze","player_choice":"Fled","floor":4.0,"gold_loss":0.0,"damage_taken":0.0},{"cards_removed":["Strike_G"],"damage_healed":0.0,"max_hp_gain":0.0,"max_hp_loss":0.0,"gold_gain":0.0,"event_name":"The Cleric","player_choice":"Card Removal","floor":13.0,"gold_loss":75.0,"damage_taken":0.0},{"damage_healed":0.0,"max_hp_gain":0.0,"max_hp_loss":0.0,"gold_gain":0.0,"event_name":"The Mausoleum","player_choice":"Opened","floor":19.0,"gold_loss":0.0,"damage_taken":0.0,"relics_obtained":["Eternal Feather"],"cards_obtained":["Writhe"]},{"damage_healed":0.0,"max_hp_gain":0.0,"max_hp_loss":0.0,"gold_gain":0.0,"event_name":"Accursed Blacksmith","player_choice":"Rummage","floor":20.0,"gold_loss":0.0,"damage_taken":0.0,"relics_obtained":["WarpedTongs"],"cards_obtained":["Pain"]}],"is_beta":false,"boss_relics":[{"not_picked":["Runic Pyramid","Tiny House"],"picked":"HoveringKite"}],"items_purged_floors":[7,21],"is_endless":false,"potions_floor_spawned":[1,8,10,14,16,18,22],"killed_by":"Snake Plant","ascension_level":17}}