{"host":"bznrw1tuv4hzt226","time":1608262598,"event":{"mods":["BaseMod","Colored Map","Friendly Minions","Highlight Path","Minty Spire (QoL Compilation)","Permanent Neow","Relic Stats","Slay-I","StSLib","SuperFastMode"],"gold_per_floor":[112,126,137,147,147,147,174,185,209,234,246,278,321,349,361,469,481,508,531,543,555,587,599,611,656,746,788,800,846,858,885,897,1006,1018,1047,1059,699,715,529,529,562,562,613,625,638,501,520,189,189,189],"floor_reached":51,"playtime":4029,"items_purged":["Zap","Strike_B+1","Strike_B+1","Strike_B+1"],"score":968,"play_id":"9ac424b2-7b11-41ed-8c3a-000d85de4d19","local_time":"20201218123638","is_ascension_mode":true,"campfire_choices":[{"data":"Streamline","floor":6,"key":"SMITH"},{"data":"Dualcast","floor":11,"key":"SMITH"},{"data":"Consume","floor":15,"key":"SMITH"},{"data":"Buffer","floor":23,"key":"SMITH"},{"data":"Machine Learning","floor":28,"key":"SMITH"},{"data":"Darkness","floor":32,"key":"SMITH"},{"data":"Fusion","floor":40,"key":"SMITH"},{"data":"Turbo","floor":42,"key":"SMITH"},{"data":"Secret Technique","floor":49,"key":"SMITH"}],"circlet_count":0,"master_deck":["Defend_B+1","Defend_B+1","Defend_B+1","Defend_B+1","Dualcast+1","Streamline+1","Compile Driver","Auto Shields","FTL+1","White Noise+1","Machine Learning+1","Steam","Cold Snap+1","Consume+1","Buffer+1","Coolheaded","Darkness+1","Leap","Glacier","Seek","Turbo+1","The Bomb","BootSequence","Fusion+1","Secret Technique+1","Turbo+1","Hologram+1","Recycle+1","Redo+1","Core Surge"],"relics":["FrozenCore","Pocketwatch","Anchor","MawBank","Whetstone","Meat on the Bone","Tiny Chest","Ornamental Fan","Centennial Puzzle","Orichalcum","Runic Pyramid","Membership Card","Bronze Scales","Toxic Egg 2","Boot","DollysMirror","DataDisk","Orrery"],"acts_visited":["Exordium","TheCity","TheBeyond"],"potions_floor_usage":[10,13,19,25,27,29,50],"damage_taken":[{"damage":0,"enemies":"2 Louse","floor":1,"turns":3},{"damage":7,"enemies":"Jaw Worm","floor":2,"turns":2},{"damage":5,"enemies":"Small Slimes","floor":3,"turns":3},{"damage":1,"enemies":"Looter","floor":4,"turns":3},{"damage":13,"enemies":"Lagavulin","floor":7,"turns":6},{"damage":0,"enemies":"3 Louse","floor":8,"turns":3},{"damage":0,"enemies":"3 Sentries","floor":10,"turns":5},{"damage":2,"enemies":"Exordium Thugs","floor":12,"turns":4},{"damage":16,"enemies":"Gremlin Nob","floor":13,"turns":3},{"damage":1,"enemies":"Blue Slaver","floor":14,"turns":2},{"damage":0,"enemies":"The Guardian","floor":16,"turns":11},{"damage":0,"enemies":"Chosen","floor":18,"turns":7},{"damage":4,"enemies":"Spheric Guardian","floor":19,"turns":6},{"damage":0,"enemies":"Centurion and Healer","floor":22,"turns":7},{"damage":0,"enemies":"Slavers","floor":25,"turns":6},{"damage":15,"enemies":"Book of Stabbing","floor":27,"turns":8},{"damage":18,"enemies":"Gremlin Leader","floor":29,"turns":10},{"damage":0,"enemies":"Snecko","floor":31,"turns":7},{"damage":11,"enemies":"Automaton","floor":33,"turns":12},{"damage":4,"enemies":"Orb Walker","floor":35,"turns":6},{"damage":0,"enemies":"3 Darklings","floor":38,"turns":5},{"damage":54,"enemies":"Giant Head","floor":41,"turns":12},{"damage":0,"enemies":"4 Shapes","floor":44,"turns":7},{"damage":0,"enemies":"Maw","floor":45,"turns":9},{"damage":0,"enemies":"Spire Growth","floor":47,"turns":5},{"damage":0,"enemies":"Donu and Deca","floor":50,"turns":10}],"seed_played":"-8971787304363114144","potions_obtained":[{"floor":1,"key":"EssenceOfSteel"},{"floor":7,"key":"PowerPotion"},{"floor":8,"key":"Explosive Potion"},{"floor":10,"key":"AttackPotion"},{"floor":16,"key":"Ancient Potion"},{"floor":19,"key":"ColorlessPotion"},{"floor":22,"key":"Block Potion"},{"floor":27,"key":"LiquidMemories"},{"floor":33,"key":"SkillPotion"},{"floor":35,"key":"EssenceOfDarkness"},{"floor":38,"key":"Energy Potion"},{"floor":47,"key":"Block Potion"}],"is_trial":false,"path_per_floor":["M","M","M","M","?","R","E","M","T","E","R","M","E","M","R","B",null,"M","M","?","T","M","R","?","E","T","E","R","E","?","M","R","B",null,"M","?","$","M","$","R","E","R","T","M","M","$","M","$","R","B",null],"character_chosen":"DEFECT","items_purchased":["Membership Card","Turbo","Bronze Scales","The Bomb","Fusion","Secret Technique","DollysMirror","DataDisk","Orrery","Core Surge","SpeedPotion"],"campfire_rested":0,"item_purchase_floors":[37,37,37,37,39,39,46,48,48,48,48],"current_hp_per_floor":[75,68,63,62,62,62,49,49,49,49,49,47,31,30,30,30,75,75,71,57,57,57,57,57,57,57,42,42,36,36,48,48,49,80,76,76,76,76,76,76,34,34,34,46,46,46,46,46,46,46],"gold":189,"neow_bonus":"REMOVE_CARD","is_daily":false,"chose_seed":false,"campfire_upgraded":9,"win_rate":0.0,"timestamp":1608262598,"path_taken":["M","M","M","M","?","R","E","M","T","E","R","M","E","M","R","BOSS","M","M","?","?","M","R","?","E","T","E","R","E","?","M","R","BOSS","M","?","$","M","$","R","E","R","T","M","M","?","M","$","R","BOSS"],"items_purchased_type":["Relic","Card","Relic","Card","Card","Card","Relic","Relic","Relic","Card","Potion"],"build_version":"2020-12-13","purchased_purges":4,"victory":true,"max_hp_per_floor":[75,75,75,75,75,75,75,75,75,75,75,75,75,75,75,75,75,75,75,80,80,80,80,80,80,80,80,80,80,80,80,80,80,80,80,80,80,80,80,80,80,80,80,80,80,80,80,80,80,80],"relic_stats":{"counters":[26,162],"Whetstone":["Cold Snap","FTL"],"Orichalcum":[48],"MawBank":324,"Boot":[2],"FrozenCore":[35],"Centennial Puzzle":[12],"Ornamental Fan":[56],"Bronze Scales":[129],"Tiny Chest":0,"obtain_stats":[{"Whetstone":13,"Orichalcum":29,"MawBank":10,"Boot":43,"FrozenCore":17,"Anchor":9,"Centennial Puzzle":27,"DataDisk":48,"Ornamental Fan":26,"DollysMirror":46,"Bronze Scales":37,"Orrery":48,"Tiny Chest":25,"Membership Card":37,"Toxic Egg 2":41,"Cracked Core":0,"Pocketwatch":7,"Meat on the Bone":21,"Runic Pyramid":34},{"Whetstone":9,"Orichalcum":17,"MawBank":7,"Boot":22,"FrozenCore":11,"Anchor":6,"Centennial Puzzle":16,"DataDisk":25,"Ornamental Fan":15,"DollysMirror":24,"Bronze Scales":20,"Orrery":25,"Tiny Chest":15,"Membership Card":20,"Toxic Egg 2":22,"Cracked Core":0,"Pocketwatch":5,"Meat on the Bone":13,"Runic Pyramid":19},{"Whetstone":32,"Orichalcum":89,"MawBank":25,"Boot":131,"FrozenCore":45,"Anchor":20,"Centennial Puzzle":79,"DataDisk":152,"Ornamental Fan":71,"DollysMirror":147,"Bronze Scales":114,"Orrery":152,"Tiny Chest":71,"Membership Card":114,"Toxic Egg 2":131,"Cracked Core":0,"Pocketwatch":17,"Meat on the Bone":58,"Runic Pyramid":108}],"Pocketwatch":[107],"Meat on the Bone":60},"card_choices":[{"not_picked":["Reprogram","Sweeping Beam"],"picked":"Streamline","floor":1},{"not_picked":["Rebound","Tempest"],"picked":"Compile Driver","floor":2},{"not_picked":["Doom and Gloom","Stack"],"picked":"Auto Shields","floor":3},{"not_picked":["Storm","Steam Power"],"picked":"FTL","floor":4},{"not_picked":["Streamline","Conserve Battery"],"picked":"White Noise","floor":7},{"not_picked":["Steam Power","Auto Shields","Stack"],"picked":"SKIP","floor":8},{"not_picked":["Gash","Reinforced Body"],"picked":"Machine Learning","floor":10},{"not_picked":["Loop","Sweeping Beam"],"picked":"Steam","floor":12},{"not_picked":["Leap","Chill"],"picked":"Cold Snap","floor":13},{"not_picked":["Leap","Fusion"],"picked":"Consume","floor":14},{"not_picked":["Rainbow","All For One"],"picked":"Buffer","floor":16},{"not_picked":["Stack+1","Scrape+1"],"picked":"Coolheaded","floor":18},{"not_picked":["Storm","Ball Lightning"],"picked":"Darkness","floor":19},{"not_picked":["Reboot","Coolheaded","Barrage+1"],"picked":"SKIP","floor":22},{"not_picked":["Go for the Eyes","Consume+1"],"picked":"Leap","floor":25},{"not_picked":["Conserve Battery","Barrage","Steam Power"],"picked":"SKIP","floor":27},{"not_picked":["Multi-Cast","Tempest"],"picked":"Glacier","floor":29},{"not_picked":["Rebound+1","Leap","Reinforced Body"],"picked":"SKIP","floor":31},{"not_picked":["Machine Learning","Thunder Strike"],"picked":"Seek","floor":33},{"not_picked":["Reprogram+1","Conserve Battery","Streamline+1"],"picked":"SKIP","floor":35},{"not_picked":["Hologram","Sweeping Beam"],"picked":"BootSequence","floor":38},{"not_picked":["FTL","Rebound+1","Compile Driver"],"picked":"SKIP","floor":41},{"not_picked":["Sweeping Beam+1","Chill+1","Stack+1"],"picked":"SKIP","floor":44},{"not_picked":["Reboot+1","Leap+1","Go for the Eyes"],"picked":"SKIP","floor":45},{"not_picked":["Sweeping Beam","Gash"],"picked":"Hologram+1","floor":47},{"not_picked":["Ball Lightning","Amplify+1"],"picked":"Recycle+1","floor":48},{"not_picked":["Scrape","Turbo+1"],"picked":"Redo+1","floor":48}],"player_experience":548520,"relics_obtained":[{"floor":7,"key":"Pocketwatch"},{"floor":9,"key":"Anchor"},{"floor":10,"key":"MawBank"},{"floor":13,"key":"Whetstone"},{"floor":21,"key":"Meat on the Bone"},{"floor":25,"key":"Tiny Chest"},{"floor":26,"key":"Ornamental Fan"},{"floor":27,"key":"Centennial Puzzle"},{"floor":29,"key":"Orichalcum"},{"floor":41,"key":"Toxic Egg 2"},{"floor":43,"key":"Boot"}],"event_choices":[{"damage_healed":0,"gold_gain":0,"player_choice":"Ignored","damage_taken":0,"max_hp_gain":0,"max_hp_loss":0,"event_name":"Liars Game","floor":5,"gold_loss":0},{"damage_healed":0,"gold_gain":0,"player_choice":"Shed Blood","damage_taken":19,"max_hp_gain":5,"max_hp_loss":0,"event_name":"Forgotten Altar","floor":20,"gold_loss":0},{"damage_healed":0,"gold_gain":0,"player_choice":"Simplicity","damage_taken":0,"max_hp_gain":0,"max_hp_loss":0,"event_name":"Back to Basics","floor":24,"gold_loss":0,"cards_upgraded":["Strike_B","Strike_B","Strike_B","Defend_B","Defend_B","Defend_B","Defend_B"]},{"damage_healed":0,"gold_gain":0,"player_choice":"Ignored","damage_taken":0,"max_hp_gain":0,"max_hp_loss":0,"event_name":"Cursed Tome","floor":30,"gold_loss":0},{"damage_healed":0,"gold_gain":0,"player_choice":"Upgraded","damage_taken":0,"max_hp_gain":0,"max_hp_loss":0,"event_name":"Upgrade Shrine","floor":36,"gold_loss":0,"cards_upgraded":["White Noise"]}],"is_beta":false,"boss_relics":[{"not_picked":["Tiny House","Astrolabe"],"picked":"FrozenCore"},{"not_picked":["Runic Dome","Empty Cage"],"picked":"Runic Pyramid"}],"items_purged_floors":[37,39,46,48],"is_endless":false,"potions_floor_spawned":[1,7,8,10,16,19,22,27,33,35,38,41,47],"ascension_level":2}}