{"host":"wjw2tk2y2rycscg9","time":1608333593,"event":{"mods":["2.2 Compatiblity","Act Like it!","Aspiration","BaseMod","Colored Map","Dota2Spire","Downfall","Hallownest","Hubris","Infinite Spire","Marisa????????","Minty Spire (QoL Compilation)","Relic Stats","Replay The Spire","Shade Mod","StSLib","The Alterego","The Servant 0.9.4","TheSwordswoman","Unceasing Turn Reminder","???????????mod"],"gold_per_floor":[112,112,112,131,56,56,56,91,114,135,168,168,194,50,50,160,160,189,220,220,242,242,242,266,266,266,285,285,285,313,86,86,204,204,222,222,222,222],"floor_reached":37,"playtime":2560,"items_purged":["alterego_mod:Strike"],"score":427,"play_id":"a297d182-42a3-440e-9999-0705f080a70e","local_time":"20201218161953","is_ascension_mode":false,"campfire_choices":[{"data":"Hallownest:skillGreenpathMap","floor":6,"key":"SMITH"},{"data":"alterego_mod:BrynhildrsRune","floor":12,"key":"SMITH"},{"floor":15,"key":"REST"},{"floor":23,"key":"REST"},{"data":"alterego_mod:Palingenesis","floor":25,"key":"SMITH"},{"floor":32,"key":"REST"}],"circlet_count":0,"master_deck":["alterego_mod:Impale","alterego_mod:BigMeatyClaws","alterego_mod:BrynhildrsRune+1","Hallownest:skillLeafShield","Hallownest:skillLeafShield","Hallownest:skillLeafShield","Hallownest:skillLeafShield","Hallownest:skillLeafShield","Hallownest:skillGreenpathMap+1","alterego_mod:MagicResistance","alterego_mod:Valentines","alterego_mod:Palingenesis+1","alterego_mod:Rip","alterego_mod:Punishment+1","expansioncontent:DefensiveStance+1","alterego_mod:Rake"],"relics":["alterego_mod:MasochisticConstitution","hubris:Towel","CeramicFish","Oddly Smooth Stone","infinitespire:Broken Mirror","Potion Belt","Dota2Spire:Bloodstone","Happy Flower","hubris:BundleOfHerbs","Omamori","Empty Cage"],"acts_visited":["Exordium","TheCity","TheCity"],"potions_floor_usage":[11,13,16,21,21,27,33],"damage_taken":[{"damage":3,"enemies":"Hallownest:monsterHuskWarrior","floor":1,"turns":6},{"damage":0,"enemies":"Hallownest:2_Baldur","floor":4,"turns":4},{"damage":1,"enemies":"Hallownest:eliteVengeflyKing","floor":8,"turns":7},{"damage":5,"enemies":"Hallownest:monsterHuskGuard","floor":10,"turns":9},{"damage":6,"enemies":"Hallownest:eliteMossKnight","floor":11,"turns":11},{"damage":20,"enemies":"Hallownest:monsterFoolEater","floor":13,"turns":5},{"damage":86,"enemies":"Hallownest:BossBrokenVessel","floor":16,"turns":19},{"damage":17,"enemies":"3 Byrds","floor":18,"turns":6},{"damage":36,"enemies":"Shell Parasite","floor":19,"turns":9},{"damage":19,"enemies":"Cultist and Chosen","floor":21,"turns":7},{"damage":2,"enemies":"Snake Plant","floor":24,"turns":4},{"damage":11,"enemies":"Chosen and Byrds","floor":27,"turns":6},{"damage":20,"enemies":"Centurion and Healer","floor":30,"turns":7},{"damage":56,"enemies":"Champ","floor":33,"turns":14},{"damage":18,"enemies":"Hallownest:Shield_Heavy","floor":35,"turns":9},{"damage":81,"enemies":"Hallownest:2_Primals","floor":37,"turns":4}],"seed_played":"-720330616727969693","potions_obtained":[{"floor":8,"key":"Dota2Spire:Clarity"},{"floor":10,"key":"Languid Potion"},{"floor":11,"key":"ColorlessPotion"},{"floor":16,"key":"BlessingOfTheForge"},{"floor":18,"key":"PowerPotion"},{"floor":19,"key":"PowerPotion"},{"floor":21,"key":"Dota2Spire:Clarity"}],"is_trial":true,"path_per_floor":["M","?","?","M","?","R","?","E","T","M","E","R","M","$","R","B",null,"M","M","?","M","?","R","M","R","T","M","AVR","?","M","$","R","B",null,"M","?","?"],"character_chosen":"The_Alterego","items_purchased":["Potion Belt","expansioncontent:DefensiveStance","Omamori"],"campfire_rested":3,"item_purchase_floors":[14,31,31],"current_hp_per_floor":[71,71,71,71,71,71,62,62,62,58,53,53,41,41,63,13,76,67,32,32,21,21,44,50,50,50,54,54,54,42,42,66,26,83,73,73,0,0],"gold":222,"neow_bonus":"","is_daily":false,"chose_seed":false,"campfire_upgraded":3,"win_rate":0.0,"timestamp":1608333593,"path_taken":["M","?","?","M","?","R","?","E","T","M","E","R","?","?","R","BOSS","M","M","?","?","?","R","M","R","T","M","AVR","?","M","$","R","BOSS","M","?","?"],"items_purchased_type":["Relic","Card","Relic"],"build_version":"2020-12-13","purchased_purges":1,"victory":false,"max_hp_per_floor":[71,71,71,71,71,71,71,72,72,73,74,74,75,75,75,76,76,77,78,78,79,79,79,80,80,80,81,81,81,82,82,82,83,83,84,84,84,84],"relic_stats":{"Happy Flower":[13],"counters":[16,127],"CeramicFish":81,"obtain_stats":[{"Potion Belt":14,"alterego_mod:MasochisticConstitution":0,"Happy Flower":26,"infinitespire:Broken Mirror":11,"CeramicFish":8,"Oddly Smooth Stone":9,"Dota2Spire:Bloodstone":17,"hubris:BundleOfHerbs":28,"Omamori":31,"hubris:Towel":3,"Empty Cage":34},{"Potion Belt":6,"alterego_mod:MasochisticConstitution":0,"Happy Flower":11,"infinitespire:Broken Mirror":5,"CeramicFish":3,"Oddly Smooth Stone":3,"Dota2Spire:Bloodstone":7,"hubris:BundleOfHerbs":12,"Omamori":13,"hubris:Towel":1,"Empty Cage":14},{"Potion Belt":42,"alterego_mod:MasochisticConstitution":0,"Happy Flower":87,"infinitespire:Broken Mirror":37,"CeramicFish":17,"Oddly Smooth Stone":17,"Dota2Spire:Bloodstone":61,"hubris:BundleOfHerbs":93,"Omamori":100,"hubris:Towel":6,"Empty Cage":114}]},"card_choices":[{"not_picked":["alterego_mod:SuperDuperMasochism","alterego_mod:1TonWallop","alterego_mod:BeGentle"],"picked":"SKIP","floor":1},{"not_picked":["alterego_mod:Crossover","alterego_mod:BiFurious","alterego_mod:DiscoLights"],"picked":"SKIP","floor":4},{"not_picked":["alterego_mod:Schoolgirl","alterego_mod:Table"],"picked":"alterego_mod:MagicResistance","floor":8},{"not_picked":["alterego_mod:Undulate","alterego_mod:SakuraFive"],"picked":"alterego_mod:Valentines","floor":10},{"not_picked":["alterego_mod:BeGentle","alterego_mod:SakuraFive","alterego_mod:DiscoLights"],"picked":"SKIP","floor":11},{"not_picked":["alterego_mod:DestructionOfProperty","alterego_mod:GoddessCore"],"picked":"alterego_mod:Belle","floor":13},{"not_picked":["alterego_mod:Weigh","alterego_mod:InsideBaseball"],"picked":"alterego_mod:Palingenesis","floor":16},{"not_picked":["alterego_mod:Cushion","alterego_mod:Nekomimi"],"picked":"alterego_mod:Belle+1","floor":18},{"not_picked":["alterego_mod:PerceptionDisorder","alterego_mod:Bounce"],"picked":"alterego_mod:Rip","floor":19},{"not_picked":["alterego_mod:Complex","alterego_mod:Support+1","alterego_mod:Bounce"],"picked":"SKIP","floor":21},{"not_picked":["alterego_mod:Smother","alterego_mod:TrashNCrash+1","alterego_mod:BusterCard"],"picked":"SKIP","floor":24},{"not_picked":["alterego_mod:DestructionOfProperty+1","alterego_mod:GoddessCore","alterego_mod:Punishment"],"picked":"SKIP","floor":27},{"not_picked":["alterego_mod:GachaTicket+1","alterego_mod:Swimsuit+1"],"picked":"alterego_mod:Punishment+1","floor":30},{"not_picked":["alterego_mod:Palingenesis","alterego_mod:Weigh"],"picked":"alterego_mod:Rake","floor":33},{"not_picked":["alterego_mod:DiscoLights+1","alterego_mod:BustOut","alterego_mod:PerceptionDisorder+1"],"picked":"SKIP","floor":35}],"player_experience":1148071,"relics_obtained":[{"floor":8,"key":"CeramicFish"},{"floor":9,"key":"Oddly Smooth Stone"},{"floor":11,"key":"infinitespire:Broken Mirror"},{"floor":26,"key":"Happy Flower"}],"event_choices":[{"cards_removed":["alterego_mod:Strike"],"damage_healed":0,"gold_gain":0,"player_choice":"Purged","damage_taken":0,"max_hp_gain":0,"max_hp_loss":0,"event_name":"Purifier","floor":20,"gold_loss":0}],"is_beta":false,"boss_relics":[{"not_picked":["Dota2Spire:RefresherOrb","aspiration:MarisaSkillbook"],"picked":"Dota2Spire:Bloodstone"},{"not_picked":["aspiration:FutureDiary","Astrolabe"],"picked":"Empty Cage"}],"items_purged_floors":[28],"is_endless":false,"potions_floor_spawned":[8,10,11,16,18,19,21],"killed_by":"Hallownest:2_Primals","ascension_level":0}}