{"host":"2b0fqapnd02ydmuo","time":1608328198,"event":{"mods":["AchievementEnabler","Aspiration","BaseMod","Better Altar","Better Match","Better Note","Better Sensory Stone","Better Skull","Better Third Choice","BetterRewards","CCEM","Clawfect","Colored Map","Conspire","GifTheSpireLib","Googly Eyes","Halation","Highlight Path","Hubris","Infinite Spire","Jedi Mod","Jorbs\u0027s Wanderer Trilogy","Marisa????????","Mimic Mod","Minty Spire (QoL Compilation)","Permanent Neow","Replay The Spire","Shade Mod","Shop Mod","Spicy Shops","StSLib","Stuff the Spire","The Blackbeard","The Bug Knight","The Elementalist","The Jungle","Unceasing Turn Reminder","everything is the same but u backflip on backflip","slay the spire mod where everything is the same but ironclad has a cowboy hat"],"gold_per_floor":[110,110,121,71,71,103,28,54,85,101,101,101,132,145,145,159,159],"floor_reached":16,"playtime":924,"items_purged":["elementalist:Airstrike"],"score":118,"play_id":"6673ce48-c048-40c1-bf28-f06df95ad64f","local_time":"20201218224958","is_ascension_mode":false,"campfire_choices":[{"floor":12,"key":"REST"}],"circlet_count":0,"master_deck":["elementalist:Fire_Emblem","elementalist:Fire_Emblem","elementalist:Strike+Elemblue","elementalist:Defend_Elemblue","elementalist:Defend_Elemblue","elementalist:Defend_Elemblue","elementalist:Defend_Elemblue","elementalist:Defend_Elemblue","elementalist:Firestrike","elementalist:Earthstrike","elementalist:Waterstrike","elementalist:Crystal_Chalk","elementalist:Emberveil","elementalist:Blaze+1","elementalist:Emberveil","elementalist:Solar_Form"],"relics":["elementalistmod:MagusStaff","elementalistmod:RedRibbon","aspiration:Nostalgia","Cracked Core","hubris:DisguiseKit","infinitespire:Bottled Soul","Tiny Chest","halation:IllGainedPizza","CCEMRelics:DerglesHeadphones"],"acts_visited":["Exordium"],"potions_floor_usage":[8],"damage_taken":[{"damage":0,"enemies":"2 Louse","floor":1,"turns":3},{"damage":5,"enemies":"Small Slimes","floor":3,"turns":3},{"damage":22,"enemies":"Lagavulin","floor":6,"turns":7},{"damage":12,"enemies":"HollowMod:MossKnight","floor":8,"turns":3},{"damage":0,"enemies":"Jaw Worm","floor":9,"turns":3},{"damage":0,"enemies":"Jaw Worm","floor":10,"turns":1},{"damage":9,"enemies":"Replay:BlueRogue","floor":13,"turns":4},{"damage":11,"enemies":"Exordium Wildlife","floor":14,"turns":3},{"damage":45,"enemies":"The Guardian","floor":16,"turns":8}],"seed_played":"7915274172833315973","potions_obtained":[{"floor":1,"key":"GamblersBrew"},{"floor":6,"key":"DistilledChaos"},{"floor":13,"key":"Doom Potion"}],"is_trial":false,"path_per_floor":["M","?","M","?","?","E","$","E","MIM","M","$","R","E","M","R","B"],"character_chosen":"THE_ELEMENTALIST","items_purchased":[],"campfire_rested":1,"item_purchase_floors":[],"current_hp_per_floor":[70,70,65,65,65,43,43,31,31,31,31,52,43,32,32,0,0],"gold":159,"neow_bonus":"NOSTALGIA","is_daily":false,"chose_seed":false,"campfire_upgraded":0,"win_rate":0.0,"timestamp":1608328198,"path_taken":["M","?","M","?","?","E","$","E","MIM","?","$","R","E","M","R","BOSS"],"items_purchased_type":[],"build_version":"2020-12-13","purchased_purges":1,"victory":false,"max_hp_per_floor":[70,70,70,70,70,70,70,70,70,70,70,70,70,70,70,70,70],"card_choices":[{"not_picked":["elementalist:Lunar_Form","elementalist:Vaccuum"],"picked":"elementalist:Emberveil","floor":1},{"not_picked":["elementalist:Pressurize","elementalist:Magma_Shot","Spot Weakness"],"picked":"elementalist:Blaze","floor":3},{"not_picked":["elementalist:Pressurize","elementalist:Cauterize","elementalist:Spout","Clothesline"],"picked":"SKIP","floor":6},{"not_picked":["elementalist:Cyclone","elementalist:Emberveil","elementalist:Fission_Lance","Carnage"],"picked":"SKIP","floor":8},{"not_picked":["elementalist:Stone_to_Mud","elementalist:Overheat","Shrug It Off"],"picked":"elementalist:Emberveil","floor":10},{"not_picked":["elementalist:Momentum","elementalist:Reckless_Dance","Sword Boomerang"],"picked":"elementalist:Solar_Form","floor":13},{"not_picked":["elementalist:Sidereal_Form","elementalist:Flame","elementalist:Etherstrike","Feel No Pain"],"picked":"SKIP","floor":14}],"player_experience":63476,"relics_obtained":[{"floor":6,"key":"infinitespire:Bottled Soul"},{"floor":8,"key":"Tiny Chest"},{"floor":9,"key":"halation:IllGainedPizza"},{"floor":13,"key":"CCEMRelics:DerglesHeadphones"}],"event_choices":[{"cards_removed":["Regret"],"damage_healed":0,"gold_gain":0,"player_choice":"Card Removal","damage_taken":0,"max_hp_gain":0,"max_hp_loss":0,"event_name":"The Cleric","floor":4,"gold_loss":50}],"is_beta":false,"boss_relics":[],"items_purged_floors":[7],"is_endless":false,"potions_floor_spawned":[1,6,13],"killed_by":"The Guardian","ascension_level":0}}