{"host":"g1na4j704t0qpw5f","time":1608262688,"event":{"mods":["AchievementEnabler","BaseMod","Card Forge","Colored Powertips","Custom Start","Googly Eyes","Highlight Path","Minty Spire (QoL Compilation)","StSLib"],"gold_per_floor":[119,136,148,163,177,207,207,236,236,263,263,290,302,49482,49482,49558,49558,49573,49585,48850,48865,48882,48910,48920,48920,48945,48980,48980,49009,49009,48282,48282,48370,48370,48384,48407,47737,47748,47748,47779,47843,47872,47872,47915,47915,47937,47937,47937],"floor_reached":47,"playtime":3206,"items_purged":["Strike_B","Strike_B","Strike_B","Strike_B"],"score":1325,"play_id":"f64326dc-8f81-4b70-b2b2-4225fbd73ecd","local_time":"20201217223808","is_ascension_mode":true,"campfire_choices":[{"data":"Electrodynamics","floor":7.0,"key":"SMITH"},{"data":"Echo Form","floor":11.0,"key":"SMITH"},{"data":"Loop","floor":13.0,"key":"SMITH"},{"data":"Zap","floor":15.0,"key":"SMITH"},{"data":"Rainbow","floor":25.0,"key":"SMITH"},{"data":"Rainbow","floor":28.0,"key":"SMITH"},{"data":"Multi-Cast","floor":30.0,"key":"SMITH"},{"data":"Glacier","floor":32.0,"key":"SMITH"},{"data":"Glacier","floor":45,"key":"SMITH"}],"circlet_count":1,"master_deck":["AscendersBane","Defend_B","Defend_B","Defend_B","Defend_B","Zap+1","Dualcast","Glacier+1","Ball Lightning","Darkness","Compile Driver","Electrodynamics+1","Glacier+1","Echo Form+1","Loop+1","Good Instincts","Ball Lightning","Tempest","Rainbow+1","Glacier","Coolheaded","Multi-Cast+1","Self Repair","Skim+1","Rainbow+1","Cold Snap","Coolheaded","Core Surge","Reboot","BootSequence+1","Flash of Steel","Redo","Parasite","Darkness+1","Defragment"],"relics":["Circlet","Sozu","Smiling Mask","Pear","InkBottle","HornCleat","MawBank","Blood Vial","Lee\u0027s Waffle","White Beast Statue","Coffee Dripper","Toolbox","Singing Bowl","Bag of Marbles","Bottled Tornado","Lantern","CeramicFish","Cables","Peace Pipe","HandDrill","Inserter","Runic Capacitor","Dream Catcher","Bottled Lightning","Oddly Smooth Stone","Shovel","Bottled Flame","Pantograph"],"acts_visited":[],"potions_floor_usage":[],"damage_taken":[{"damage":2.0,"enemies":"Jaw Worm","floor":1.0,"turns":3.0},{"damage":0.0,"enemies":"Small Slimes","floor":2.0,"turns":3.0},{"damage":10.0,"enemies":"2 Louse","floor":3.0,"turns":2.0},{"damage":0.0,"enemies":"2 Fungi Beasts","floor":4.0,"turns":4.0},{"damage":1.0,"enemies":"Looter","floor":5.0,"turns":3.0},{"damage":24.0,"enemies":"Lagavulin","floor":6.0,"turns":6.0},{"damage":5.0,"enemies":"3 Sentries","floor":8.0,"turns":3.0},{"damage":19.0,"enemies":"Gremlin Nob","floor":10.0,"turns":4.0},{"damage":0.0,"enemies":"Lagavulin","floor":12.0,"turns":5.0},{"damage":6.0,"enemies":"The Guardian","floor":16.0,"turns":9.0},{"damage":0.0,"enemies":"Spheric Guardian","floor":18.0,"turns":3.0},{"damage":10.0,"enemies":"3 Byrds","floor":19.0,"turns":4.0},{"damage":32.0,"enemies":"Snecko","floor":21.0,"turns":5.0},{"damage":13.0,"enemies":"Shelled Parasite and Fungi","floor":22.0,"turns":5.0},{"damage":0.0,"enemies":"Gremlin Leader","floor":23.0,"turns":5.0},{"damage":0.0,"enemies":"Sentry and Sphere","floor":24.0,"turns":4.0},{"damage":9.0,"enemies":"Book of Stabbing","floor":27.0,"turns":5.0},{"damage":7.0,"enemies":"Chosen and Byrds","floor":29.0,"turns":3.0},{"damage":0.0,"enemies":"Collector","floor":33.0,"turns":8.0},{"damage":6.0,"enemies":"Orb Walker","floor":35.0,"turns":2.0},{"damage":0.0,"enemies":"3 Shapes","floor":36.0,"turns":2.0},{"damage":0.0,"enemies":"3 Darklings","floor":38.0,"turns":2.0},{"damage":10.0,"enemies":"Nemesis","floor":40.0,"turns":9.0},{"damage":34.0,"enemies":"2 Orb Walkers","floor":41.0,"turns":4.0},{"damage":11.0,"enemies":"Writhing Mass","floor":42.0,"turns":5.0},{"damage":34,"enemies":"Reptomancer","floor":44,"turns":6},{"damage":0,"enemies":"Spire Growth","floor":46,"turns":5},{"damage":48,"enemies":"Giant Head","floor":47,"turns":7}],"seed_played":"6594414641012948856","potions_obtained":[],"is_trial":false,"path_per_floor":["M","M","M","M","M","E","R","E","T","E","R","E","R","$","R","B",null,"M","M","$","M","M","E","M","R","T","E","R","M","R","$","R","B",null,"M","M","$","M","?","E","?","M","T","E","R","M","E"],"character_chosen":"DEFECT","items_purchased":["Blood Vial","Lee\u0027s Waffle","White Beast Statue","Good Instincts","Ball Lightning","Tempest","Toolbox","Singing Bowl","Bag of Marbles","Coolheaded","Multi-Cast","Cables","Peace Pipe","HandDrill","Runic Capacitor","Dream Catcher","Bottled Lightning","Flash of Steel"],"campfire_rested":0,"item_purchase_floors":[14,14,14,14,14,14,20,20,20,20,20,31,31,31,37,37,37,37],"current_hp_per_floor":[62,62,52,52,51,27,27,32,32,13,13,13,13,88,88,82,87,88,78,78,48,44,53,62,62,62,69,69,71,71,71,71,80,86,84,86,86,90,90,91,66,66,66,34,34,43,0,0],"gold":47937,"neow_bonus":"BOSS_RELIC","is_daily":false,"chose_seed":false,"campfire_upgraded":9,"win_rate":0.0,"timestamp":1608262688,"path_taken":["M","M","M","M","M","E","R","E","T","E","R","E","R","$","R","BOSS","M","M","$","M","M","E","M","R","T","E","R","M","R","$","R","BOSS","M","M","$","M","?","E","?","M","T","E","R","M","E"],"items_purchased_type":["Relic","Relic","Relic","Card","Card","Card","Relic","Relic","Relic","Card","Card","Relic","Relic","Relic","Relic","Relic","Relic","Card"],"build_version":"2020-12-13","purchased_purges":4,"victory":false,"max_hp_per_floor":[71,71,71,71,71,71,71,81,81,81,81,81,81,88,88,88,88,88,88,88,88,88,88,88,88,88,88,88,88,88,88,88,88,88,90,90,90,92,92,94,94,96,96,96,96,96,96,96],"card_choices":[{"not_picked":["Rebound","Sunder","Leap"],"picked":"SKIP","floor":1.0},{"not_picked":["Ball Lightning","Compile Driver"],"picked":"Glacier","floor":2.0},{"not_picked":["Streamline","Hologram"],"picked":"Ball Lightning","floor":3.0},{"not_picked":["Turbo","Conserve Battery"],"picked":"Darkness","floor":4.0},{"not_picked":["Stack","Force Field"],"picked":"Compile Driver","floor":5.0},{"not_picked":["Cold Snap","Ball Lightning"],"picked":"Electrodynamics","floor":6.0},{"not_picked":["Rebound","Hologram"],"picked":"Glacier","floor":8.0},{"not_picked":["Fusion","BootSequence"],"picked":"Echo Form","floor":10.0},{"not_picked":["Double Energy","Lockon"],"picked":"Loop","floor":12.0},{"not_picked":["Electrodynamics","Reboot"],"picked":"Rainbow","floor":16.0},{"not_picked":["Hologram+1","Gash"],"picked":"Glacier","floor":18.0},{"not_picked":["Steam","Double Energy","Turbo"],"picked":"SKIP","floor":19.0},{"not_picked":["Reinforced Body+1","Force Field"],"picked":"Self Repair","floor":21.0},{"not_picked":["Steam","Recycle"],"picked":"Skim+1","floor":22.0},{"not_picked":["Gash","Conserve Battery"],"picked":"Rainbow","floor":23.0},{"not_picked":["Gash","Fusion"],"picked":"Cold Snap","floor":24.0},{"not_picked":["Stack","White Noise"],"picked":"Coolheaded","floor":27.0},{"not_picked":["Stack","Scrape"],"picked":"Core Surge","floor":29.0},{"not_picked":["Creative AI","Amplify"],"picked":"Reboot","floor":33.0},{"not_picked":["Barrage","Ball Lightning","Conserve Battery"],"picked":"Singing Bowl","floor":35.0},{"not_picked":["Steam","Stack"],"picked":"BootSequence+1","floor":36.0},{"not_picked":["Steam","Rainbow","Barrage"],"picked":"Singing Bowl","floor":38.0},{"not_picked":["Reinforced Body","Rip and Tear","Leap"],"picked":"Singing Bowl","floor":40.0},{"not_picked":["Sweeping Beam","Streamline"],"picked":"Redo","floor":41.0},{"not_picked":["Aggregate","Stack","Compile Driver"],"picked":"Singing Bowl","floor":42},{"not_picked":["Sweeping Beam","Stack+1"],"picked":"Darkness+1","floor":44},{"not_picked":["Streamline","Barrage"],"picked":"Defragment","floor":46}],"player_experience":455731,"relics_obtained":[{"floor":6.0,"key":"Smiling Mask"},{"floor":8.0,"key":"Pear"},{"floor":9.0,"key":"InkBottle"},{"floor":10.0,"key":"HornCleat"},{"floor":12.0,"key":"MawBank"},{"floor":23.0,"key":"Bottled Tornado"},{"floor":26.0,"key":"Lantern"},{"floor":27.0,"key":"CeramicFish"},{"floor":40.0,"key":"Oddly Smooth Stone"},{"floor":41.0,"key":"Shovel"},{"floor":43,"key":"Bottled Flame"},{"floor":44,"key":"Pantograph"}],"event_choices":[{"damage_healed":0.0,"max_hp_gain":0.0,"max_hp_loss":0.0,"gold_gain":0.0,"event_name":"Tomb of Lord Red Mask","player_choice":"Ignored","floor":39.0,"gold_loss":0.0,"damage_taken":0.0},{"damage_healed":0.0,"max_hp_gain":0.0,"max_hp_loss":0.0,"gold_gain":0.0,"event_name":"Mysterious Sphere","player_choice":"Fight","floor":41.0,"gold_loss":0.0,"damage_taken":0.0}],"is_beta":false,"boss_relics":[{"not_picked":["Calling Bell","Fusion Hammer"],"picked":"Coffee Dripper"},{"not_picked":["Velvet Choker","Philosopher\u0027s Stone","Busted Crown"]}],"items_purged_floors":[14,20,31,37],"is_endless":false,"potions_floor_spawned":[2,4,8,12,16,18,19,21,22,23,24,27,29,33,35,36,38,40,41,42,44,46],"killed_by":"Giant Head","ascension_level":15}}