{"host":"qyjrmrr57odine7m","time":1608285313,"event":{"mods":["AchievementEnabler","BaseMod","Bestiary","Block Reminder","Card Forge","Highlight Path","Minty Spire (QoL Compilation)","Permanent Neow","StSLib"],"gold_per_floor":[144,189,234,279,233,323,368,368,393,783,828,873,278,368,368,668,668,713,338,383,428,428,518,563,572,572,222,276,276,330,420,420,720,720,765,915,915,960,1005,1095,945,945,970,1060,1105,1195,1195,1285,1285,1285],"floor_reached":51,"playtime":2544,"items_purged":[],"score":1404,"play_id":"2c5015c0-b978-4fcd-ae4d-ef342eeccb5a","local_time":"20201218095513","daily_mods":["Draft","Colorless Cards","Midas"],"is_ascension_mode":false,"campfire_choices":[{"floor":15,"key":"DIG"},{"data":"1","floor":29,"key":"LIFT"},{"data":"2","floor":32,"key":"LIFT"},{"data":"3","floor":47,"key":"LIFT"},{"floor":49,"key":"DIG"}],"circlet_count":0,"master_deck":["PathToVictory+1","PathToVictory+1","PathToVictory+1","Evaluate+1","PathToVictory+1","WindmillStrike+1","Protect+1","Consecrate+1","Trip+1","InnerPeace+1","Blind+1","Protect+1","Perseverance+1","Establishment+1","Protect+1"],"relics":["PureWater","Hammer of Thor","Seething Fire","Anvil of the Gods","Oddly Smooth Stone","Lantern","Old Coin","Frozen Eye","MealTicket","Potion Belt","Shovel","Sundial","SacredBark","Membership Card","CeramicFish","Mummified Hand","Turnip","StrikeDummy","InkBottle","Melange","Girya","Meat on the Bone","Art of War","Busted Crown","TungstenRod","Dream Catcher","Chemical X","Juzu Bracelet","Orichalcum","Omamori","Boot","Regal Pillow","TeardropLocket"],"acts_visited":["Exordium","TheCity","TheBeyond"],"potions_floor_usage":[14,20,20,23,31,31,40,44,50,50,50],"damage_taken":[{"damage":0,"enemies":"Small Slimes","floor":1,"turns":2},{"damage":0,"enemies":"Cultist","floor":2,"turns":3},{"damage":0,"enemies":"2 Louse","floor":3,"turns":2},{"damage":0,"enemies":"Blue Slaver","floor":4,"turns":3},{"damage":0,"enemies":"Gremlin Nob","floor":6,"turns":2},{"damage":0,"enemies":"Exordium Thugs","floor":7,"turns":2},{"damage":0,"enemies":"3 Sentries","floor":10,"turns":4},{"damage":0,"enemies":"Large Slime","floor":11,"turns":4},{"damage":0,"enemies":"Blue Slaver","floor":12,"turns":2},{"damage":0,"enemies":"Gremlin Nob","floor":14,"turns":2},{"damage":0,"enemies":"The Guardian","floor":16,"turns":5},{"damage":0,"enemies":"2 Thieves","floor":18,"turns":3},{"damage":0,"enemies":"3 Byrds","floor":20,"turns":3},{"damage":0,"enemies":"Snake Plant","floor":21,"turns":2},{"damage":0,"enemies":"Gremlin Leader","floor":23,"turns":3},{"damage":0,"enemies":"Centurion and Healer","floor":24,"turns":4},{"damage":0,"enemies":"3 Cultists","floor":28,"turns":4},{"damage":0,"enemies":"Shelled Parasite and Fungi","floor":30,"turns":4},{"damage":0,"enemies":"Slavers","floor":31,"turns":3},{"damage":0,"enemies":"Collector","floor":33,"turns":5},{"damage":15,"enemies":"Orb Walker","floor":35,"turns":3},{"damage":0,"enemies":"Mind Bloom Boss Battle","floor":36,"turns":4},{"damage":0,"enemies":"3 Darklings","floor":38,"turns":4},{"damage":0,"enemies":"4 Shapes","floor":39,"turns":4},{"damage":0,"enemies":"Reptomancer","floor":40,"turns":3},{"damage":0,"enemies":"Nemesis","floor":44,"turns":7},{"damage":1,"enemies":"Writhing Mass","floor":45,"turns":3},{"damage":0,"enemies":"Giant Head","floor":46,"turns":4},{"damage":0,"enemies":"Nemesis","floor":48,"turns":5},{"damage":0,"enemies":"Time Eater","floor":50,"turns":5}],"seed_played":"4511563792049188764","potions_obtained":[{"floor":1,"key":"SpeedPotion"},{"floor":2,"key":"Dexterity Potion"},{"floor":7,"key":"Strength Potion"},{"floor":14,"key":"Fruit Juice"},{"floor":20,"key":"Explosive Potion"},{"floor":23,"key":"Fire Potion"},{"floor":24,"key":"Block Potion"},{"floor":30,"key":"LiquidMemories"},{"floor":35,"key":"Swift Potion"},{"floor":38,"key":"Energy Potion"},{"floor":45,"key":"DistilledChaos"},{"floor":46,"key":"Energy Potion"}],"is_trial":false,"path_per_floor":["M","M","M","M","$","E","M","?","T","E","M","M","$","E","R","B",null,"M","$","M","M","?","E","M","?","T","$","M","R","M","E","R","B",null,"M","?","?","M","M","E","$","?","T","E","M","E","R","E","R","B",null],"character_chosen":"WATCHER","items_purchased":["Consecrate","CultistPotion","Frozen Eye","MealTicket","Potion Belt","Protect","Membership Card","CeramicFish","Mummified Hand","Explosive Potion","Melange","Girya","Meat on the Bone","Chemical X","Juzu Bracelet"],"campfire_rested":0,"item_purchase_floors":[5,13,13,13,13,13,19,19,19,19,27,27,27,41,41],"current_hp_per_floor":[72,72,72,72,72,72,72,72,72,72,72,72,72,77,77,77,77,77,77,77,77,77,77,77,77,77,77,77,77,77,77,77,77,77,62,62,62,62,62,62,77,77,77,77,76,76,76,76,76,76],"gold":1285,"neow_bonus":"","is_daily":true,"chose_seed":false,"campfire_upgraded":0,"win_rate":0.0,"timestamp":1608285313,"path_taken":["M","M","M","M","$","E","M","?","T","E","M","?","$","E","R","BOSS","M","$","M","M","?","E","M","?","T","$","?","R","M","E","R","BOSS","M","?","?","M","?","E","?","?","T","E","M","E","R","E","R","BOSS"],"items_purchased_type":["Card","Potion","Relic","Relic","Relic","Card","Relic","Relic","Relic","Potion","Relic","Relic","Relic","Relic","Relic"],"build_version":"2020-12-13","purchased_purges":0,"victory":true,"max_hp_per_floor":[72,72,72,72,72,72,72,72,72,72,72,72,72,77,77,77,77,77,77,77,77,77,77,77,77,77,77,77,77,77,77,77,77,77,77,77,77,77,77,77,77,77,77,77,77,77,77,77,77,77],"card_choices":[{"not_picked":["Conclude","Vengeance"],"picked":"Adaptation","floor":0},{"not_picked":["Weave","FlurryOfBlows"],"picked":"CrushJoints","floor":0},{"not_picked":["Crescendo","SashWhip"],"picked":"PathToVictory","floor":0},{"not_picked":["ThirdEye","Indignation"],"picked":"PathToVictory","floor":0},{"not_picked":["EmptyMind","Nirvana"],"picked":"WheelKick","floor":0},{"not_picked":["Fasting2","JustLucky"],"picked":"ThirdEye","floor":0},{"not_picked":["ClearTheMind","ReachHeaven"],"picked":"Evaluate","floor":0},{"not_picked":["EmptyFist","SignatureMove"],"picked":"PathToVictory","floor":0},{"not_picked":["Discovery","FlurryOfBlows"],"picked":"SashWhip","floor":0},{"not_picked":["JustLucky","EmptyMind"],"picked":"Evaluate","floor":0},{"not_picked":["JustLucky","FollowUp"],"picked":"ThirdEye","floor":0},{"not_picked":["EmptyFist","BowlingBash"],"picked":"MentalFortress","floor":0},{"not_picked":["FlurryOfBlows","EmptyBody"],"picked":"PathToVictory","floor":0},{"not_picked":["FlurryOfBlows","Consecrate"],"picked":"ThirdEye","floor":0},{"not_picked":["Blind","Protect"],"picked":"WindmillStrike","floor":0},{"not_picked":["SashWhip","BowlingBash"],"picked":"FearNoEvil","floor":1},{"not_picked":["ThirdEye","BowlingBash"],"picked":"Protect","floor":2},{"not_picked":["Study","Finesse","CrushJoints"],"picked":"SKIP","floor":3},{"not_picked":["FearNoEvil","Panacea","Crescendo"],"picked":"SKIP","floor":4},{"not_picked":["SashWhip","PathToVictory"],"picked":"Trip","floor":6},{"not_picked":["FollowUp","Good Instincts"],"picked":"InnerPeace","floor":7},{"not_picked":["Sanctity","Tantrum","Halt"],"picked":"SKIP","floor":10},{"not_picked":["Weave","SashWhip"],"picked":"Blind","floor":11},{"not_picked":["Consecrate","BowlingBash","FlyingSleeves"],"picked":"SKIP","floor":12},{"not_picked":["Alpha","CrushJoints","FollowUp"],"picked":"SKIP","floor":14},{"not_picked":["Apotheosis","MasterReality"],"picked":"Secret Technique","floor":16},{"not_picked":["CutThroughFate","PathToVictory","Swivel"],"picked":"SKIP","floor":18},{"not_picked":["WindmillStrike","CrushJoints+1","ClearTheMind"],"picked":"SKIP","floor":20},{"not_picked":["Forethought","Study","InnerPeace"],"picked":"SKIP","floor":21},{"not_picked":["Prostrate+1","CrushJoints+1","EmptyMind"],"picked":"SKIP","floor":23},{"not_picked":["EmptyFist","Consecrate","Weave"],"picked":"SKIP","floor":24},{"not_picked":["EmptyFist","Consecrate","Weave"],"picked":"SKIP","floor":24},{"not_picked":["CutThroughFate+1","Worship"],"picked":"Establishment","floor":28},{"not_picked":["ClearTheMind","CrushJoints+1"],"picked":"Protect","floor":30},{"not_picked":["EmptyBody","ThirdEye","Sanctity"],"picked":"SKIP","floor":31},{"not_picked":["CutThroughFate"],"picked":"SKIP","floor":35},{"not_picked":["SashWhip"],"picked":"SKIP","floor":38},{"not_picked":["SignatureMove"],"picked":"SKIP","floor":39},{"not_picked":["Weave+1"],"picked":"SKIP","floor":40},{"not_picked":["TalkToTheHand+1"],"picked":"SKIP","floor":44},{"not_picked":["Consecrate"],"picked":"SKIP","floor":45},{"not_picked":["Blind+1"],"picked":"SKIP","floor":46},{"not_picked":["WindmillStrike"],"picked":"SKIP","floor":48}],"player_experience":1176028,"relics_obtained":[{"floor":6,"key":"Oddly Smooth Stone"},{"floor":9,"key":"Lantern"},{"floor":10,"key":"Old Coin"},{"floor":14,"key":"Shovel"},{"floor":15,"key":"Sundial"},{"floor":23,"key":"StrikeDummy"},{"floor":26,"key":"InkBottle"},{"floor":31,"key":"Art of War"},{"floor":36,"key":"TungstenRod"},{"floor":40,"key":"Dream Catcher"},{"floor":43,"key":"Orichalcum"},{"floor":44,"key":"Omamori"},{"floor":46,"key":"Boot"},{"floor":48,"key":"Regal Pillow"},{"floor":49,"key":"TeardropLocket"}],"event_choices":[{"damage_healed":0,"gold_gain":0,"player_choice":"Cursed","damage_taken":0,"max_hp_gain":0,"max_hp_loss":0,"event_name":"Wheel of Change","floor":8,"gold_loss":0,"cards_obtained":["Decay"]},{"damage_healed":0,"gold_gain":0,"player_choice":"Opened","damage_taken":0,"relics_obtained":["Turnip"],"max_hp_gain":0,"max_hp_loss":0,"event_name":"The Mausoleum","floor":22,"gold_loss":0},{"cards_removed":["ThirdEye"],"damage_healed":0,"gold_gain":0,"player_choice":"Card Removal","damage_taken":0,"max_hp_gain":0,"max_hp_loss":0,"event_name":"Wheel of Change","floor":25,"gold_loss":0},{"damage_healed":0,"gold_gain":0,"player_choice":"Fight","damage_taken":0,"max_hp_gain":0,"max_hp_loss":0,"event_name":"MindBloom","floor":36,"gold_loss":0},{"damage_healed":0,"gold_gain":0,"player_choice":"Ignored","damage_taken":0,"max_hp_gain":0,"max_hp_loss":0,"event_name":"Upgrade Shrine","floor":37,"gold_loss":0},{"damage_healed":0,"gold_gain":0,"player_choice":"Ignored","damage_taken":0,"max_hp_gain":0,"max_hp_loss":0,"event_name":"Tomb of Lord Red Mask","floor":42,"gold_loss":0}],"is_beta":false,"boss_relics":[{"not_picked":["Tiny House","Ectoplasm"],"picked":"SacredBark"},{"not_picked":["Runic Pyramid","Black Star"],"picked":"Busted Crown"}],"items_purged_floors":[],"is_endless":false,"potions_floor_spawned":[1,2,7,11,14,20,23,24,30,35,38,45,46],"ascension_level":0}}