{"host":"f08kpr20kj92d76t","time":1608270765,"event":{"mods":["AchievementEnabler","BaseMod","Colored Map","Colored Powertips","Downfall","Googly Eyes","Minty Spire (QoL Compilation)","Relic Stats","StSLib"],"gold_per_floor":[99,111,111,123,142,169,193,207,239,14,27,39,139,153,163,258,258,258,308,308,339,339,389,415,426,316,341,358,343,96,146,165,270,270,270,289,306,274,287,337,337,349,376,376,392,442,538,308,323,323,323,323,323],"floor_reached":52,"playtime":5169,"items_purged":["champ:SkillfulDodge","champ:Execute","champ:FlashCut","champ:EndlessRage+1"],"score":809,"play_id":"538d8776-59ea-4b95-87f7-5b81f0022925","local_time":"20201217235245","is_ascension_mode":false,"campfire_choices":[{"floor":1.0,"key":"RECALL"},{"data":"champ:DefensiveStyle","floor":10.0,"key":"SMITH"},{"data":"champ:Improvising","floor":18.0,"key":"SMITH"},{"data":"champ:SteelEdge","floor":20.0,"key":"SMITH"},{"data":"champ:Encircle","floor":22.0,"key":"SMITH"},{"floor":35.0,"key":"REST"},{"floor":44,"key":"REST"}],"circlet_count":0,"master_deck":["champ:Defend+1","champ:Defend+1","champ:Defend+1","champ:Taunt","champ:Shatter","champ:BringItOn","champ:SteelEdge+1","champ:DefensiveStyle+1","champ:DefensiveShout","champ:Duel","champ:Improvising+1","champ:StanceDance","champ:Encircle+1","champ:ShieldThrow","champ:StanceDance","Bite","Bite","Bite","Bite","Bite","champ:ShieldWall","champ:Duel+1","champ:AdrenalArmor+1","champ:ShieldWall+1","champ:AdrenalArmor+1","champ:HoldFirm","champ:AdrenalArmor+1","Apotheosis","expansioncontent:CaCaw+1","expansioncontent:SuperHexaguard","champ:CheapShot"],"relics":["champ:ChampionCrown","champ:LiftRelic","Strawberry","MealTicket","downfall:HeartBlessingRed","downfall:HeartBlessingGreen","downfall:HeartBlessingBlue","downfall:CloakOfManyFaces","CultistMask","FaceOfCleric","NlothsMask","GremlinMask","SsserpentHead","Runic Pyramid","Gambling Chip","Frozen Egg 2","Membership Card","Fusion Hammer","Lantern","Bag of Preparation","ClockworkSouvenir","White Beast Statue","Bottled Flame","Du-Vu Doll","Sling","Bag of Marbles"],"acts_visited":["Exordium","TheCity","TheBeyond","TheEnding"],"potions_floor_usage":[47],"damage_taken":[{"damage":13.0,"enemies":"Jaw Worm","floor":2.0,"turns":5.0},{"damage":8.0,"enemies":"Cultist","floor":4.0,"turns":3.0},{"damage":10.0,"enemies":"Small Slimes","floor":5.0,"turns":4.0},{"damage":27.0,"enemies":"Lagavulin","floor":6.0,"turns":7.0},{"damage":8.0,"enemies":"Exordium Wildlife","floor":8.0,"turns":5.0},{"damage":25.0,"enemies":"Gremlin Nob","floor":9.0,"turns":4.0},{"damage":5.0,"enemies":"2 Fungi Beasts","floor":11.0,"turns":4.0},{"damage":6.0,"enemies":"Large Slime","floor":12.0,"turns":4.0},{"damage":0.0,"enemies":"downfall:FaceTrader","floor":13.0,"turns":5.0},{"damage":7.0,"enemies":"Exordium Thugs","floor":14.0,"turns":5.0},{"damage":0.0,"enemies":"Red Slaver","floor":15.0,"turns":4.0},{"damage":39.0,"enemies":"downfall:Silent","floor":16.0,"turns":10.0},{"damage":12.0,"enemies":"Gremlin Leader","floor":21.0,"turns":8.0},{"damage":5.0,"enemies":"Chosen","floor":25.0,"turns":5.0},{"damage":0.0,"enemies":"downfall:FleeingMerchant","floor":26.0,"turns":4.0},{"damage":29.0,"enemies":"Slavers","floor":27.0,"turns":6.0},{"damage":22.0,"enemies":"Snake Plant","floor":28.0,"turns":7.0},{"damage":21.0,"enemies":"downfall:FleeingMerchant","floor":29.0,"turns":4.0},{"damage":9.0,"enemies":"downfall:FleeingMerchant","floor":30.0,"turns":4.0},{"damage":7.0,"enemies":"Centurion and Healer","floor":32.0,"turns":7.0},{"damage":33.0,"enemies":"downfall:Watcher","floor":33.0,"turns":9.0},{"damage":8.0,"enemies":"Orb Walker","floor":36.0,"turns":4.0},{"damage":14.0,"enemies":"3 Darklings","floor":37.0,"turns":6.0},{"damage":0.0,"enemies":"downfall:FleeingMerchant","floor":38.0,"turns":3.0},{"damage":13,"enemies":"Sphere and 2 Shapes","floor":39,"turns":5},{"damage":15,"enemies":"Spire Growth","floor":42,"turns":5},{"damage":48,"enemies":"Reptomancer","floor":43,"turns":9},{"damage":49,"enemies":"Maw","floor":45,"turns":6},{"damage":30,"enemies":"2 Orb Walkers","floor":47,"turns":6},{"damage":14,"enemies":"Jaw Worm Horde","floor":49,"turns":6},{"damage":81,"enemies":"downfall:Ironclad","floor":50,"turns":11},{"damage":147,"enemies":"downfall:CharBossMerchant","floor":52,"turns":9}],"seed_played":"1189852493488343846","potions_obtained":[{"floor":2.0,"key":"SkillPotion"},{"floor":4.0,"key":"FearPotion"},{"floor":12.0,"key":"DistilledChaos"},{"floor":14.0,"key":"Regen Potion"},{"floor":27.0,"key":"GamblersBrew"},{"floor":43,"key":"Swift Potion"},{"floor":47,"key":"champ:CounterPotion"}],"is_trial":false,"path_per_floor":["R","M","?","M","M","E","T","M","E","R","M","M","?","M","M","B",null,"R","?","R","E","R","?","T","M","$","E","M","$","$","?","M","B",null,"R","M","M","$","M","?","T","M","E","R","M","?","?","$","M","B",null,"E"],"character_chosen":"THE_CHAMP","items_purchased":["champ:ShieldWall","Membership Card","champ:ShieldWall+1","Lantern","Bag of Preparation","ClockworkSouvenir","Apotheosis","Sling","Bag of Marbles"],"campfire_rested":2,"item_purchase_floors":[26,30,30,38,38,38,38,48,48],"current_hp_per_floor":[99,96,96,96,91,81,81,78,58,68,68,62,62,56,57,33,119,119,119,119,117,117,84,84,85,86,66,60,81,88,70,78,70,97,97,98,99,100,101,91,91,99,90,103,104,104,105,105,106,82,107,0,0],"gold":323,"neow_bonus":"TEN_PERCENT_HP_BONUS","is_daily":false,"chose_seed":false,"campfire_upgraded":4,"win_rate":0.0,"timestamp":1608270765,"path_taken":["R","M","?","M","M","E","T","M","E","R","M","M","?","M","M","BOSS","R","?","R","E","R","?","T","M","?","E","M","$","$","?","M","BOSS","R","M","M","$","M","?","T","M","E","R","M","?","?","$","M","BOSS","E"],"items_purchased_type":["Card","Relic","Card","Relic","Relic","Relic","Card","Relic","Relic"],"build_version":"2020-12-13","purchased_purges":4,"victory":false,"max_hp_per_floor":[99,99,99,99,99,106,106,106,106,116,116,116,116,117,118,119,119,119,119,119,120,120,84,84,85,86,87,88,89,90,95,96,97,97,97,98,99,100,101,101,101,102,103,103,104,104,105,105,106,107,107,107,107],"relic_stats":{"SsserpentHead":350,"FaceOfCleric":22,"counters":[32,184],"Gambling Chip":[18],"MealTicket":23,"Bag of Preparation":[16],"obtain_stats":[{"Lantern":38,"champ:ChampionCrown":0,"downfall:HeartBlessingGreen":10,"GremlinMask":13,"Bag of Preparation":38,"Sling":48,"ClockworkSouvenir":38,"SsserpentHead":13,"FaceOfCleric":13,"downfall:HeartBlessingBlue":10,"Strawberry":6,"Gambling Chip":21,"MealTicket":9,"Fusion Hammer":34,"downfall:CloakOfManyFaces":13,"Runic Pyramid":17,"downfall:HeartBlessingRed":10,"Frozen Egg 2":27,"White Beast Statue":41,"Du-Vu Doll":47,"Bottled Flame":43,"champ:LiftRelic":3,"CultistMask":13,"Bag of Marbles":48,"Membership Card":30,"NlothsMask":13},{"Lantern":24,"champ:ChampionCrown":0,"downfall:HeartBlessingGreen":6,"GremlinMask":9,"Bag of Preparation":24,"Sling":29,"ClockworkSouvenir":24,"SsserpentHead":9,"FaceOfCleric":9,"downfall:HeartBlessingBlue":6,"Strawberry":4,"Gambling Chip":13,"MealTicket":6,"Fusion Hammer":21,"downfall:CloakOfManyFaces":9,"Runic Pyramid":12,"downfall:HeartBlessingRed":6,"Frozen Egg 2":16,"White Beast Statue":25,"Du-Vu Doll":29,"Bottled Flame":27,"champ:LiftRelic":1,"CultistMask":9,"Bag of Marbles":29,"Membership Card":19,"NlothsMask":9},{"Lantern":127,"champ:ChampionCrown":0,"downfall:HeartBlessingGreen":28,"GremlinMask":41,"Bag of Preparation":127,"Sling":158,"ClockworkSouvenir":127,"SsserpentHead":41,"FaceOfCleric":41,"downfall:HeartBlessingBlue":28,"Strawberry":19,"Gambling Chip":68,"MealTicket":28,"Fusion Hammer":114,"downfall:CloakOfManyFaces":41,"Runic Pyramid":60,"downfall:HeartBlessingRed":28,"Frozen Egg 2":83,"White Beast Statue":132,"Du-Vu Doll":158,"Bottled Flame":146,"champ:LiftRelic":5,"CultistMask":41,"Bag of Marbles":158,"Membership Card":98,"NlothsMask":41}]},"card_choices":[{"not_picked":["champ:EnGarde","champ:StanceDance"],"picked":"champ:SkillfulDodge","floor":2.0},{"not_picked":["champ:FlashCut","champ:Haymaker"],"picked":"champ:Shatter","floor":4.0},{"not_picked":["champ:RecklessLeap","champ:DefensiveShout"],"picked":"champ:BringItOn","floor":5.0},{"not_picked":["champ:Haymaker","champ:BerserkersShout"],"picked":"champ:SteelEdge","floor":6.0},{"not_picked":["champ:FanOfKnives","champ:RapidStrikes"],"picked":"champ:DefensiveStyle","floor":8.0},{"not_picked":["champ:FightOn","champ:Haymaker"],"picked":"champ:FlashCut","floor":9.0},{"not_picked":["champ:BerserkersShout","champ:TornadoPunch"],"picked":"champ:DefensiveShout","floor":11.0},{"not_picked":["champ:RapidStrikes","champ:Backstep"],"picked":"champ:Duel","floor":12.0},{"not_picked":["champ:Lariat","champ:Haymaker"],"picked":"champ:Improvising","floor":13.0},{"not_picked":["champ:FlashCut","champ:Backstep"],"picked":"champ:StanceDance","floor":14.0},{"not_picked":["champ:CrookedStrike","champ:StanceDance"],"picked":"champ:Encircle","floor":15.0},{"not_picked":["champ:HoldFirm","champ:SteelEdge"],"picked":"champ:ShieldThrow","floor":16.0},{"not_picked":["champ:Shatter","champ:FlashCut"],"picked":"champ:StanceDance","floor":21.0},{"not_picked":["champ:SkillfulDodge","champ:BladeFlurry","champ:FightOn"],"picked":"SKIP","floor":25.0},{"not_picked":["champ:ArenaPreparation+1","champ:Backstep+1","champ:Haymaker"],"picked":"SKIP","floor":26.0},{"not_picked":["champ:Haymaker+1","champ:Duel","champ:Circumvent"],"picked":"SKIP","floor":27.0},{"not_picked":["champ:Encircle","champ:PerfectedStrike"],"picked":"champ:Duel+1","floor":28.0},{"not_picked":["champ:DancingMaster+1","champ:TornadoPunch","champ:Circumvent"],"picked":"SKIP","floor":29.0},{"not_picked":["champ:PerfectedStrike","champ:Encircle"],"picked":"champ:AdrenalArmor+1","floor":30.0},{"not_picked":["champ:BringItOn","champ:Riposte"],"picked":"champ:AdrenalArmor+1","floor":32.0},{"not_picked":["champ:ShieldThrow","champ:DancingMaster+1"],"picked":"champ:HoldFirm","floor":33.0},{"not_picked":["champ:TornadoPunch","champ:FlashCut"],"picked":"champ:AdrenalArmor+1","floor":36.0},{"not_picked":["champ:RapidStrikes","champ:FlashCut"],"picked":"champ:EndlessRage+1","floor":37.0},{"not_picked":["champ:Encircle","champ:FlashCut","champ:EnragedBash"],"picked":"SKIP","floor":39},{"not_picked":["expansioncontent:PrepareCrush","expansioncontent:YouAreMine"],"picked":"expansioncontent:CaCaw+1","floor":40},{"not_picked":["expansioncontent:PolyBeam","expansioncontent:PrepareCrush"],"picked":"expansioncontent:SuperHexaguard","floor":40},{"not_picked":["champ:BladeFlurry","champ:Circumvent","champ:BerserkersShout+1"],"picked":"SKIP","floor":42},{"not_picked":["champ:BladeFlurry","champ:PerfectedStrike"],"picked":"champ:CheapShot","floor":43},{"not_picked":["champ:CrookedStrike+1","champ:HeartStrike","champ:RisingSlash+1"],"picked":"SKIP","floor":45},{"not_picked":["champ:CrookedStrike+1","champ:HeartStrike","champ:RisingSlash+1"],"picked":"SKIP","floor":45},{"not_picked":["champ:Encircle","champ:CrookedStrike","champ:BladeFlurry"],"picked":"SKIP","floor":49}],"player_experience":502145,"relics_obtained":[{"floor":6.0,"key":"Strawberry"},{"floor":9.0,"key":"MealTicket"},{"floor":13.0,"key":"downfall:CloakOfManyFaces"},{"floor":21.0,"key":"Gambling Chip"},{"floor":27.0,"key":"Frozen Egg 2"},{"floor":41,"key":"White Beast Statue"},{"floor":43,"key":"Bottled Flame"},{"floor":47,"key":"Du-Vu Doll"}],"event_choices":[{"damage_healed":0.0,"max_hp_gain":0.0,"max_hp_loss":0.0,"gold_gain":0.0,"event_name":"Back to Basics","player_choice":"Simplicity","floor":19.0,"gold_loss":0.0,"damage_taken":0.0,"cards_upgraded":["champ:Strike","champ:Strike","champ:Strike","champ:Strike","champ:Defend","champ:Defend","champ:Defend","champ:Defend"]},{"damage_healed":0.0,"max_hp_gain":0.0,"max_hp_loss":36.0,"gold_gain":0.0,"event_name":"Vampires","player_choice":"Became a vampire","floor":23.0,"gold_loss":0.0,"damage_taken":0.0,"cards_obtained":["Bite","Bite","Bite","Bite","Bite"]},{"cards_removed":["champ:Defend"],"damage_healed":0,"gold_gain":0,"player_choice":"Removed Skill","damage_taken":0,"max_hp_gain":0,"max_hp_loss":0,"event_name":"Falling","floor":46,"gold_loss":0},{"damage_healed":0,"gold_gain":0,"player_choice":"Fight","damage_taken":0,"max_hp_gain":0,"max_hp_loss":0,"event_name":"Mysterious Sphere","floor":47,"gold_loss":0}],"is_beta":false,"boss_relics":[{"not_picked":["Coffee Dripper","Ectoplasm"],"picked":"Runic Pyramid"},{"not_picked":["champ:ChampionCrownUpgraded","Snecko Eye"],"picked":"Fusion Hammer"}],"items_purged_floors":[26,30,38,48],"is_endless":false,"potions_floor_spawned":[2,4,12,14,16,27,28,32,33,42,43,45,47,49],"killed_by":"downfall:CharBossMerchant","ascension_level":0}}