{"host":"26mrfot5w7uj2ebc","time":1608310788,"event":{"mods":["AchievementEnabler","BaseMod","Colored Map","Minty Spire (QoL Compilation)"],"gold_per_floor":[119,119,294,294,103,103,103,103,128,144,40,79,98,173,173,173,173],"floor_reached":16,"playtime":619,"items_purged":[],"score":96,"play_id":"5644f733-a3ed-4910-8f11-f33beadb57d5","local_time":"20201219015948","is_ascension_mode":false,"campfire_choices":[{"data":"Buffer","floor":6,"key":"SMITH"},{"floor":8,"key":"RECALL"},{"floor":15,"key":"REST"}],"circlet_count":0,"master_deck":["Strike_B","Strike_B","Strike_B","Strike_B","Defend_B","Defend_B","Defend_B","Defend_B","Zap","Dualcast","Buffer+1","FTL","Capacitor","Injury","Hologram","Ball Lightning","Genetic Algorithm","Compile Driver"],"relics":["Cracked Core","Centennial Puzzle","OrangePellets","Golden Idol","Tiny Chest","CeramicFish"],"acts_visited":["Exordium"],"potions_floor_usage":[14],"damage_taken":[{"damage":0,"enemies":"2 Louse","floor":1,"turns":4},{"damage":1,"enemies":"Jaw Worm","floor":10,"turns":4},{"damage":37,"enemies":"3 Sentries","floor":12,"turns":8},{"damage":0,"enemies":"Small Slimes","floor":13,"turns":2},{"damage":28,"enemies":"3 Sentries","floor":14,"turns":8},{"damage":37,"enemies":"Hexaghost","floor":16,"turns":9}],"seed_played":"7845014014025617649","potions_obtained":[{"floor":12,"key":"DuplicationPotion"}],"is_trial":false,"path_per_floor":["M","?","?","?","$","R","?","R","T","M","$","E","M","?","R","B"],"character_chosen":"DEFECT","items_purchased":["Capacitor","OrangePellets","FairyPotion"],"campfire_rested":1,"item_purchase_floors":[5,5,11],"current_hp_per_floor":[68,61,61,61,61,61,61,61,61,60,60,23,23,16,36,0,0],"gold":173,"neow_bonus":"THREE_RARE_CARDS","is_daily":false,"chose_seed":false,"campfire_upgraded":1,"win_rate":0.0,"timestamp":1608310788,"path_taken":["M","?","?","?","?","R","?","R","T","M","$","E","?","?","R","BOSS"],"items_purchased_type":["Card","Relic","Potion"],"build_version":"2020-12-13","purchased_purges":0,"victory":false,"max_hp_per_floor":[68,68,68,68,68,68,68,68,68,68,68,68,68,68,68,68,68],"card_choices":[{"not_picked":["Thunder Strike","Machine Learning"],"picked":"Buffer","floor":0},{"not_picked":["Leap","Darkness"],"picked":"FTL","floor":1},{"not_picked":["Barrage","Sweeping Beam"],"picked":"Hologram","floor":10},{"not_picked":["Barrage","Tempest"],"picked":"Ball Lightning","floor":12},{"not_picked":["Force Field","Storm"],"picked":"Genetic Algorithm","floor":13},{"not_picked":["Doom and Gloom","Reprogram"],"picked":"Compile Driver","floor":14}],"player_experience":171174,"relics_obtained":[{"floor":12,"key":"Tiny Chest"}],"event_choices":[{"damage_healed":0,"gold_gain":0,"player_choice":"Success","damage_taken":7,"relics_obtained":["Centennial Puzzle"],"max_hp_gain":0,"max_hp_loss":0,"event_name":"Scrap Ooze","floor":2,"gold_loss":0},{"damage_healed":0,"gold_gain":175,"player_choice":"AGREE","damage_taken":0,"max_hp_gain":0,"max_hp_loss":0,"event_name":"Liars Game","floor":3,"gold_loss":0,"cards_obtained":["Doubt"]},{"cards_removed":["Doubt"],"damage_healed":0,"gold_gain":0,"player_choice":"Forget","damage_taken":0,"max_hp_gain":0,"max_hp_loss":0,"event_name":"Living Wall","floor":4,"gold_loss":0},{"damage_healed":0,"gold_gain":0,"player_choice":"Take Wound","damage_taken":0,"relics_obtained":["Golden Idol"],"max_hp_gain":0,"max_hp_loss":0,"event_name":"Golden Idol","floor":7,"gold_loss":0,"cards_obtained":["Injury"]},{"damage_healed":0,"gold_gain":30,"player_choice":"Searched \u00273\u0027 times","damage_taken":0,"relics_obtained":["CeramicFish"],"max_hp_gain":0,"max_hp_loss":0,"event_name":"Dead Adventurer","floor":14,"gold_loss":0}],"is_beta":false,"boss_relics":[],"items_purged_floors":[],"is_endless":false,"potions_floor_spawned":[12],"killed_by":"Hexaghost","ascension_level":0}}