{"host":"l8k579n63ej0vska","time":1608309644,"event":{"mods":["BaseMod","Colored Map","Infinite Spire","Minty Spire (QoL Compilation)","Replay The Spire","StSLib","The Bug Knight"],"gold_per_floor":[117,117,267,342,34,34,50,66,66,66,97,110,125,144,144,217,217,237,157,173,193,118,118,118,118,118,136,155,155,155],"floor_reached":29,"playtime":1681,"items_purged":[],"score":485,"play_id":"4e380050-ec65-4683-934b-ada5ad7641c4","local_time":"20201218174044","is_ascension_mode":true,"campfire_choices":[{"data":"Accuracy","floor":6,"key":"SMITH"},{"data":"Cloak And Dagger","floor":10,"key":"SMITH"},{"data":"Fluid Movement","floor":15,"key":"SMITH"},{"data":"infinitespire:Neurotoxin","floor":23,"key":"SMITH"},{"data":"Accuracy","floor":25,"key":"SMITH"}],"circlet_count":0,"master_deck":["AscendersBane","Strike_G","Strike_G","Strike_G","Strike_G","Strike_G","Defend_G","Defend_G","Defend_G","Defend_G","Survivor","Neutralize","Accuracy+1","Infinite Blades+1","Cloak And Dagger+1","Prepared","Fluid Movement+1","Footwork","Blade Dance","Corpse Explosion","Writhe","infinitespire:Neurotoxin+1","Good Instincts","infinitespire:Collect","Accuracy+1","Terror","ReplayTheSpireMod:Speed Training","Phantasmal Killer","Accuracy"],"relics":["Ring of the Snake","Medical Kit","Regal Pillow","Meat on the Bone","Kunai","ReplayTheSpireMod:SealedPack","Counterbalance"],"acts_visited":["Exordium","TheCity"],"potions_floor_usage":[12,16,17,18,21,28,28],"damage_taken":[{"damage":4,"enemies":"Small Slimes","floor":1,"turns":4},{"damage":3,"enemies":"2 Louse","floor":7,"turns":3},{"damage":0,"enemies":"Cultist","floor":8,"turns":3},{"damage":28,"enemies":"Gremlin Nob","floor":11,"turns":4},{"damage":7,"enemies":"Exordium Thugs","floor":12,"turns":4},{"damage":11,"enemies":"Large Slime","floor":13,"turns":6},{"damage":2,"enemies":"Blue Slaver","floor":14,"turns":5},{"damage":0,"enemies":"Hexaghost","floor":16,"turns":10},{"damage":13,"enemies":"Spheric Guardian","floor":18,"turns":7},{"damage":0,"enemies":"3 Byrds","floor":20,"turns":6},{"damage":0,"enemies":"Centurion and Healer","floor":21,"turns":6},{"damage":37,"enemies":"Shelled Parasite and Fungi","floor":27,"turns":5},{"damage":25,"enemies":"Sentry and Sphere","floor":28,"turns":4},{"damage":19,"enemies":"Nightmare","floor":29,"turns":6}],"seed_played":"4222712007567929267","potions_obtained":[{"floor":11,"key":"Languid Potion"},{"floor":12,"key":"Energy Potion"},{"floor":16,"key":"EntropicBrew"},{"floor":18,"key":"Block Potion"},{"floor":21,"key":"SpeedPotion"},{"floor":27,"key":"SpeedPotion"}],"is_trial":false,"path_per_floor":["M","?","?","?","$","R","M","M","T","R","E","M","M","M","R","B",null,"M","?","M","M","?","R","?","R","T","M","M","NM"],"character_chosen":"THE_SILENT","items_purchased":["Medical Kit","Regal Pillow"],"campfire_rested":0,"item_purchase_floors":[5,5],"current_hp_per_floor":[61,61,61,50,50,50,47,47,47,47,31,36,37,47,47,47,66,53,53,53,53,53,53,53,53,53,28,15,0,0],"gold":155,"neow_bonus":"TEN_PERCENT_HP_BONUS","is_daily":false,"chose_seed":false,"campfire_upgraded":5,"win_rate":0.0,"timestamp":1608309644,"path_taken":["M","?","?","?","?","R","M","M","T","R","E","M","?","M","R","BOSS","M","?","M","M","?","R","?","R","T","?","M","NM"],"items_purchased_type":["Relic","Relic"],"build_version":"2020-12-13","purchased_purges":0,"victory":false,"max_hp_per_floor":[72,72,72,72,72,72,72,72,72,72,72,72,72,72,72,72,72,72,72,72,72,72,72,72,72,72,72,72,72,72],"card_choices":[{"not_picked":["Replay:Poison Smokescreen","Underhanded Strike"],"picked":"Accuracy","floor":1},{"not_picked":["Slice","Riddle With Holes"],"picked":"Cloak And Dagger","floor":7},{"not_picked":["Underhanded Strike","Finisher"],"picked":"Prepared","floor":8},{"not_picked":["ReplayTheSpireMod:The Works","Wraith Form v2"],"picked":"Fluid Movement","floor":11},{"not_picked":["ReplayTheSpireMod:Tripwire","Toxin Wave"],"picked":"Footwork","floor":12},{"not_picked":["Leg Sweep","Underhanded Strike","Draining Mist"],"picked":"SKIP","floor":13},{"not_picked":["Replay:Poison Smokescreen","Draining Mist"],"picked":"Blade Dance","floor":14},{"not_picked":["Wraith Form v2","Replay:Bag of Tricks"],"picked":"Corpse Explosion","floor":16},{"not_picked":["Tools of the Trade","Glass Knife"],"picked":"infinitespire:Neurotoxin","floor":17},{"not_picked":["Flash of Steel","Replay:Bootleg Shield Generator"],"picked":"Good Instincts","floor":17},{"not_picked":["infinitespire:SevenWalls","infinitespire:FutureSight"],"picked":"infinitespire:Collect","floor":17},{"not_picked":["Prepared","All Out Attack"],"picked":"Accuracy","floor":18},{"not_picked":["PiercingWail","ReplayTheSpireMod:Tripwire"],"picked":"Terror","floor":20},{"not_picked":["Slice","Sucker Punch+1"],"picked":"ReplayTheSpireMod:Speed Training","floor":21},{"not_picked":["Heel Hook","Underhanded Strike"],"picked":"Phantasmal Killer","floor":27},{"not_picked":["Flechettes","Backflip+1"],"picked":"Accuracy","floor":28}],"player_experience":1634084,"relics_obtained":[{"floor":9,"key":"Meat on the Bone"},{"floor":11,"key":"Kunai"},{"floor":26,"key":"Counterbalance"}],"event_choices":[{"damage_healed":0,"gold_gain":150,"player_choice":"AGREE","damage_taken":0,"max_hp_gain":0,"max_hp_loss":0,"event_name":"Liars Game","floor":3,"gold_loss":0,"cards_obtained":["Doubt"]},{"damage_healed":0,"gold_gain":75,"player_choice":"Gather Gold","damage_taken":11,"max_hp_gain":0,"max_hp_loss":0,"event_name":"World of Goop","floor":4,"gold_loss":0},{"cards_removed":["Doubt"],"damage_healed":0,"gold_gain":0,"player_choice":"Gave Gold","damage_taken":0,"max_hp_gain":0,"max_hp_loss":0,"event_name":"Beggar","floor":22,"gold_loss":75},{"damage_healed":0,"gold_gain":0,"player_choice":"0 cards matched","damage_taken":0,"max_hp_gain":0,"max_hp_loss":0,"event_name":"Match and Keep!","floor":24,"gold_loss":0,"cards_obtained":[]}],"is_beta":false,"boss_relics":[{"not_picked":["Tiny House","SlaversCollar"],"picked":"ReplayTheSpireMod:SealedPack"}],"items_purged_floors":[],"is_endless":false,"potions_floor_spawned":[11,12,16,18,21,27],"killed_by":"Nightmare","ascension_level":15}}