{"host":"odz7g4gpgch153rb","time":1608321558,"event":{"mods":["AchievementEnabler","BaseMod","Better Match","Better Third Choice","BetterRewards","GifTheSpireLib","Infinite Spire","Jedi Mod","Minty Spire (QoL Compilation)","Quick Restart","Replay The Spire","Spikes Relics","StSLib","Stuff the Spire","The Blue Laboratory","Trackpad"],"gold_per_floor":[113,128,128,203,128,161,173,218,276,288,325,337,365,377,389,478,490,520,552,564,588,600,638,650,673,685,697,723,755,442,457,457,531,531,543,543,556,556,571,571,571,571,571,571,571,230,230,242,242,242],"floor_reached":51,"playtime":2522,"items_purged":["Defend_R","Defend_R"],"score":1267,"play_id":"02c06c1c-d858-4f38-99a6-17fc4e292603","local_time":"20201218145918","is_ascension_mode":true,"campfire_choices":[{"data":"Perfected Strike","floor":7,"key":"SMITH"},{"floor":10,"key":"REST"},{"data":"Iron Wave","floor":12,"key":"SMITH"},{"data":"Shrug It Off","floor":15,"key":"SMITH"},{"data":"Bludgeon","floor":24,"key":"SMITH"},{"data":"Iron Wave","floor":27,"key":"SMITH"},{"floor":32,"key":"REST"},{"floor":40,"key":"REST"},{"data":"jedi:harder","floor":42,"key":"SMITH"},{"data":"infinitespire:SevenWalls","floor":44,"key":"SMITH"},{"data":"PlatinumSkin","floor":47,"key":"SMITH"},{"floor":49,"key":"REST"}],"circlet_count":0,"master_deck":["AscendersBane","Strike_R","Strike_R","Strike_R","Strike_R","Strike_R","Defend_R+1","Defend_R+1","Bash+1","Shrug It Off+1","Perfected Strike+1","Iron Wave+1","Bludgeon+1","Twin Strike","infinitespire:FinalStrike+1","Iron Wave+1","Iron Wave+1","BarbarianYell+1","Twin Strike","jedi:harder+1","infinitespire:SevenWalls+1","PlatinumSkin+1"],"relics":["Burning Blood","NeowsBlessing","MawBank","Letter Opener","StuffTheSpire:OldFever","Red Skull","Busted Crown","Strawberry","StuffTheSpire:Mouthbags","trackpad:IceCube","Toy Ornithopter","Philosopher\u0027s Stone","Lantern","Replay:Bottled Flurry","War Paint"],"acts_visited":["Exordium","TheCity","TheBeyond"],"potions_floor_usage":[16,16,21,23,33,50,50],"damage_taken":[{"damage":0,"enemies":"2 Louse","floor":1,"turns":1},{"damage":0,"enemies":"Jaw Worm","floor":2,"turns":1},{"damage":0,"enemies":"Gremlin Nob","floor":6,"turns":1},{"damage":36,"enemies":"Lagavulin","floor":8,"turns":7},{"damage":5,"enemies":"3 Sentries","floor":11,"turns":8},{"damage":0,"enemies":"Cultist","floor":13,"turns":3},{"damage":7,"enemies":"Slime Boss","floor":16,"turns":8},{"damage":17,"enemies":"Shell Parasite","floor":18,"turns":4},{"damage":8,"enemies":"2 Thieves","floor":19,"turns":3},{"damage":6,"enemies":"3 Cultists","floor":21,"turns":3},{"damage":31,"enemies":"Book of Stabbing","floor":23,"turns":5},{"damage":0,"enemies":"Snake Plant","floor":25,"turns":1},{"damage":0,"enemies":"Snecko","floor":28,"turns":2},{"damage":0,"enemies":"Cultist and Chosen","floor":29,"turns":3},{"damage":16,"enemies":"Centurion and Healer","floor":31,"turns":4},{"damage":63,"enemies":"Champ","floor":33,"turns":7},{"damage":17,"enemies":"3 Darklings","floor":35,"turns":3},{"damage":4,"enemies":"3 Shapes","floor":37,"turns":2},{"damage":14,"enemies":"Spire Growth","floor":39,"turns":4},{"damage":0,"enemies":"Sphere and 2 Shapes","floor":48,"turns":3},{"damage":29,"enemies":"Awakened One","floor":50,"turns":13}],"seed_played":"-7458966747766500119","potions_obtained":[{"floor":6,"key":"blueLaboratory:AbyssPotion"},{"floor":8,"key":"SkillPotion"},{"floor":13,"key":"DistilledChaos"},{"floor":16,"key":"Languid Potion"},{"floor":19,"key":"Fire Potion"},{"floor":28,"key":"jedi:wingpotion"},{"floor":31,"key":"blueLaboratory:LouseDecoction"},{"floor":35,"key":"blueLaboratory:PhilterOfMotion"},{"floor":48,"key":"BlessingOfTheForge"}],"is_trial":false,"path_per_floor":["M","M","?","?","$","E","R","E","T","R","E","R","M","?","R","B",null,"M","M","AVR","M","?","E","R","M","T","R","M","M","$","M","R","B",null,"M","?","M","?","M","R","T","R","T","R","?","$","R","M","R","B",null],"character_chosen":"IRONCLAD","items_purchased":["Twin Strike","Toy Ornithopter","War Paint","Ancient Potion","PlatinumSkin"],"campfire_rested":4,"item_purchase_floors":[30,30,46,46,46],"current_hp_per_floor":[74,75,52,41,41,47,47,17,17,39,40,40,46,46,46,45,68,57,55,62,62,62,37,37,43,43,43,49,55,55,45,69,17,66,55,55,57,39,31,54,54,54,54,54,54,54,54,60,78,60],"gold":242,"neow_bonus":"THREE_ENEMY_KILL","is_daily":false,"chose_seed":false,"campfire_upgraded":8,"win_rate":0.0,"timestamp":1608321558,"path_taken":["M","M","?","?","$","E","R","E","T","R","E","R","?","?","R","BOSS","M","M","AVR","M","?","E","R","M","T","R","?","?","$","M","R","BOSS","M","?","M","?","M","R","?","R","T","R","?","$","R","M","R","BOSS"],"items_purchased_type":["Card","Relic","Relic","Potion","Card"],"build_version":"2020-12-13","purchased_purges":2,"victory":true,"max_hp_per_floor":[75,75,75,75,75,75,75,75,75,75,75,75,75,75,75,75,75,75,75,82,82,82,82,82,82,82,82,82,82,82,82,82,82,82,82,78,78,78,78,78,78,78,78,78,78,78,78,78,78,78],"card_choices":[{"not_picked":["Searing Blow","Warcry"],"picked":"Iron Wave","floor":1},{"not_picked":["Evolve","ReplayTheSpireMod:Muscle Training"],"picked":"Shrug It Off","floor":2},{"not_picked":["Flex","Second Wind"],"picked":"Perfected Strike","floor":6},{"not_picked":["Second Wind","Clothesline","Bloodletting"],"picked":"SKIP","floor":8},{"not_picked":["Thunderclap","jedi:MakeshiftSword"],"picked":"Iron Wave","floor":11},{"not_picked":["jedi:suffering","ReplayReversal","Wild Strike"],"picked":"SKIP","floor":13},{"not_picked":["Hemogenesis","Brutality"],"picked":"Bludgeon","floor":16},{"not_picked":[],"picked":"Twin Strike","floor":18},{"not_picked":["ReplayReversal"],"picked":"SKIP","floor":19},{"not_picked":["Absolvement"],"picked":"SKIP","floor":21},{"not_picked":["Defy Death"],"picked":"SKIP","floor":23},{"not_picked":[],"picked":"Iron Wave","floor":25},{"not_picked":["Whirlwind+1"],"picked":"SKIP","floor":28},{"not_picked":[],"picked":"BarbarianYell","floor":29},{"not_picked":["Pommel Strike"],"picked":"SKIP","floor":31},{"not_picked":[],"picked":"jedi:harder","floor":33},{"not_picked":["Run Through"],"picked":"SKIP","floor":35},{"not_picked":["Rupture"],"picked":"SKIP","floor":37},{"not_picked":["infinitespire:NeuralNetwork","infinitespire:Menacing"],"picked":"infinitespire:SevenWalls","floor":38},{"not_picked":["Fire Breathing"],"picked":"SKIP","floor":39},{"not_picked":["Clothesline"],"picked":"SKIP","floor":48}],"player_experience":913560,"relics_obtained":[{"floor":6,"key":"MawBank"},{"floor":8,"key":"Letter Opener"},{"floor":9,"key":"StuffTheSpire:OldFever"},{"floor":11,"key":"Red Skull"},{"floor":23,"key":"StuffTheSpire:Mouthbags"},{"floor":26,"key":"trackpad:IceCube"},{"floor":41,"key":"Lantern"},{"floor":43,"key":"Replay:Bottled Flurry"}],"event_choices":[{"damage_healed":75,"gold_gain":0,"player_choice":"Upgrade","damage_taken":23,"max_hp_gain":0,"max_hp_loss":75,"event_name":"betterThird:BetterShining","floor":3,"gold_loss":0,"cards_upgraded":["Defend_R","Iron Wave"]},{"damage_healed":0,"gold_gain":75,"player_choice":"Gold","damage_taken":11,"max_hp_gain":0,"max_hp_loss":0,"event_name":"betterThird:BetterGoop","floor":4,"gold_loss":0},{"damage_healed":0,"gold_gain":0,"player_choice":"Grow","damage_taken":0,"max_hp_gain":0,"max_hp_loss":0,"event_name":"Living Wall","floor":14,"gold_loss":0,"cards_upgraded":["Bash"]},{"damage_healed":0,"gold_gain":0,"player_choice":"Forge","damage_taken":0,"max_hp_gain":0,"max_hp_loss":0,"event_name":"Accursed Blacksmith","floor":22,"gold_loss":0,"cards_upgraded":["infinitespire:FinalStrike"]},{"damage_healed":0,"gold_gain":0,"player_choice":"Max HP","damage_taken":0,"max_hp_gain":0,"max_hp_loss":4,"event_name":"Winding Halls","floor":36,"gold_loss":0},{"damage_healed":0,"gold_gain":0,"player_choice":"Ignored","damage_taken":0,"max_hp_gain":0,"max_hp_loss":0,"event_name":"Tomb of Lord Red Mask","floor":45,"gold_loss":0}],"is_beta":false,"boss_relics":[{"not_picked":["infinitespire:Burning Sword","Empty Cage"],"picked":"Busted Crown"},{"not_picked":["StuffTheSpire:RunicConfusion","CosmicIsotope"],"picked":"Philosopher\u0027s Stone"}],"items_purged_floors":[5,30],"is_endless":false,"potions_floor_spawned":[6,8,13,16,19,25,28,31,35,48],"ascension_level":17}}