{"host":"970o1nclt6rqqnly","time":1608325907,"event":{"mods":["AchievementEnabler","Act Like it!","Aspiration","Bard","BaseMod","Better Altar","Better Match","Better Note","Better Sensory Stone","Better Skull","Better Third Choice","BetterRewards","CCEM","Clawfect","Conspire","Downfall","GifTheSpireLib","Halation","Hallownest","Hermit","Highlight Path","Hubris","Hunter ??","Infinite Spire","Mad Scientist","Mimic Mod","Minty Spire (QoL Compilation)","Permanent Neow","Replay The Spire","Shade Mod","Shop Mod","Spicy Shops","StSLib","Stuff the Spire","The Bug Knight","The Construct","The Cursed","The Disciple","The Hierophant","The Jungle","The Necromancer","The Problem Sleuth","The Runesmith","The Spell Scribe","The Witch","Unceasing Turn Reminder","everything is the same but u backflip on backflip"],"gold_per_floor":[99,9,29,39,39,39,66,77,77,109,125,138,153,153,168,264,264,264,284,304,304,315,315,315,315,327,327,252,252,19,37,97,196,196,196],"floor_reached":34,"playtime":2997,"items_purged":["Guardian:TimeCapacitor"],"score":406,"play_id":"774976fd-8e07-40f2-8a9c-972befb06b75","local_time":"20201218191147","is_ascension_mode":false,"campfire_choices":[{"data":"Guardian:CurlUp","floor":1,"key":"SMITH"},{"data":"Guardian:WalkerClaw","floor":5,"key":"SMITH"},{"data":"Guardian:Defend_Guardian","floor":9,"key":"SMITH"},{"data":"Guardian:ShieldCharger","floor":18,"key":"SMITH"},{"data":"Guardian:AncientConstruct","floor":21,"key":"SMITH"},{"data":"Guardian:ShieldSpikes","floor":27,"key":"SMITH"}],"circlet_count":0,"master_deck":["Guardian:Strike_Guardian","Guardian:Strike_Guardian","Guardian:Strike_Guardian","Guardian:Defend_Guardian","Guardian:Defend_Guardian+1","Guardian:Defend_Guardian","Guardian:Defend_Guardian","Guardian:CurlUp+1","Guardian:TwinSlam+1","Guardian:WalkerClaw+1","Guardian:TimeBomb","Guardian:Reroute","Guardian:ShieldCharger+1","Guardian:WalkerClaw","Writhe","Guardian:AncientConstruct+1","Guardian:ShieldSpikes+1","Hallownest:curseDreamersLament","Guardian:ShieldSpikes+1","Guardian:Gem_Green","Guardian:Gem_Fragmented","Guardian:Gem_White","Guardian:BaubleBeam"],"relics":["Guardian:ModeShifter","Potion Belt","Thread and Needle","StuffTheSpire:RunicConfusion","Red Mask","Bottled Tornado","Hallownest:WatcherSealRelic","HandDrill","hubris:VirtuousBlindfold"],"acts_visited":["Exordium","Hallownest:Greenpath","Hallownest:CityofTears"],"potions_floor_usage":[16,16,16,16,16,26,26,33,33],"damage_taken":[{"damage":5,"enemies":"downfall:FleeingMerchant","floor":2,"turns":4},{"damage":0,"enemies":"Hallownest:monsterHuskWarrior","floor":3,"turns":3},{"damage":0,"enemies":"Hallownest:2_Tiktiks_and_1_Crawlid","floor":4,"turns":5},{"damage":0,"enemies":"Hallownest:2_Baldur","floor":8,"turns":2},{"damage":24,"enemies":"Hallownest:eliteCrystalGuardian","floor":10,"turns":6},{"damage":0,"enemies":"Hallownest:Wandering_and_Horned","floor":11,"turns":4},{"damage":0,"enemies":"Hallownest:monsterMossCharger","floor":12,"turns":4},{"damage":2,"enemies":"Hallownest:Guard_and_Warrior","floor":13,"turns":6},{"damage":0,"enemies":"Hallownest:monsterAspidMother","floor":15,"turns":6},{"damage":0,"enemies":"downfall:Silent","floor":16,"turns":7},{"damage":12,"enemies":"Hallownest:Flukemon_and_Top","floor":19,"turns":5},{"damage":0,"enemies":"Hallownest:2_Mistakes","floor":20,"turns":8},{"damage":0,"enemies":"Hallownest:Warrior_and_Youth","floor":22,"turns":5},{"damage":17,"enemies":"Hallownest:2_Husk_Sentries","floor":26,"turns":4},{"damage":1,"enemies":"downfall:FleeingMerchant","floor":30,"turns":4},{"damage":0,"enemies":"Hallownest:monsterShrumalOgre","floor":31,"turns":5},{"damage":5,"enemies":"Hallownest:Glutton_and_Coward","floor":32,"turns":7},{"damage":25,"enemies":"downfall:Defect","floor":33,"turns":9}],"seed_played":"-1656231825483682379","potions_obtained":[{"floor":4,"key":"Weak Potion"},{"floor":10,"key":"BlessingOfTheForge"},{"floor":12,"key":"FearPotion"},{"floor":13,"key":"EssenceOfSteel"},{"floor":15,"key":"LiquidMemories"},{"floor":16,"key":"LiquidBronze"},{"floor":19,"key":"Block Potion"},{"floor":20,"key":"SpeedPotion"},{"floor":31,"key":"Guardian:DefensiveModePotion"}],"is_trial":false,"path_per_floor":["R","$","M","M","R","?","T","M","R","E","M","M","M","?","M","B",null,"R","M","M","R","M","?","T","?","M","R","?","?","$","M","M","B",null],"character_chosen":"GUARDIAN","items_purchased":["Guardian:TimeBomb","HandDrill"],"campfire_rested":0,"item_purchase_floors":[2,30],"current_hp_per_floor":[80,75,75,75,75,75,75,75,75,51,51,51,49,59,59,59,90,90,78,78,78,78,78,78,78,61,61,61,61,60,60,55,30,90,90],"gold":196,"neow_bonus":"UPGRADE_CARD","is_daily":false,"chose_seed":false,"campfire_upgraded":6,"win_rate":0.0,"timestamp":1608325907,"path_taken":["R","$","M","M","R","?","T","M","R","E","M","M","M","?","M","BOSS","R","M","M","R","M","?","T","?","M","R","?","?","$","M","M","BOSS"],"items_purchased_type":["Card","Relic"],"build_version":"2020-12-13","purchased_purges":1,"victory":false,"max_hp_per_floor":[80,80,80,80,80,80,80,80,80,80,80,80,80,90,90,90,90,90,90,90,90,90,90,90,90,90,90,90,90,90,90,90,90,90,90],"card_choices":[{"not_picked":["Guardian:Reroute","Guardian:TemporalStrike"],"picked":"Guardian:WalkerClaw","floor":2},{"not_picked":["Guardian:Planning","Guardian:BronzeOrb"],"picked":"Guardian:Gem_Lightblue","floor":3},{"not_picked":["Guardian:EvasiveProtocol","Guardian:Suspension"],"picked":"Guardian:Gem_Lightblue","floor":4},{"not_picked":["Guardian:Planning","Guardian:Gem_Green"],"picked":"Guardian:Gem_Blue","floor":8},{"not_picked":["Guardian:Recover","Guardian:StasisStrike"],"picked":"Guardian:Reroute","floor":10},{"not_picked":["Guardian:TemporalStrike","Guardian:DonusPower"],"picked":"Guardian:ShieldCharger","floor":11},{"not_picked":["Guardian:Harden","Guardian:PrimingBeam"],"picked":"Guardian:WalkerClaw","floor":12},{"not_picked":["Guardian:ChargeCore","Guardian:Suspension"],"picked":"Guardian:Gem_Green","floor":13},{"not_picked":["Guardian:PrimingBeam","Guardian:TemporalStrike"],"picked":"Guardian:Gem_Orange","floor":15},{"not_picked":["Guardian:SphericShield","Guardian:StasisStrike"],"picked":"Guardian:AncientConstruct","floor":16},{"not_picked":["Guardian:ShieldSpikes","Guardian:RollAttack"],"picked":"Guardian:Gem_Cyan","floor":19},{"not_picked":["Guardian:TemporalStrike","Guardian:Planning"],"picked":"Guardian:TimeCapacitor","floor":20},{"not_picked":["Guardian:EvasiveProtocol","Guardian:Gem_Lightblue"],"picked":"Guardian:ShieldSpikes","floor":22},{"not_picked":["Guardian:Gem_Green","Guardian:RevengeProtocol"],"picked":"Guardian:ShieldSpikes+1","floor":26},{"not_picked":["Guardian:ShieldSpikes+1","Guardian:MultiBeam"],"picked":"Guardian:Gem_Fragmented","floor":30},{"not_picked":["Guardian:Recover","Guardian:ChargeCore","Guardian:RollAttack"],"picked":"SKIP","floor":31},{"not_picked":["Guardian:CrystalBeam","Guardian:WalkerClaw+1"],"picked":"Guardian:Gem_White","floor":32},{"not_picked":["Guardian:TimeSifter","Guardian:ConstructionForm"],"picked":"Guardian:BaubleBeam","floor":33}],"player_experience":17380,"relics_obtained":[{"floor":7,"key":"Potion Belt"},{"floor":10,"key":"Thread and Needle"},{"floor":24,"key":"Bottled Tornado"}],"event_choices":[{"damage_healed":0,"gold_gain":0,"player_choice":"Leave","damage_taken":0,"max_hp_gain":0,"max_hp_loss":0,"event_name":"conspire:Investor","floor":6,"gold_loss":0},{"damage_healed":0,"gold_gain":0,"player_choice":"3","damage_taken":0,"max_hp_gain":0,"max_hp_loss":0,"event_name":"betterMatch:BetterMatch","floor":28,"gold_loss":0,"cards_obtained":[]}],"is_beta":false,"boss_relics":[{"not_picked":["ReplayTheSpireMod:SealedPack","aspiration:RitualDagger"],"picked":"StuffTheSpire:RunicConfusion"},{"not_picked":["halation:Risk","conspire:SlowCooker"],"picked":"hubris:VirtuousBlindfold"}],"items_purged_floors":[30],"is_endless":false,"potions_floor_spawned":[4,10,12,13,15,16,19,20,31],"ascension_level":0}}