{"host":"0cnf9zf1gia27zti","time":1608333229,"event":{"mods":["BaseMod","BetterRewards","Card Forge","Colored Map","Colored Powertips","Conspire","Downfall","Minty Spire (QoL Compilation)","Practice Mode","Quick Restart","Replay The Spire","Robot Space Explorer","Shade Mod","Spicy Shops","StSLib"],"gold_per_floor":[114,40,5,23,98,98,98,98,124,158,178,178,178,198,198,293,293,313,313,313,21,37,37,37],"floor_reached":23,"playtime":8388,"items_purged":["Shame"],"score":318,"play_id":"2bce2bf6-bc13-44cc-b608-ec7a2456a666","local_time":"20201218231349","is_ascension_mode":true,"campfire_choices":[{"floor":7,"key":"REST"},{"floor":12,"key":"REST"},{"floor":15,"key":"REST"}],"circlet_count":0,"master_deck":["AscendersBane","Strike_B","Strike_B+1","Strike_B","Strike_B","Defend_B","Defend_B","Defend_B","Defend_B","Zap","Dualcast","ReplayTheSpireMod:Brewmster","Machine Learning","Electrodynamics","Barrage+1","Glacier","Reinforced Body","Auto Shields","Injury","Chill","Sweeping Beam","Creative AI","Buffer","Redo","Conserve Battery+1","Melter"],"relics":["Cracked Core","Hammer of Thor","Seething Fire","Anvil of the Gods","conspire:DecoderRing","ReplayTheSpireMod:CursedCoin","conspire:Dentures","Golden Idol","Whetstone","MealTicket","Black Star","Golden Egg"],"acts_visited":["Exordium","TheCity"],"potions_floor_usage":[10,10,10,10,11,14,16,16,16,18,23],"damage_taken":[{"damage":8,"enemies":"2 Louse","floor":1,"turns":3},{"damage":10,"enemies":"Small Slimes","floor":4,"turns":4},{"damage":32,"enemies":"Gremlin Nob","floor":10,"turns":6},{"damage":4,"enemies":"Jaw Worm","floor":11,"turns":6},{"damage":0,"enemies":"3 Louse","floor":14,"turns":1},{"damage":9,"enemies":"Slime Boss","floor":16,"turns":8},{"damage":15,"enemies":"Chosen","floor":18,"turns":5},{"damage":34,"enemies":"Shell Parasite","floor":22,"turns":12},{"damage":15,"enemies":"Book of Stabbing","floor":23,"turns":6}],"seed_played":"4356761730958834891","potions_obtained":[{"floor":4,"key":"AttackPotion"},{"floor":14,"key":"sneckomod:MuddlingPotion"},{"floor":22,"key":"Dexterity Potion"}],"is_trial":false,"path_per_floor":["M","$","?","M","?","$","R","?","T","E","M","R","?","M","R","B",null,"M","?","?","$","M","E"],"character_chosen":"DEFECT","items_purchased":["ReplayTheSpireMod:Brewmster","Machine Learning","conspire:DecoderRing","ReplayTheSpireMod:CursedCoin","Electrodynamics","conspire:Dentures","Barrage","Reinforced Body","Golden Egg","Conserve Battery"],"campfire_rested":3,"item_purchase_floors":[0,0,0,0,0,0,0,2,21,21],"current_hp_per_floor":[24,24,41,31,20,20,41,41,41,9,5,26,26,26,47,38,63,48,48,48,63,29,14,14],"gold":37,"neow_bonus":"","is_daily":false,"chose_seed":false,"campfire_upgraded":0,"win_rate":0.0,"timestamp":1608333229,"path_taken":["M","$","?","M","?","$","R","?","T","E","M","R","?","M","R","BOSS","M","?","?","?","M","E"],"items_purchased_type":["Card","Card","Relic","Relic","Card","Relic","Card","Card","Relic","Card"],"build_version":"2020-12-13","purchased_purges":1,"victory":false,"max_hp_per_floor":[71,71,71,71,71,71,71,71,71,71,71,71,71,71,71,71,71,71,71,71,71,71,71,71],"card_choices":[{"not_picked":["Genetic Algorithm","Steam"],"picked":"Glacier","floor":1},{"not_picked":["Ball Lightning","Turbo"],"picked":"Auto Shields","floor":4},{"not_picked":["Sweeping Beam","Darkness"],"picked":"Chill","floor":10},{"not_picked":["Steam","Coolheaded"],"picked":"Sweeping Beam","floor":11},{"not_picked":["Double Energy","Leap"],"picked":"Creative AI","floor":14},{"not_picked":["Core Surge","Mirror Shield"],"picked":"Buffer","floor":16},{"not_picked":["Aggregate","Hologram"],"picked":"Redo","floor":18},{"not_picked":["Compile Driver","Storm"],"picked":"Melter","floor":22}],"player_experience":2139685,"relics_obtained":[{"floor":9,"key":"Whetstone"},{"floor":10,"key":"MealTicket"}],"event_choices":[{"damage_healed":17,"gold_gain":0,"player_choice":"Healed","damage_taken":0,"max_hp_gain":0,"max_hp_loss":0,"event_name":"The Cleric","floor":3,"gold_loss":35},{"damage_healed":0,"gold_gain":75,"player_choice":"Gather Gold","damage_taken":11,"max_hp_gain":0,"max_hp_loss":0,"event_name":"World of Goop","floor":5,"gold_loss":0},{"damage_healed":0,"gold_gain":0,"player_choice":"Take Wound","damage_taken":0,"relics_obtained":["Golden Idol"],"max_hp_gain":0,"max_hp_loss":0,"event_name":"Golden Idol","floor":8,"gold_loss":0,"cards_obtained":["Injury"]},{"damage_healed":0,"gold_gain":0,"player_choice":"Ignored","damage_taken":0,"max_hp_gain":0,"max_hp_loss":0,"event_name":"Liars Game","floor":13,"gold_loss":0},{"damage_healed":0,"gold_gain":0,"player_choice":"Ignored","damage_taken":0,"max_hp_gain":0,"max_hp_loss":0,"event_name":"Ghosts","floor":20,"gold_loss":0}],"is_beta":false,"boss_relics":[{"not_picked":["Calling Bell","Tiny House"],"picked":"Black Star"}],"items_purged_floors":[0],"is_endless":false,"potions_floor_spawned":[4,11,14,22],"killed_by":"Book of Stabbing","ascension_level":14}}