{"host":"irbs4k8g1zbsytxn","time":1608328056,"event":{"mods":["BaseMod","Better Third Choice","Colored Map","Downfall","Duelist Mod","Hermit","Highlight Path","Hubris","Koishi","Marisa????????","Minty Spire (QoL Compilation)","Replay The Spire","Robot Space Explorer","Shade Mod","StSLib","The Bug Knight","The Cursed","The Hierophant","The Jungle","The Necromancer","The Runesmith","The Servant 0.9.4","Yuyuko"],"gold_per_floor":[113,113,131,146,158,158,184,184,184,196,206,206,206,11,25,40,40,139,189,201,218,230,243,243,243,243],"floor_reached":25,"playtime":2504,"items_purged":[],"score":219,"play_id":"285f920a-d986-4b47-9375-139708d525c5","local_time":"20201219054736","is_ascension_mode":true,"campfire_choices":[{"data":"TimeWarp","floor":6,"key":"SMITH"},{"data":"Initiator","floor":8,"key":"SMITH"},{"floor":17,"key":"REST"}],"circlet_count":0,"master_deck":["Strike_S","Strike_S","Strike_S","Strike_S","Defend_S","Defend_S","Defend_S","Defend_S","KidneyShot","Exchange","Potential+1","ShiftingGears+1","BottledTime","TimeWarp+1","Initiator+1","Unruled","Foresight","WasteNot+1","TimeWarp","Forethought","Unruled","DualDimension","KillingDoll","GearUp","Rearm","FastForward+1","Spin+1","Rewind+1"],"relics":["Uniform","Strawberry","HornCleat","Replay:Bottled Steam","Tiny House"],"acts_visited":["Exordium","TheCity"],"potions_floor_usage":[7,10,18,18,21,22,23],"damage_taken":[{"damage":0,"enemies":"Small Slimes","floor":1,"turns":3},{"damage":7,"enemies":"2 Louse","floor":3,"turns":2},{"damage":3,"enemies":"Jaw Worm","floor":4,"turns":3},{"damage":4,"enemies":"Blue Slaver","floor":5,"turns":3},{"damage":16,"enemies":"Lagavulin","floor":7,"turns":8},{"damage":6,"enemies":"Lots of Slimes","floor":10,"turns":3},{"damage":0,"enemies":"Large Slime","floor":11,"turns":3},{"damage":0,"enemies":"Exordium Thugs","floor":15,"turns":3},{"damage":0,"enemies":"Lots of Slimes","floor":16,"turns":2},{"damage":25,"enemies":"Fading Forest","floor":18,"turns":11},{"damage":5,"enemies":"Spheric Guardian","floor":20,"turns":4},{"damage":5,"enemies":"3 Byrds","floor":21,"turns":5},{"damage":20,"enemies":"Centurion and Healer","floor":22,"turns":5},{"damage":48,"enemies":"Snake Plant","floor":23,"turns":6},{"damage":5,"enemies":"Sentry and Sphere","floor":25,"turns":3}],"seed_played":"-4831672452253548194","potions_obtained":[{"floor":4,"key":"Weak Potion"},{"floor":7,"key":"AttackPotion"},{"floor":15,"key":"Elixir"},{"floor":16,"key":"Block Potion"},{"floor":19,"key":"Slimebound:ThreeZeroPotion"},{"floor":20,"key":"champ:CounterPotion"},{"floor":22,"key":"Slimebound:ThreeZeroPotion"}],"is_trial":false,"path_per_floor":["M","?","M","M","M","R","E","R","T","M","M","PTL","PTL","$","M","M","R","B",null,"M","M","M","M","?","M"],"character_chosen":"THE_SERVANT","items_purchased":["WasteNot+1","TimeWarp","Forethought"],"campfire_rested":1,"item_purchase_floors":[14,14,14],"current_hp_per_floor":[72,72,65,62,58,58,42,42,42,36,36,36,36,36,36,36,57,42,77,72,67,47,4,4,0,0],"gold":243,"neow_bonus":"RANDOM_COMMON_RELIC","is_daily":false,"chose_seed":false,"campfire_upgraded":2,"win_rate":0.0,"timestamp":1608328056,"path_taken":["M","?","M","M","M","R","E","R","T","M","M","PTL","PTL","$","M","M","R","BOSS","M","M","M","M","?","M"],"items_purchased_type":["Card","Card","Card"],"build_version":"2020-12-13","purchased_purges":0,"victory":false,"max_hp_per_floor":[72,72,72,72,72,72,72,72,72,72,72,72,72,72,72,72,72,72,77,77,77,77,77,77,77,77],"card_choices":[{"not_picked":["Revamp","ShiftingGears"],"picked":"Misdirection","floor":1},{"not_picked":["Revamp","Manipulate"],"picked":"ShiftingGears","floor":3},{"not_picked":["Replace","Potential"],"picked":"BottledTime","floor":4},{"not_picked":["ShatteredReality","BottledTime"],"picked":"TimeWarp","floor":5},{"not_picked":["FanOfKnives","Unruled"],"picked":"Initiator","floor":7},{"not_picked":["ShiftingGears","RealityMarble"],"picked":"Unruled","floor":10},{"not_picked":["Moondial","Manipulate"],"picked":"Foresight","floor":11},{"not_picked":["Read","Rearm"],"picked":"Unruled","floor":15},{"not_picked":["Potential","Misdirection"],"picked":"DualDimension","floor":16},{"not_picked":["Duplication","Embodiment"],"picked":"KillingDoll","floor":18},{"not_picked":["FastForward","Moondial"],"picked":"GearUp","floor":19},{"not_picked":["ShiftingGears","Alleviate+1"],"picked":"Rearm","floor":20},{"not_picked":["Contraction","Starlight"],"picked":"FastForward+1","floor":21},{"not_picked":["Revamp","Starlight"],"picked":"Spin+1","floor":22},{"not_picked":["Replace","Unruled"],"picked":"Rewind+1","floor":23}],"player_experience":266963,"relics_obtained":[{"floor":7,"key":"HornCleat"},{"floor":9,"key":"Replay:Bottled Steam"}],"event_choices":[],"is_beta":false,"boss_relics":[{"not_picked":["Runic Pyramid","SlaversCollar"],"picked":"Tiny House"}],"items_purged_floors":[],"is_endless":false,"potions_floor_spawned":[4,7,15,16,20,22],"killed_by":"Sentry and Sphere","ascension_level":1}}