{"host":"xvyva5f9howyleoa","time":1608332546,"event":{"mods":["BaseMod","BetterRewards","Colored Map","GifTheSpireLib","Infinite Spire","Minty Spire (QoL Compilation)","Quick Restart","Say the Spire","Shop Mod","StSLib","SuperFastMode","The Cursed","The Servant 0.9.4","[IsaacMod]ÒÔÈö¼âËþ"],"gold_per_floor":[115,126,176,176,203,230,230,259,259,294,294,321,366,408,420,536,548,571,583,595,607,607],"floor_reached":21,"playtime":1507,"items_purged":[],"score":271,"play_id":"2b6d6520-9466-470a-bf0d-8409f9f4cc15","local_time":"20201219070226","daily_mods":["SealedDeck","Specialized","Vintage","Heirloom","Flight","DeadlyEvents","Elite Swarm","Binary"],"is_ascension_mode":false,"campfire_choices":[{"floor":7.0,"key":"REST"},{"floor":11.0,"key":"REST"},{"data":"TheCursedMod:Neurasthenia","floor":15.0,"key":"SMITH"}],"circlet_count":0,"master_deck":["SuicideKing","TheCursedMod:Neurasthenia","TheCursedMod:Neurasthenia+1","TheCursedMod:Torture","TheCursedMod:WearCloak","TheCursedMod:SpreadPlague","TheCursedMod:VitalStrike","TheCursedMod:Torture","TheCursedMod:Mangle","TheCursedMod:CursedBlade","TheCursedMod:ReleasedKnowledge","TheCursedMod:HellsGateOpen","TheCursedMod:Evocation","TheCursedMod:ForbiddenAlchemy","infinitespire:DeathsTouch+1","TheCursedMod:ReleasedKnowledge+1","TheCursedMod:FleshFromBone+1"],"relics":["TheCursedMod:BlackMagic101","Busted Crown","HushsDoor","Leech","Prayer Wheel","GuppysPaw","infinitespire:Eraser","Mercury Hourglass","SharpPlug","infinitespire:Satchel","Vajra","Molten Egg 2","UnicornStump","BelialBook","MawBank","D6","Singing Bowl","TheCursedMod:FourLeafCloverCharm","GuppysHead","Nunchaku","Toxic Egg 2"],"acts_visited":["Exordium","TheCity"],"potions_floor_usage":[],"damage_taken":[{"damage":0.0,"enemies":"Cultist","floor":1.0,"turns":3.0},{"damage":0.0,"enemies":"Small Slimes","floor":2.0,"turns":2.0},{"damage":30.0,"enemies":"Hiden Room Battle","floor":3.0,"turns":5.0},{"damage":40.0,"enemies":"Gremlin Nob","floor":6.0,"turns":5.0},{"damage":14.0,"enemies":"3 Sentries","floor":8.0,"turns":4.0},{"damage":25.0,"enemies":"Lagavulin","floor":10.0,"turns":4.0},{"damage":17.0,"enemies":"3 Sentries","floor":12.0,"turns":4.0},{"damage":8.0,"enemies":"Lagavulin","floor":13.0,"turns":3.0},{"damage":1.0,"enemies":"3 Sentries","floor":14.0,"turns":3.0},{"damage":0.0,"enemies":"Slime Boss","floor":16.0,"turns":6.0},{"damage":8,"enemies":"Shell Parasite","floor":18,"turns":3},{"damage":2,"enemies":"Spheric Guardian","floor":21,"turns":3}],"seed_played":"-4833234628356617684","potions_obtained":[{"floor":2.0,"key":"AttackPotion"},{"floor":6.0,"key":"Fire Potion"},{"floor":8.0,"key":"Energy Potion"},{"floor":12.0,"key":"DuplicationPotion"}],"is_trial":true,"path_per_floor":["M","M","?","?","T","E","R","E","T","E","R","E","E","E","R","B",null,"M","AVR","?","M"],"character_chosen":"THE_CURSED","items_purchased":["GuppysHead","TheCursedMod:ForbiddenAlchemy"],"campfire_rested":2,"item_purchase_floors":[17,17],"current_hp_per_floor":[75,75,48,48,48,13,35,25,25,4,26,13,8,9,9,14,61,55,55,55,55,55],"gold":607,"neow_bonus":"","is_daily":false,"chose_seed":false,"campfire_upgraded":1,"win_rate":0.0,"timestamp":1608332546,"path_taken":["M","?","?","?","?","E","R","E","T","E","R","E","E","?","R","BOSS","M","AVR","?","?"],"items_purchased_type":["Relic","Card"],"build_version":"2020-12-13","purchased_purges":0,"victory":false,"max_hp_per_floor":[75,75,75,75,75,75,75,75,75,75,75,75,75,75,75,75,61,61,61,61,61,61],"card_choices":[{"not_picked":[],"picked":"SuicideKing","floor":0.0}],"player_experience":4630,"relics_obtained":[{"floor":1.0,"key":"GuppysPaw"},{"floor":2.0,"key":"infinitespire:Eraser"},{"floor":3.0,"key":"Mercury Hourglass"},{"floor":3.0,"key":"SharpPlug"},{"floor":5.0,"key":"infinitespire:Satchel"},{"floor":6.0,"key":"Vajra"},{"floor":8.0,"key":"Molten Egg 2"},{"floor":9.0,"key":"UnicornStump"},{"floor":10.0,"key":"BelialBook"},{"floor":12.0,"key":"MawBank"},{"floor":13.0,"key":"D6"},{"floor":14.0,"key":"Singing Bowl"},{"floor":18,"key":"Nunchaku"}],"event_choices":[{"damage_healed":0.0,"max_hp_gain":0.0,"max_hp_loss":0.0,"gold_gain":0.0,"event_name":"HidenRoomEvent","player_choice":"Fight","floor":3.0,"gold_loss":0.0,"damage_taken":0.0},{"damage_healed":0.0,"max_hp_gain":0.0,"max_hp_loss":0.0,"gold_gain":0.0,"cards_transformed":["TheCursedMod:Neurasthenia"],"event_name":"Living Wall","player_choice":"Change","floor":4.0,"gold_loss":0.0,"damage_taken":0.0,"cards_obtained":["TheCursedMod:Evocation"]},{"damage_healed":0,"gold_gain":0,"cards_transformed":["TheCursedMod:Neurasthenia","TheCursedMod:Neurasthenia"],"player_choice":"Became Test Subject","damage_taken":0,"max_hp_gain":0,"max_hp_loss":0,"event_name":"Drug Dealer","floor":20,"gold_loss":0,"cards_obtained":["TheCursedMod:ReleasedKnowledge","TheCursedMod:FleshFromBone"]}],"is_beta":false,"boss_relics":[{"not_picked":["Cursed Key","Fusion Hammer"],"picked":"TheCursedMod:FourLeafCloverCharm"},{"not_picked":[]}],"items_purged_floors":[],"is_endless":false,"potions_floor_spawned":[2,6,8,12,13],"killed_by":"Spheric Guardian","ascension_level":0}}