{"host":"jak4ncvfzor9mys0","time":1608314419,"event":{"mods":["2.2 Compatiblity","AchievementEnabler","BaseMod","Better Altar","Better Match","Better Note","Better Sensory Stone","Better Skull","Better Third Choice","BetterRewards","Block Reminder","Colored Map","Colored Powertips","Energized Spire","Gold Saver","Hubris","Infinite Spire","Key Reminder","Minty Spire (QoL Compilation)","Rare Cards Sparkle","Red Circlet Mod","Relic Sorter","Relic Stats","Replay The Spire","Retaliation","StSLib","SuperFastMode","The Blue Laboratory"],"gold_per_floor":[549,560,560,319,319,345,345,345,372,384,384,187,198,213,213,314,314,327,327,342,359,359,359,359],"floor_reached":23,"playtime":663,"items_purged":["Strike_B","Strike_B","Hallucinations"],"score":291,"play_id":"d0b385e3-54ee-4694-bbc2-60c4130aed23","local_time":"20201218100019","is_ascension_mode":false,"campfire_choices":[{"data":"Zap","floor":7,"key":"SMITH"},{"floor":15,"key":"REST"}],"circlet_count":0,"master_deck":["Defend_B+1","Zap+1","Dualcast","hubris:Ukulele","Ball Lightning","Redo","Ball Lightning","Leap","Cold Snap","Cold Snap","Stack+1","Cold Snap+1","Leap","Good Instincts","Parasite","Chill"],"relics":["FrozenCore","Membership Card","Emotion Chip","Counterbalance","Simple Rune","Bronze Scales","hubris:SlimyHat","Kintsugi","Cables"],"acts_visited":["Exordium","TheCity"],"potions_floor_usage":[16,23,23],"damage_taken":[{"damage":8,"enemies":"2 Louse","floor":1,"turns":2},{"damage":0,"enemies":"Cultist","floor":2,"turns":2},{"damage":24,"enemies":"3 Sentries","floor":6,"turns":4},{"damage":0,"enemies":"Small Slimes","floor":10,"turns":2},{"damage":6,"enemies":"3 Louse","floor":13,"turns":2},{"damage":0,"enemies":"Blue Slaver","floor":14,"turns":2},{"damage":8,"enemies":"Hexaghost","floor":16,"turns":8},{"damage":3,"enemies":"3 Byrds","floor":18,"turns":3},{"damage":16,"enemies":"2 Thieves","floor":20,"turns":3},{"damage":10,"enemies":"3 Cultists","floor":21,"turns":5},{"damage":48,"enemies":"Nightmare","floor":23,"turns":10}],"seed_played":"2433099059602790750","potions_obtained":[{"floor":1,"key":"blueLaboratory:FrostheartPotion"},{"floor":6,"key":"CultistPotion"},{"floor":10,"key":"SpeedPotion"},{"floor":20,"key":"DDmod:CleansePotion"}],"is_trial":false,"path_per_floor":["M","M","?","$","T","E","R","?","T","M","?","$","M","M","R","B",null,"M","AVR","M","M","?","NM"],"character_chosen":"DEFECT","items_purchased":["Membership Card","Static Discharge+1","hubris:Ukulele","Ball Lightning","Emotion Chip","Leap","Cold Snap","hubris:SlimyHat","Leap","Good Instincts"],"campfire_rested":1,"item_purchase_floors":[0,0,0,0,4,4,4,12,12,12],"current_hp_per_floor":[67,67,67,67,67,43,43,31,31,31,31,31,25,25,47,39,75,72,72,56,46,46,0,0],"gold":359,"neow_bonus":"","is_daily":false,"chose_seed":false,"campfire_upgraded":1,"win_rate":0.0,"timestamp":1608314419,"path_taken":["M","M","?","$","?","E","R","?","T","M","?","$","M","M","R","BOSS","M","AVR","M","M","?","NM"],"items_purchased_type":["Relic","Card","Card","Card","Relic","Card","Card","Relic","Card","Card"],"build_version":"2020-12-13","purchased_purges":3,"victory":false,"max_hp_per_floor":[75,75,75,75,75,75,75,75,75,75,75,75,75,75,75,75,75,75,75,75,75,75,75,75],"relic_stats":{"Emotion Chip":[36,21,15,0,0],"counters":[50,248],"Bronze Scales":[129],"obtain_stats":[{"Solar Panel":20,"Golden Egg":21,"Calipers":19,"hubris:SlimyHat":12,"Boot":24,"FrozenCore":17,"Sozu":17,"Blood Vial":47,"Emotion Chip":4,"hubris:Icosahedron":13,"hubris:Backtick":20,"infinitespire:Golems Mask":20,"Cracked Core":0,"Gremlin Food":0,"hubris:DisguiseKit":43,"hubris:Teleporter":45,"NeowsBlessing":0,"hubris:64BitClover":27,"Counterbalance":5,"hubris:SphereOfDissonance":26,"Pen Nib":37,"Omamori":7,"Question Card":9,"Cables":19,"infinitespire:EvilPickle":33,"Replay:Baseball":25,"Ornamental Fan":40,"Bronze Scales":9,"Molten Egg 2":31,"Simple Rune":8,"Membership Card":0,"Kintsugi":19,"ReplayTheSpireMod:Lightbulb":9,"infinitespire:PuzzleCube":14,"energizedSpire:OldTV":34},{"Solar Panel":37,"Golden Egg":7,"Calipers":7,"hubris:SlimyHat":43,"Boot":8,"FrozenCore":46,"Sozu":6,"Blood Vial":25,"Emotion Chip":41,"hubris:Icosahedron":4,"hubris:Backtick":37,"infinitespire:Golems Mask":37,"Cracked Core":0,"Gremlin Food":27,"hubris:DisguiseKit":22,"hubris:Teleporter":24,"NeowsBlessing":0,"hubris:64BitClover":10,"Counterbalance":41,"hubris:SphereOfDissonance":9,"Pen Nib":18,"Omamori":31,"Question Card":31,"Cables":47,"infinitespire:EvilPickle":15,"Replay:Baseball":9,"Ornamental Fan":21,"Bronze Scales":42,"Molten Egg 2":14,"Simple Rune":42,"Membership Card":39,"Kintsugi":47,"ReplayTheSpireMod:Lightbulb":3,"infinitespire:PuzzleCube":5,"energizedSpire:OldTV":15},{"Solar Panel":189,"Golden Egg":20,"Calipers":20,"hubris:SlimyHat":215,"Boot":24,"FrozenCore":227,"Sozu":17,"Blood Vial":121,"Emotion Chip":209,"hubris:Icosahedron":5,"hubris:Backtick":189,"infinitespire:Golems Mask":189,"Cracked Core":0,"Gremlin Food":141,"hubris:DisguiseKit":102,"hubris:Teleporter":112,"NeowsBlessing":0,"hubris:64BitClover":33,"Counterbalance":209,"hubris:SphereOfDissonance":29,"Pen Nib":76,"Omamori":156,"Question Card":156,"Cables":230,"infinitespire:EvilPickle":64,"Replay:Baseball":29,"Ornamental Fan":99,"Bronze Scales":213,"Molten Egg 2":50,"Simple Rune":213,"Membership Card":205,"Kintsugi":230,"ReplayTheSpireMod:Lightbulb":3,"infinitespire:PuzzleCube":9,"energizedSpire:OldTV":64}],"FrozenCore":[3],"Cables":[24,15,9,0,0]},"card_choices":[{"not_picked":["Crystallizer","BasicCrystalCard"],"picked":"Redo","floor":1},{"not_picked":["ReplayTheSpireMod:Repulse","Turbo"],"picked":"Ball Lightning","floor":2},{"not_picked":["Genetic Algorithm","Stack"],"picked":"Cold Snap","floor":6},{"not_picked":["Self Repair","Beam Cell"],"picked":"Stack","floor":10},{"not_picked":["Hologram","Rebound","Thunder Strike"],"picked":"SKIP","floor":13},{"not_picked":["Heatsinks","Stack","Gash"],"picked":"SKIP","floor":14},{"not_picked":["Barrage","Stack+1","Static Discharge"],"picked":"SKIP","floor":18},{"not_picked":["Gash","Turbo","Hologram"],"picked":"SKIP","floor":20},{"not_picked":["ReplayTheSpireMod:Repulse","hubris:PowerSurge"],"picked":"Chill","floor":21}],"player_experience":2637459,"relics_obtained":[{"floor":5,"key":"Counterbalance"},{"floor":9,"key":"Bronze Scales"}],"event_choices":[{"damage_healed":0,"gold_gain":0,"player_choice":"Bought 0 Potions","damage_taken":0,"max_hp_gain":0,"max_hp_loss":0,"event_name":"The Woman in Blue","floor":3,"gold_loss":0},{"damage_healed":0,"gold_gain":0,"player_choice":"Relic ","damage_taken":12,"max_hp_gain":0,"max_hp_loss":0,"event_name":"betterThird:BetterScrap","floor":8,"gold_loss":0,"cards_obtained":["ReplayTheSpireMod:Stacked"]},{"damage_healed":0,"gold_gain":0,"player_choice":"Forge","damage_taken":0,"max_hp_gain":0,"max_hp_loss":0,"event_name":"Accursed Blacksmith","floor":22,"gold_loss":0,"cards_upgraded":["Stack"]}],"is_beta":false,"boss_relics":[{"not_picked":["energizedSpire:RedRose","Inserter"],"picked":"FrozenCore"}],"items_purged_floors":[4,12,19],"is_endless":false,"potions_floor_spawned":[1,6,10,14,20],"killed_by":"Nightmare","ascension_level":0}}