{"host":"ocy7z4248lncoz2b","time":1608274296,"event":{"mods":["BaseMod","Beaked The Cultist","Better Match","Better Sensory Stone","Better Third Choice","BetterRewards","Clockwork Mod","Colored Powertips","Conspire","Downfall","Friendly Minions","Highlight Path","Hubris","Infinite Spire","Marisa????????","Mimic Mod","Minty Spire (QoL Compilation)","READ ME - Guardian Mod","Replay The Spire","Shop Mod","Spicy Shops","Spikes Relics","StSLib","SuperFastMode","The Blue Laboratory","The Construct","The Jungle"],"gold_per_floor":[99,118,118,149,167,186,258,258,258],"floor_reached":8,"playtime":324,"items_purged":[],"score":56,"play_id":"904193c2-0dc2-414a-84f5-612921ff07cd","local_time":"20201218155136","is_ascension_mode":false,"campfire_choices":[{"data":"construct:Failsafe","floor":1,"key":"SMITH"},{"data":"construct:Hazardproof","floor":3,"key":"SMITH"}],"circlet_count":0,"master_deck":["construct:Strike_Gold","construct:Strike_Gold","construct:Strike_Gold","construct:Strike_Gold","construct:Strike_Gold","construct:Defend_Gold","construct:Defend_Gold","construct:Defend_Gold","construct:Defend_Gold","construct:Defend_Gold","construct:AttackMode","construct:DefenseMode","construct:Failsafe+1","construct:Hazardproof+1","construct:Synchronize","construct:CreateCores"],"relics":["construct:ClockworkPhoenix","construct:MasterCore","hubris:PeanutButter"],"acts_visited":["Exordium"],"potions_floor_usage":[8,8],"damage_taken":[{"damage":26,"enemies":"Cultist","floor":2,"turns":11},{"damage":17,"enemies":"Lagavulin","floor":4,"turns":14},{"damage":0,"enemies":"Jaw Worm","floor":5,"turns":6},{"damage":0,"enemies":"2 Louse","floor":6,"turns":5},{"damage":50,"enemies":"Gremlin Nob","floor":8,"turns":4}],"seed_played":"8392791682463731276","potions_obtained":[{"floor":2,"key":"blueLaboratory:BottleOfVodka"},{"floor":6,"key":"DistilledChaos"}],"is_trial":false,"path_per_floor":["R","M","R","E","M","M","T","E"],"character_chosen":"THE_CONSTRUCT_MOD","items_purchased":[],"campfire_rested":0,"item_purchase_floors":[],"current_hp_per_floor":[85,59,59,42,42,42,42,0,0],"gold":258,"neow_bonus":"THREE_CARDS","is_daily":false,"chose_seed":false,"campfire_upgraded":2,"win_rate":0.0,"timestamp":1608274296,"path_taken":["R","?","R","E","M","M","T","E"],"items_purchased_type":[],"build_version":"2020-12-13","purchased_purges":0,"victory":false,"max_hp_per_floor":[85,85,85,85,85,85,85,85,85],"card_choices":[{"not_picked":["construct:SaveState","construct:Boost"],"picked":"construct:Failsafe","floor":0},{"not_picked":["construct:Chainstrike","construct:Anticipate"],"picked":"construct:Hazardproof","floor":2},{"not_picked":["construct:Reinforce","construct:Bunker"],"picked":"construct:Synchronize","floor":4},{"not_picked":["construct:HeavyBolt","construct:ClusterMines","construct:SyphonStrike"],"picked":"SKIP","floor":5},{"not_picked":["construct:HeavyBolt","construct:SaveState"],"picked":"construct:CreateCores","floor":6}],"player_experience":256946,"relics_obtained":[{"floor":4,"key":"construct:MasterCore"},{"floor":7,"key":"hubris:PeanutButter"}],"event_choices":[],"is_beta":false,"boss_relics":[],"items_purged_floors":[],"is_endless":false,"potions_floor_spawned":[2,6],"killed_by":"Gremlin Nob","ascension_level":0}}