{"host":"y087t2reloz9bi43","time":1608316071,"event":{"mods":["2.2 Compatiblity","AchievementEnabler","Aspiration","BaseMod","Beaked The Cultist","Better Vampires","BetterRewards","Colored Map","Colored Powertips","Conspire","Downfall","Ekko","Fireblade Mod","Friendly Minions","GifTheSpireLib","Halation","Hermit","Hubris","Infinite Spire","Jedi Mod","Mad Scientist","Marisa????????","Mimic Mod","Minty Spire (QoL Compilation)","Permanent Neow","Rare Cards Sparkle","Relic Stats","Replay The Spire","Robot Space Explorer","Shade Mod","Shop Mod","StSLib","The Blackbeard","The Bug Knight","The Construct","The Cursed","The Hierophant","The Jungle","The Necromancer","The Runesmith","The Servant 0.9.4","TheHero","TheVacant","Uncapped","everything is the same but u backflip on backflip","vexMod"],"gold_per_floor":[99,114,114,132,144,159,182,214,226,267,295,318,341,368,394,501,513,450,473,498,532,544,556,568,555,567,504,516,538,550,62,77,173,173,173,173,207,209,239,255,280,315,240,252,272,290,295,295,310,310],"floor_reached":51,"playtime":5584,"items_purged":["hexamod:Strike","hexamod:Strike","hexamod:Defend"],"score":892,"play_id":"11b42a32-89bc-414d-a969-90b49e31f5b7","local_time":"20201218182751","is_ascension_mode":false,"campfire_choices":[{"data":"hexamod:Float","floor":1.0,"key":"SMITH"},{"data":"hexamod:UnleashSpirits","floor":9.0,"key":"SMITH"},{"data":"hexamod:EtherealExpedition","floor":18.0,"key":"SMITH"},{"data":"hexamod:EtherealExpedition","floor":27.0,"key":"SMITH"},{"data":"hexamod:UnleashSpirits","floor":27.0,"key":"SMITH"},{"floor":35,"key":"RECALL"},{"data":"hexamod:GiftsFromTheDead","floor":43,"key":"SMITH"},{"data":"hexamod:UnleashSpirits","floor":43,"key":"SMITH"}],"circlet_count":0,"master_deck":["hexamod:Strike","hexamod:Strike","hexamod:Defend","hexamod:Defend","hexamod:Sear","hexamod:Float+1","hexamod:UnleashSpirits+1","hexamod:SuperheatedStrike","hexamod:BacktrackSmack","hexamod:EtherealExpedition+1","hexamod:BacktrackSmack","hexamod:NightmareStrike","hexamod:Hexaguard","hexamod:PowerFromBeyond","hexamod:NightmareGuise","hexamod:ThirdSeal","hexamod:UnleashSpirits+1","hexamod:GhostLash","hexamod:EtherealExpedition+1","hexamod:SuperheatedStrike+1","infinitespire:Starlight","ReplayTheSpireMod:Haul","hexamod:GhostLash+1","hexamod:GiftsFromTheDead","hexamod:UnleashSpirits+1","hexamod:GhostShield+1","hexamod:GiftsFromTheDead+1","hexamod:GhostShield","hexamod:GhostLash+1","hexamod:GhostLash","hexamod:Hexaguard","hexamod:GhostOfSpirePast","hexamod:RecurringNightmare+1"],"relics":["hexamod:SpiritBrand","MawBank","Vajra","vexMod:DeviousBotling","downfall:HeartBlessingGreen","Replay:Arrowhead","Enchiridion","downfall:HeartBlessingBlue","hubris:CrystalStatue","jedi:cryingmask","aspiration:RunicSpoon","conspire:Boomerang","construct:FoamFinger","halation:PrussianBluePaint","Omamori","downfall:HeartBlessingRed"],"acts_visited":["Exordium","TheCity","TheBeyond"],"potions_floor_usage":[31],"damage_taken":[{"damage":0.0,"enemies":"Small Slimes","floor":2.0,"turns":3.0},{"damage":5.0,"enemies":"conspire:RoseBush","floor":4.0,"turns":4.0},{"damage":0.0,"enemies":"2 Louse","floor":5.0,"turns":2.0},{"damage":3.0,"enemies":"2 Fungi Beasts","floor":6.0,"turns":3.0},{"damage":0.0,"enemies":"Large Slime","floor":8.0,"turns":5.0},{"damage":20.0,"enemies":"Gremlin Nob","floor":10.0,"turns":4.0},{"damage":0.0,"enemies":"Gremlin Gang","floor":11.0,"turns":3.0},{"damage":2.0,"enemies":"2 Fungi Beasts","floor":12.0,"turns":3.0},{"damage":3.0,"enemies":"Large Slime","floor":13.0,"turns":4.0},{"damage":7.0,"enemies":"Lots of Slimes","floor":14.0,"turns":3.0},{"damage":1.0,"enemies":"Red Slaver","floor":15.0,"turns":2.0},{"damage":2.0,"enemies":"downfall:Watcher","floor":16.0,"turns":5.0},{"damage":0.0,"enemies":"Spheric Guardian","floor":19.0,"turns":3.0},{"damage":0.0,"enemies":"3 Byrds","floor":20.0,"turns":3.0},{"damage":27.0,"enemies":"Slavers","floor":21.0,"turns":4.0},{"damage":10.0,"enemies":"Centurion and Healer","floor":29.0,"turns":4.0},{"damage":0,"enemies":"downfall:FleeingMerchant","floor":31,"turns":4},{"damage":15,"enemies":"Snecko","floor":32,"turns":3},{"damage":13,"enemies":"downfall:Silent","floor":33,"turns":4},{"damage":0,"enemies":"HollowMod:StalkingDevout","floor":37,"turns":4},{"damage":7,"enemies":"Orb Walker","floor":38,"turns":3},{"damage":24,"enemies":"Nemesis","floor":39,"turns":5},{"damage":5,"enemies":"3 Shapes","floor":40,"turns":3},{"damage":0,"enemies":"HollowMod:StalkingDevout","floor":42,"turns":3},{"damage":10,"enemies":"Sphere and 2 Shapes","floor":44,"turns":4},{"damage":10,"enemies":"Jaw Worm Horde","floor":45,"turns":2},{"damage":0,"enemies":"Sphere and 2 Shapes","floor":46,"turns":3},{"damage":2,"enemies":"HollowMod:SlobberingHusk","floor":47,"turns":5},{"damage":0,"enemies":"Maw","floor":49,"turns":4},{"damage":0,"enemies":"downfall:Defect","floor":50,"turns":3}],"seed_played":"-7839667160355963303","potions_obtained":[{"floor":4.0,"key":"Venom Potion"},{"floor":5.0,"key":"Weak Potion"},{"floor":8.0,"key":"Elixir"},{"floor":11.0,"key":"Dexterity Potion"},{"floor":14.0,"key":"Fire Potion"},{"floor":15.0,"key":"Energy Potion"},{"floor":16.0,"key":"champ:CounterPotion"},{"floor":20.0,"key":"DuplicationPotion"},{"floor":29.0,"key":"PowerPotion"},{"floor":32,"key":"Explosive Potion"},{"floor":33,"key":"Milkshake"},{"floor":38,"key":"Adrenaline Potion"},{"floor":39,"key":"Fire Potion"}],"is_trial":false,"path_per_floor":["R","M","?","M","M","M","T","M","R","E","M","M","M","M","M","B",null,"R","M","M","E","?","?","T","?","?","R","AVR","M","?","$","M","B",null,"R","?","E","M","E","M","T","E","R","M","M","M","M","?","M","B",null],"character_chosen":"THE_SPIRIT","items_purchased":["hexamod:UnleashSpirits","jedi:cryingmask"],"campfire_rested":0,"item_purchase_floors":[31,31],"current_hp_per_floor":[70,70,70,65,65,62,62,62,62,42,42,40,37,30,29,27,70,70,70,70,43,27,27,27,27,27,37,37,37,45,55,50,47,80,80,80,80,73,69,74,74,74,74,70,60,60,78,78,80,80],"gold":310,"neow_bonus":"ONE_RANDOM_RARE_CARD","is_daily":false,"chose_seed":false,"campfire_upgraded":7,"win_rate":0.0,"timestamp":1608316071,"path_taken":["R","M","?","?","M","M","T","M","R","E","M","M","M","M","M","BOSS","R","M","M","E","?","?","T","?","?","R","AVR","?","?","$","M","BOSS","R","?","E","M","E","?","T","E","R","M","M","M","?","?","M","BOSS"],"items_purchased_type":["Card","Relic"],"build_version":"2020-12-13","purchased_purges":3,"victory":true,"max_hp_per_floor":[70,70,70,70,70,70,70,70,70,70,70,70,70,70,70,70,70,70,70,70,70,70,70,70,70,70,80,80,80,80,80,80,80,80,80,80,80,80,80,80,80,80,80,80,80,80,80,80,80,80],"relic_stats":{"counters":[30,105],"aspiration:RunicSpoon":[71],"MawBank":288,"obtain_stats":[{"hubris:CrystalStatue":28,"construct:FoamFinger":39,"downfall:HeartBlessingRed":43,"aspiration:RunicSpoon":34,"Vajra":10,"Enchiridion":22,"downfall:HeartBlessingGreen":18,"conspire:Boomerang":37,"Omamori":42,"MawBank":7,"Replay:Arrowhead":21,"downfall:HeartBlessingBlue":27,"halation:PrussianBluePaint":41,"jedi:cryingmask":31,"vexMod:DeviousBotling":17,"hexamod:SpiritBrand":0},{"hubris:CrystalStatue":15,"construct:FoamFinger":22,"downfall:HeartBlessingRed":24,"aspiration:RunicSpoon":19,"Vajra":6,"Enchiridion":15,"downfall:HeartBlessingGreen":12,"conspire:Boomerang":20,"Omamori":24,"MawBank":4,"Replay:Arrowhead":15,"downfall:HeartBlessingBlue":15,"halation:PrussianBluePaint":23,"jedi:cryingmask":17,"vexMod:DeviousBotling":12,"hexamod:SpiritBrand":0},{"hubris:CrystalStatue":51,"construct:FoamFinger":78,"downfall:HeartBlessingRed":84,"aspiration:RunicSpoon":66,"Vajra":21,"Enchiridion":51,"downfall:HeartBlessingGreen":41,"conspire:Boomerang":70,"Omamori":84,"MawBank":12,"Replay:Arrowhead":51,"downfall:HeartBlessingBlue":51,"halation:PrussianBluePaint":81,"jedi:cryingmask":59,"vexMod:DeviousBotling":41,"hexamod:SpiritBrand":0}]},"card_choices":[{"not_picked":["hexamod:RetreatToShadows","hexamod:SwordOfDarkness"],"picked":"hexamod:SuperheatedStrike","floor":2.0},{"not_picked":["hexamod:HeatMetal","hexamod:Firestarter","hexamod:InspiringFlames"],"picked":"SKIP","floor":4.0},{"not_picked":["hexamod:GhostOfSpirePast","hexamod:SecondSeal"],"picked":"hexamod:BacktrackSmack","floor":5.0},{"not_picked":["hexamod:GhostflameBarrier","hexamod:GhostOfSpirePast"],"picked":"hexamod:EtherealExpedition","floor":6.0},{"not_picked":["hexamod:HeatCrush","hexamod:InspiringFlames"],"picked":"hexamod:BacktrackSmack","floor":8.0},{"not_picked":["hexamod:SwordOfDarkness","hexamod:AdvancingGuard"],"picked":"hexamod:NightmareStrike","floor":10.0},{"not_picked":["hexamod:SpectralAdrenaline","hexamod:ThirdSeal"],"picked":"hexamod:Hexaguard","floor":11.0},{"not_picked":["hexamod:PhantomCloak","hexamod:EtherealExpedition"],"picked":"hexamod:PowerFromBeyond","floor":12.0},{"not_picked":["hexamod:EmpoweringStance","hexamod:ChargedBarrage","hexamod:ShieldOfDarkness"],"picked":"SKIP","floor":13.0},{"not_picked":["hexamod:ThermalTransfer","hexamod:InspiringFlames"],"picked":"hexamod:NightmareGuise","floor":14.0},{"not_picked":["hexamod:ThermalTransfer","hexamod:SkipABeat"],"picked":"hexamod:ThirdSeal","floor":15.0},{"not_picked":["hexamod:WildfireWeapon","hexamod:VolcanoVisage"],"picked":"hexamod:UnleashSpirits","floor":16.0},{"not_picked":["hexamod:GhostOfSpireFuture","hexamod:ShieldOfDarkness+1"],"picked":"hexamod:GhostLash","floor":19.0},{"not_picked":["hexamod:RadiantFlame+1","hexamod:Firestarter+1"],"picked":"hexamod:EtherealExpedition","floor":20.0},{"not_picked":["hexamod:ThirdSeal","hexamod:HeatCrush"],"picked":"hexamod:SuperheatedStrike+1","floor":21.0},{"not_picked":["hexamod:NightmareStrike","hexamod:BurningTouch+1"],"picked":"hexamod:GhostLash+1","floor":29.0},{"not_picked":["hexamod:BacktrackSmack","hexamod:FourthSeal"],"picked":"hexamod:GiftsFromTheDead","floor":31},{"not_picked":["hexamod:ThermalTransfer","hexamod:NightmareStrike"],"picked":"hexamod:GhostShield+1","floor":32},{"not_picked":["hexamod:FifthSeal","hexamod:WildfireWeapon"],"picked":"hexamod:GiftsFromTheDead","floor":33},{"not_picked":["hexamod:RecurringNightmare+1","hexamod:GhostflameBarrier+1"],"picked":"hexamod:GhostShield","floor":37},{"not_picked":["hexamod:InspiringFlames","hexamod:SpectersWail"],"picked":"hexamod:GhostLash+1","floor":38},{"not_picked":["hexamod:HauntingEcho+1","hexamod:SpectralSpark+1"],"picked":"hexamod:GhostLash","floor":39},{"not_picked":["hexamod:SecondSeal","hexamod:Incineration","hexamod:ThermalTransfer"],"picked":"SKIP","floor":40},{"not_picked":["hexamod:FirstSeal","hexamod:Firestarter","hexamod:SwordOfDarkness+1"],"picked":"SKIP","floor":42},{"not_picked":["hexamod:ExtraCrispy+1","hexamod:Firestarter","hexamod:ShieldOfDarkness"],"picked":"SKIP","floor":44},{"not_picked":["hexamod:FourthSeal","hexamod:AdvancingGuard"],"picked":"hexamod:Hexaguard","floor":45},{"not_picked":["hexamod:BurningTouch","hexamod:SwordOfDarkness+1"],"picked":"hexamod:GhostOfSpirePast","floor":46},{"not_picked":["hexamod:CatchUp+1","hexamod:NecessarySacrifice+1","hexamod:PhantomCloak"],"picked":"SKIP","floor":47},{"not_picked":["hexamod:SpectersWail","hexamod:BacktrackSmack+1"],"picked":"hexamod:RecurringNightmare+1","floor":49}],"player_experience":344900,"relics_obtained":[{"floor":7.0,"key":"MawBank"},{"floor":10.0,"key":"Vajra"},{"floor":21.0,"key":"Replay:Arrowhead"},{"floor":22.0,"key":"Enchiridion"},{"floor":37,"key":"conspire:Boomerang"},{"floor":39,"key":"construct:FoamFinger"},{"floor":41,"key":"halation:PrussianBluePaint"},{"floor":42,"key":"Omamori"}],"event_choices":[{"damage_healed":0.0,"max_hp_gain":0.0,"max_hp_loss":0.0,"gold_gain":0.0,"event_name":"NoteForYourself","player_choice":"Ignored","floor":3.0,"gold_loss":0.0,"damage_taken":0.0},{"damage_healed":0.0,"max_hp_gain":0.0,"max_hp_loss":0.0,"gold_gain":0.0,"event_name":"conspire:Investor","player_choice":"Leave","floor":23.0,"gold_loss":0.0,"damage_taken":0.0},{"cards_removed":["hexamod:Defend"],"damage_healed":0,"gold_gain":0,"player_choice":"Purged","damage_taken":0,"max_hp_gain":0,"max_hp_loss":0,"event_name":"Purifier","floor":36,"gold_loss":0}],"is_beta":false,"boss_relics":[{"not_picked":["vexMod:CursedCompass","hubris:CrackedHourglass"],"picked":"vexMod:DeviousBotling"},{"not_picked":["jedi:hotpepper","halation:HeavySnake"],"picked":"aspiration:RunicSpoon"}],"items_purged_floors":[28,31,31],"is_endless":false,"potions_floor_spawned":[4,5,8,11,14,15,16,20,29,32,33,38,39,42,45,47],"ascension_level":0}}