{"host":"4qt77pm52ljaz00q","time":1608302143,"event":{"mods":["2.2 Compatiblity","Aspiration","Bard","BaseMod","Beaked The Cultist","Challenge The Spire","ChefMod","Colored Map","Conspire","Friendly Minions","Glutton Mod","Halation","Hermit","Hubris","Infinite Spire","Jedi Mod","Marisa????????","Minty Spire (QoL Compilation)","Permanent Neow","Relic Sorter","Replay The Spire","Robot Space Explorer","Shade Mod","Shop Mod","StSLib","The Bug Knight","The Construct","The Cursed","The Disciple","The Dragon Tamer","The Jungle","The Mystic","The Poker Player","The Runesmith","The Servant 0.9.4","Unknown Chances","Wandering Minibosses","vexMod"],"gold_per_floor":[13,13,13,65,85,85,112,112,112,112,147,162,162,175,175,280,280,295,322,322,338,348,348,360,372,372,385,385,385],"floor_reached":28,"playtime":3428,"items_purged":[],"score":249,"play_id":"d05a32c3-9a8d-42e6-b095-c27df14d595f","local_time":"20201218093543","is_ascension_mode":false,"campfire_choices":[{"data":"1","floor":6.0,"key":"LIFT"},{"data":"2","floor":10.0,"key":"LIFT"},{"data":"3","floor":13.0,"key":"LIFT"},{"data":"TheCursedMod:ReleasedKnowledge","floor":15.0,"key":"SMITH"},{"data":"LockedBell","floor":23,"key":"SMITH"}],"circlet_count":0,"master_deck":["TheCursedMod:Strike_TheCursed","TheCursedMod:Strike_TheCursed","TheCursedMod:Strike_TheCursed","TheCursedMod:Strike_TheCursed","TheCursedMod:Defend_TheCursed","TheCursedMod:Defend_TheCursed","TheCursedMod:Defend_TheCursed","TheCursedMod:Defend_TheCursed","TheCursedMod:CursedWand","TheCursedMod:CleanUpWorkshop","TheCursedMod:Dregs","TheCursedMod:ReleasedKnowledge+1","Amnesia","ReplayTheSpireMod:Splinters","Glutton:Feed","mysticmod:MagicWeapon","LockedBell+1","Shade:FleshLikeOak","ReplayTheSpireMod:Compounding Headache","beaked:Brace"],"relics":["TheCursedMod:BlackMagic101","Girya","PrismaticShard","Regal Pillow","ReplayFunnel","Vajra","hubris:PeanutButter","hubris:Backtick","vexMod:Dragonfruit","Pet Ghost","conspire:DecoderRing","wanderingMiniBosses:CarrionFlame"],"acts_visited":["Exordium","TheCity"],"potions_floor_usage":[28],"damage_taken":[{"damage":3.0,"enemies":"Small Slimes","floor":1.0,"turns":3.0},{"damage":0.0,"enemies":"2 Louse","floor":5.0,"turns":2.0},{"damage":30.0,"enemies":"Gremlin Nob","floor":7.0,"turns":5.0},{"damage":0.0,"enemies":"Cultist","floor":11.0,"turns":6.0},{"damage":0.0,"enemies":"Looter","floor":12.0,"turns":3.0},{"damage":0.0,"enemies":"Large Slime","floor":14.0,"turns":3.0},{"damage":45,"enemies":"Fading Forest","floor":16,"turns":11},{"damage":4,"enemies":"Shell Parasite","floor":18,"turns":6},{"damage":20,"enemies":"conspire:FuzzyDice","floor":19,"turns":4},{"damage":20,"enemies":"Snake Plant","floor":21,"turns":5},{"damage":31,"enemies":"Sentry and Sphere","floor":22,"turns":7},{"damage":1,"enemies":"Cultist and Chosen","floor":24,"turns":5},{"damage":2,"enemies":"3 Cultists","floor":25,"turns":4},{"damage":13,"enemies":"Snake Plant","floor":27,"turns":4},{"damage":1,"enemies":"Centurion and Healer","floor":28,"turns":3}],"seed_played":"-7353573641683553686","potions_obtained":[{"floor":4.0,"key":"construct:ShiftPotion"},{"floor":4.0,"key":"Reflective Coating"},{"floor":7.0,"key":"ColorlessPotion"},{"floor":11.0,"key":"SmokeBomb"},{"floor":16,"key":"FearPotion"},{"floor":22,"key":"Strength Potion"},{"floor":24,"key":"ColorlessPotion"}],"is_trial":false,"path_per_floor":["M","?","$","?","M","R","E","?","T","R","M","M","R","M","R","B",null,"M","M","?","M","M","R","M","M","T","M","M"],"character_chosen":"THE_CURSED","items_purchased":[],"campfire_rested":0,"item_purchase_floors":[],"current_hp_per_floor":[72,72,72,72,75,75,45,45,45,45,45,45,45,48,48,15,86,82,65,65,45,14,14,16,14,14,1,0,0],"gold":385,"neow_bonus":"ONE_RARE_RELIC","is_daily":false,"chose_seed":false,"campfire_upgraded":2,"win_rate":0.0,"timestamp":1608302143,"path_taken":["M","?","$","?","M","R","E","?","T","R","M","M","R","M","R","BOSS","M","M","?","M","?","R","?","M","T","M","M"],"items_purchased_type":[],"build_version":"2020-12-13","purchased_purges":0,"victory":false,"max_hp_per_floor":[75,75,75,75,78,78,78,78,78,78,78,78,78,81,81,81,86,86,89,89,89,89,89,92,92,92,92,92,92],"card_choices":[{"not_picked":["TheCursedMod:Wield","TheCursedMod:WearCloak"],"picked":"TheCursedMod:ReleasedKnowledge","floor":1.0},{"not_picked":["Crescendo","beaked:BloodForTheGods"],"picked":"Glutton:Feed","floor":4.0},{"not_picked":["Cloak And Dagger","Shade:DangerousRitual","PokerPlayerMod:ClubStrike"],"picked":"SKIP","floor":5.0},{"not_picked":["Finisher","IllusionStar","ReplayTheSpireMod:RavenHex"],"picked":"SKIP","floor":7.0},{"not_picked":["RobotSpaceExplorer:PowerCollector","jedi:suffering"],"picked":"mysticmod:MagicWeapon","floor":11.0},{"not_picked":["construct:Backfire","HollowMod:TaintedHusks","Panic Button"],"picked":"SKIP","floor":12.0},{"not_picked":["Runesmith:PerfectChisel","mysticmod:MightyMagic","Runesmith:EnergizedChisel"],"picked":"SKIP","floor":14.0},{"not_picked":["DTMod:Inferno","HandOfGreed"],"picked":"LockedBell","floor":16},{"not_picked":["construct:PowerUp","Underhanded Strike","Barrage"],"picked":"SKIP","floor":18},{"not_picked":["LockedMedicine","construct:Reinforce+1"],"picked":"Shade:FleshLikeOak","floor":19},{"not_picked":["Shade:LichForm","HollowMod:RecoilStrike","DTMod:Cover"],"picked":"SKIP","floor":21},{"not_picked":["6A","TheCursedMod:SmokeScreen","LockedTornado"],"picked":"SKIP","floor":22},{"not_picked":["beaked:Tweet","GalacticHalo","chefmod:MonsterBait"],"picked":"SKIP","floor":24},{"not_picked":["construct:FierceBash","construct:ClusterMines"],"picked":"beaked:Brace","floor":25},{"not_picked":["Glutton:DecrepitStrike","RobotSpaceExplorer:DualCore","mysticmod:Flourish"],"picked":"SKIP","floor":27}],"player_experience":198937,"relics_obtained":[{"floor":4.0,"key":"Regal Pillow"},{"floor":7.0,"key":"ReplayFunnel"},{"floor":9.0,"key":"hubris:PeanutButter"},{"floor":26,"key":"conspire:DecoderRing"},{"floor":27,"key":"wanderingMiniBosses:CarrionFlame"}],"event_choices":[{"damage_healed":0.0,"max_hp_gain":0.0,"max_hp_loss":0.0,"gold_gain":0.0,"event_name":"WeMeetAgain","player_choice":"Gave Potion","floor":8.0,"gold_loss":0.0,"damage_taken":0.0,"relics_obtained":["Vajra"]}],"is_beta":false,"boss_relics":[{"not_picked":["Ectoplasm","Philosopher\u0027s Stone"],"picked":"hubris:Backtick"}],"items_purged_floors":[],"is_endless":false,"potions_floor_spawned":[7,11,16,22,24,25],"killed_by":"Centurion and Healer","ascension_level":0}}