{"host":"zftkeu5v9gqs3wr3","time":1608292075,"event":{"mods":["Act Like it!","Bard","BaseMod","CapriCore","Elementarium","Gensokyo","Jorbs\u0027s Wanderer Trilogy","Mad Scientist","Minty Spire (QoL Compilation)","Potionbrewer","Rare Cards Sparkle","Shade Mod","StSLib","The Cursed","The Immortal","The Runesmith","TheSwordswoman"],"gold_per_floor":[117,132,132,36,48,48,68,68,68,68,98,28,38,58,58,155,205,226,226,1,12,30,30,30,30,82,82,82,93,107,126,126,126,126],"floor_reached":33,"playtime":2364,"items_purged":[],"score":241,"play_id":"a022a6ab-6d4d-40c3-b4b5-fbfa5c106bbc","local_time":"20201218114755","is_ascension_mode":false,"campfire_choices":[{"data":"Heavy Blade","floor":6,"key":"SMITH"},{"data":"Anger","floor":8,"key":"SMITH"},{"data":"Headbutt","floor":10,"key":"SMITH"},{"data":"Flex","floor":15,"key":"SMITH"},{"floor":23,"key":"REST"},{"data":"Armaments","floor":25,"key":"SMITH"},{"data":"Flex","floor":28,"key":"SMITH"},{"floor":32,"key":"REST"}],"circlet_count":0,"master_deck":["Strike_R","Strike_R","Strike_R","Strike_R","Strike_R","Defend_R+1","Defend_R","Defend_R","Defend_R","Bash","Headbutt+1","Rampage+1","Seeing Red","Shrug It Off","Heavy Blade+1","Anger+1","Thunderclap+1","Headbutt","Flex+1","Demon Form+1","Dropkick","Armaments+1","Flex+1","Headbutt","Thunderclap","Rupture","Carnage","Fiend Fire","Ghostly Armor","Twin Strike","Flex+1","Reinforced Body","Shockwave","Disarm"],"relics":["Runesmith:UraniumAnvil","Toy Ornithopter","Tiny House","Gensokyo:ConquerorOfFear","potionbrewer:BoosterPack","Ancient Tea Set"],"acts_visited":["Exordium","Gensokyo:Gensokyo"],"potions_floor_usage":[11,18,23,29,31],"damage_taken":[{"damage":2,"enemies":"Gensokyo:2_Kodama","floor":1,"turns":3},{"damage":1,"enemies":"Gensokyo:3_Fairies","floor":2,"turns":4},{"damage":0,"enemies":"Gensokyo:Python","floor":5,"turns":2},{"damage":0,"enemies":"Gensokyo:LivingMonolith","floor":7,"turns":2},{"damage":0,"enemies":"Gensokyo:2_Rabbits","floor":11,"turns":3},{"damage":9,"enemies":"Gensokyo:Gryphon_and_Rabbit","floor":13,"turns":5},{"damage":0,"enemies":"Gensokyo:Kitsune","floor":14,"turns":2},{"damage":57,"enemies":"Gensokyo:Kokoro","floor":16,"turns":12},{"damage":14,"enemies":"Gensokyo:Chomper","floor":18,"turns":4},{"damage":34,"enemies":"Gensokyo:3_Dogs","floor":21,"turns":7},{"damage":30,"enemies":"Gensokyo:3_Gloops","floor":22,"turns":5},{"damage":41,"enemies":"Gensokyo:Chomper_and_Gloop","floor":29,"turns":6},{"damage":38,"enemies":"Gensokyo:Slime_Group","floor":30,"turns":4},{"damage":2,"enemies":"Gensokyo:3_Gloops","floor":31,"turns":4},{"damage":58,"enemies":"Gensokyo:Eiki","floor":33,"turns":7}],"seed_played":"-6273171966268485687","potions_obtained":[{"floor":2,"key":"FairyPotion"},{"floor":5,"key":"potionbrewer:MidasPotion"},{"floor":17,"key":"potionbrewer:MidasPotion"},{"floor":18,"key":"BloodPotion"},{"floor":29,"key":"BloodPotion"},{"floor":30,"key":"Explosive Potion"}],"is_trial":false,"path_per_floor":["M","M","?","$","M","R","M","R","T","R","M","?","M","M","R","B",null,"M","?","$","M","M","R","$","R","T","?","R","M","M","M","R","B"],"character_chosen":"IRONCLAD","items_purchased":["Seeing Red","Shrug It Off","potionbrewer:BoosterPack","Ghostly Armor"],"campfire_rested":2,"item_purchase_floors":[4,4,20,20],"current_hp_per_floor":[78,77,77,77,77,77,77,77,77,77,80,80,71,71,71,14,85,76,76,76,42,12,59,59,59,59,59,59,40,2,5,30,0,0],"gold":126,"neow_bonus":"BOSS_RELIC","is_daily":false,"chose_seed":false,"campfire_upgraded":6,"win_rate":0.0,"timestamp":1608292075,"path_taken":["M","M","?","?","?","R","M","R","T","R","M","?","M","M","R","BOSS","M","?","$","M","M","R","?","R","T","?","R","M","M","?","R","BOSS"],"items_purchased_type":["Card","Card","Relic","Card"],"build_version":"2020-12-13","purchased_purges":0,"victory":false,"max_hp_per_floor":[80,80,80,80,80,80,80,80,80,80,80,80,80,80,80,80,85,85,85,85,85,85,85,85,85,85,85,85,85,85,85,85,85,85],"card_choices":[{"not_picked":["Shrug It Off","Twin Strike"],"picked":"Headbutt","floor":1},{"not_picked":["Seeing Red","Cleave"],"picked":"Rampage","floor":2},{"not_picked":["True Grit","Shrug It Off"],"picked":"Heavy Blade","floor":5},{"not_picked":["Feel No Pain","Iron Wave"],"picked":"Anger","floor":7},{"not_picked":["Clothesline","Combust"],"picked":"Thunderclap","floor":11},{"not_picked":["True Grit","Offering"],"picked":"Headbutt","floor":13},{"not_picked":["Second Wind","Metallicize"],"picked":"Flex","floor":14},{"not_picked":["Berserk","Offering"],"picked":"Demon Form","floor":16},{"not_picked":["Burning Pact","Pummel"],"picked":"Dropkick","floor":17},{"not_picked":["Thunderclap+1","Blood for Blood"],"picked":"Armaments","floor":18},{"not_picked":["Ghostly Armor","Entrench"],"picked":"Twin Strike","floor":21},{"not_picked":["True Grit","Iron Wave"],"picked":"Flex+1","floor":22},{"not_picked":["Shrug It Off","Cleave"],"picked":"Shockwave","floor":29},{"not_picked":["Clothesline","Perfected Strike","Iron Wave+1"],"picked":"SKIP","floor":30},{"not_picked":["Perfected Strike+1","True Grit"],"picked":"Disarm","floor":31}],"player_experience":85175,"relics_obtained":[{"floor":9,"key":"Toy Ornithopter"},{"floor":21,"key":"Gensokyo:ConquerorOfFear"},{"floor":26,"key":"Ancient Tea Set"}],"event_choices":[],"is_beta":false,"boss_relics":[{"not_picked":["Runic Cube","Black Star"],"picked":"Tiny House"}],"items_purged_floors":[],"is_endless":false,"potions_floor_spawned":[2,5,18,29,30],"killed_by":"Gensokyo:Eiki","ascension_level":0}}