{"host":"egyxg9lnjq7g2hmw","time":1608330458,"event":{"mods":["AchievementEnabler","BaseMod","Block Reminder","Colored Map","Colored Powertips","Highlight Path","Minty Spire (QoL Compilation)","Rare Cards Sparkle","StSLib"],"gold_per_floor":[12,12,22,22,35,62,81,81,81,96,96,67,67,97,97,97,97],"floor_reached":16,"playtime":696,"items_purged":[],"score":218,"play_id":"0f7f3e5f-3c12-4f3b-a522-25b3ac721917","local_time":"20201218142738","is_ascension_mode":true,"campfire_choices":[{"data":"Envenom","floor":8.0,"key":"SMITH"},{"floor":15.0,"key":"REST"}],"circlet_count":0,"master_deck":["AscendersBane","Strike_G","Strike_G","Strike_G","Strike_G","Defend_G","Defend_G","Defend_G","Defend_G","Defend_G","Survivor","Neutralize+1","Envenom+1","All Out Attack","Footwork+1","Riddle With Holes","Blade Dance","Footwork","Dash"],"relics":["Ring of the Snake","White Beast Statue","Matryoshka","MealTicket"],"acts_visited":["Exordium"],"potions_floor_usage":[16,16],"damage_taken":[{"damage":4.0,"enemies":"Jaw Worm","floor":1.0,"turns":5.0},{"damage":4.0,"enemies":"Small Slimes","floor":3.0,"turns":4.0},{"damage":0.0,"enemies":"Cultist","floor":5.0,"turns":4.0},{"damage":6.0,"enemies":"Gremlin Nob","floor":6.0,"turns":3.0},{"damage":14.0,"enemies":"Looter","floor":7.0,"turns":4.0},{"damage":0.0,"enemies":"Gremlin Gang","floor":10.0,"turns":1.0},{"damage":8.0,"enemies":"Exordium Thugs","floor":12.0,"turns":5.0},{"damage":19.0,"enemies":"3 Sentries","floor":14.0,"turns":7.0},{"damage":24,"enemies":"Hexaghost","floor":16,"turns":9}],"seed_played":"4688730409244832674","potions_obtained":[{"floor":3.0,"key":"FearPotion"},{"floor":5.0,"key":"SteroidPotion"},{"floor":7.0,"key":"Explosive Potion"},{"floor":10.0,"key":"Dexterity Potion"},{"floor":12.0,"key":"Poison Potion"},{"floor":14.0,"key":"ColorlessPotion"}],"is_trial":false,"path_per_floor":["M","?","M","?","M","E","M","R","T","M","?","M","$","E","R","B"],"character_chosen":"THE_SILENT","items_purchased":[],"campfire_rested":1,"item_purchase_floors":[],"current_hp_per_floor":[55,55,51,51,51,45,31,31,31,31,31,23,23,4,23,0,0],"gold":97,"neow_bonus":"THREE_RARE_CARDS","is_daily":false,"chose_seed":false,"campfire_upgraded":1,"win_rate":0.0,"timestamp":1608330458,"path_taken":["M","?","M","?","?","E","M","R","T","M","?","?","?","E","R","BOSS"],"items_purchased_type":[],"build_version":"2020-12-13","purchased_purges":0,"victory":false,"max_hp_per_floor":[66,66,66,66,66,66,66,66,66,66,66,66,66,66,66,66,66],"card_choices":[{"not_picked":["Malaise","Corpse Explosion"],"picked":"Envenom","floor":0.0},{"not_picked":["Dodge and Roll","Quick Slash"],"picked":"All Out Attack","floor":1.0},{"not_picked":["Backflip","Caltrops"],"picked":"Footwork","floor":3.0},{"not_picked":["Envenom","Poisoned Stab"],"picked":"Blade Dance","floor":5.0},{"not_picked":["Dagger Throw","Crippling Poison","Grand Finale"],"picked":"SKIP","floor":6.0},{"not_picked":["Distraction","Well Laid Plans"],"picked":"Footwork","floor":7.0},{"not_picked":["Deadly Poison","Outmaneuver","Underhanded Strike"],"picked":"SKIP","floor":10.0},{"not_picked":["Poisoned Stab","Acrobatics"],"picked":"Dash","floor":12.0},{"not_picked":["All Out Attack","Sucker Punch","Dagger Spray"],"picked":"SKIP","floor":14.0}],"player_experience":515944,"relics_obtained":[{"floor":6.0,"key":"White Beast Statue"},{"floor":9.0,"key":"Matryoshka"},{"floor":14.0,"key":"MealTicket"}],"event_choices":[{"damage_healed":0.0,"max_hp_gain":0.0,"max_hp_loss":0.0,"gold_gain":0.0,"event_name":"Living Wall","player_choice":"Grow","floor":2.0,"gold_loss":0.0,"damage_taken":0.0,"cards_upgraded":["Neutralize"]},{"damage_healed":0.0,"max_hp_gain":0.0,"max_hp_loss":0.0,"gold_gain":0.0,"cards_transformed":["Strike_G"],"event_name":"Transmorgrifier","player_choice":"Transformed","floor":4.0,"gold_loss":0.0,"damage_taken":0.0,"cards_obtained":["Riddle With Holes"]},{"damage_healed":0.0,"max_hp_gain":0.0,"max_hp_loss":0.0,"gold_gain":0.0,"event_name":"Upgrade Shrine","player_choice":"Upgraded","floor":11.0,"gold_loss":0.0,"damage_taken":0.0,"cards_upgraded":["Footwork"]}],"is_beta":false,"boss_relics":[],"items_purged_floors":[],"is_endless":false,"potions_floor_spawned":[3,5,7,10,12,14],"killed_by":"Hexaghost","ascension_level":19}}