{"host":"m9i7qe3hvz6jihjh","time":1608307535,"event":{"mods":["BaseMod","Colored Powertips","Infinite Spire","Minty Spire (QoL Compilation)","Quick Restart","StSLib","The Animator","Waifu the Spire"],"gold_per_floor":[116,134,134,134,10,10,50,65,65,65,65,89,89,102,102,223,223,248,248,266,266,281,300,318,336,362,386,427,427,19,19,19,142,142,157,157,117,117,90,90,105,105,128,80,111,111,111,111],"floor_reached":47,"playtime":1198,"items_purged":["Strike_P","Strike_P+1"],"score":575,"play_id":"5ad71259-1567-4b1c-a4f4-cbfda7fca678","local_time":"20201218170535","is_ascension_mode":false,"campfire_choices":[{"data":"FlurryOfBlows","floor":6,"key":"SMITH"},{"data":"Omniscience","floor":15,"key":"SMITH"},{"data":"FlurryOfBlows","floor":29,"key":"SMITH"},{"floor":32,"key":"REST"},{"data":"Devotion","floor":40,"key":"SMITH"},{"floor":42,"key":"REST"}],"circlet_count":0,"master_deck":["Strike_P+1","Strike_P+1","Defend_P+1","Defend_P+1","Defend_P+1","Eruption+1","Vigilance","Flash of Steel","FlurryOfBlows+1","Wallop","FlurryOfBlows+1","SignatureMove+1","Omniscience+1","Devotion+1","FollowUp","LessonLearned+1","FollowUp+1","PathToVictory","FlurryOfBlows+1","FollowUp+1"],"relics":["PureWater","Golden Idol","Sundial","Singing Bowl","infinitespire:BottledMercury","VioletLotus","Gremlin Horn","Happy Flower","Juzu Bracelet","Lizard Tail","infinitespire:Cupcake","Blood Vial","infinitespire:Lucky Rock"],"acts_visited":["Exordium","TheCity","TheBeyond"],"potions_floor_usage":[7,7,16,18,22,23,24,27,27,31,47],"damage_taken":[{"damage":2,"enemies":"Small Slimes","floor":1,"turns":3},{"damage":0,"enemies":"Cultist","floor":2,"turns":1},{"damage":6,"enemies":"Lagavulin","floor":7,"turns":3},{"damage":0,"enemies":"2 Louse","floor":8,"turns":2},{"damage":0,"enemies":"Blue Slaver","floor":12,"turns":2},{"damage":7,"enemies":"Exordium Wildlife","floor":14,"turns":2},{"damage":3,"enemies":"Slime Boss","floor":16,"turns":4},{"damage":0,"enemies":"2 Thieves","floor":18,"turns":1},{"damage":0,"enemies":"Chosen","floor":20,"turns":3},{"damage":18,"enemies":"3 Cultists","floor":22,"turns":4},{"damage":0,"enemies":"Chosen and Byrds","floor":23,"turns":4},{"damage":3,"enemies":"Snake Plant","floor":24,"turns":4},{"damage":0,"enemies":"Centurion and Healer","floor":25,"turns":3},{"damage":14,"enemies":"Shelled Parasite and Fungi","floor":27,"turns":4},{"damage":0,"enemies":"Gremlin Leader","floor":28,"turns":2},{"damage":0,"enemies":"Cultist and Chosen","floor":31,"turns":1},{"damage":86,"enemies":"Collector","floor":33,"turns":8},{"damage":25,"enemies":"3 Darklings","floor":35,"turns":4},{"damage":4,"enemies":"3 Shapes","floor":41,"turns":2},{"damage":12,"enemies":"Giant Head","floor":45,"turns":5},{"damage":82,"enemies":"Nemesis","floor":47,"turns":4}],"seed_played":"3035460038202298265","potions_obtained":[{"floor":1,"key":"SteroidPotion"},{"floor":8,"key":"Explosive Potion"},{"floor":12,"key":"Block Potion"},{"floor":14,"key":"Ambrosia"},{"floor":20,"key":"StancePotion"},{"floor":22,"key":"Weak Potion"},{"floor":23,"key":"Weak Potion"},{"floor":24,"key":"SmokeBomb"},{"floor":25,"key":"EssenceOfSteel"},{"floor":37,"key":"LiquidBronze"},{"floor":37,"key":"SpeedPotion"},{"floor":37,"key":"infinitespire:BlackPotion"},{"floor":45,"key":"Strength Potion"}],"is_trial":false,"path_per_floor":["M","M","?","?","$","R","E","M","T","?","$","M","?","M","R","B",null,"M","?","M","T","M","M","M","M","T","M","E","R","$","M","R","B",null,"M","?","?","?","$","R","M","R","T","$","E","?","E"],"character_chosen":"WATCHER","items_purchased":["Block Potion","Lizard Tail","PathToVictory","FlurryOfBlows"],"campfire_rested":2,"item_purchase_floors":[5,30,39,44],"current_hp_per_floor":[70,70,70,52,52,52,46,46,46,46,46,48,36,29,29,26,74,76,76,78,78,62,64,61,63,63,51,53,53,53,53,79,44,88,63,63,63,63,63,63,59,85,85,85,75,75,0,0],"gold":111,"neow_bonus":"RANDOM_COLORLESS","is_daily":false,"chose_seed":false,"campfire_upgraded":4,"win_rate":0.0,"timestamp":1608307535,"path_taken":["M","M","?","?","$","R","E","M","T","?","$","?","?","M","R","BOSS","M","?","M","?","M","?","M","M","T","M","E","R","?","M","R","BOSS","M","?","?","?","?","R","M","R","T","?","E","?","E"],"items_purchased_type":["Potion","Relic","Card","Card"],"build_version":"2020-12-13","purchased_purges":2,"victory":false,"max_hp_per_floor":[72,72,72,72,72,72,72,72,72,72,72,74,74,74,74,74,74,76,76,78,78,80,82,82,84,84,86,88,88,88,88,88,88,88,88,88,88,88,88,88,88,88,88,88,88,88,88,88],"card_choices":[{"not_picked":["Mind Blast","Blind"],"picked":"Flash of Steel","floor":0},{"not_picked":["Halt","CrushJoints"],"picked":"FlurryOfBlows","floor":1},{"not_picked":["Fasting2","Swivel","FlyingSleeves"],"picked":"SKIP","floor":2},{"not_picked":["Meditate","FlyingSleeves"],"picked":"Wallop","floor":7},{"not_picked":["Halt","BattleHymn"],"picked":"FlurryOfBlows","floor":8},{"not_picked":["Meditate","LikeWater","Indignation"],"picked":"Singing Bowl","floor":12},{"not_picked":["ForeignInfluence","EmptyFist"],"picked":"Omniscience","floor":14},{"not_picked":["ConjureBlade","DeusExMachina"],"picked":"Devotion","floor":16},{"not_picked":["Prostrate","PathToVictory+1","SashWhip"],"picked":"Singing Bowl","floor":18},{"not_picked":["Evaluate","Protect","InnerPeace"],"picked":"Singing Bowl","floor":20},{"not_picked":["Evaluate","Worship+1","JustLucky"],"picked":"Singing Bowl","floor":22},{"not_picked":["WindmillStrike+1","FearNoEvil","Indignation"],"picked":"Singing Bowl","floor":23},{"not_picked":["Consecrate","CrushJoints+1"],"picked":"FollowUp","floor":24},{"not_picked":["EmptyMind","EmptyFist","FearNoEvil"],"picked":"Singing Bowl","floor":25},{"not_picked":["Nirvana","SashWhip","Protect"],"picked":"Singing Bowl","floor":27},{"not_picked":["Evaluate","MasterReality","EmptyFist+1"],"picked":"Singing Bowl","floor":28},{"not_picked":["Devotion","SpiritShield"],"picked":"LessonLearned","floor":33},{"not_picked":["JustLucky+1","CutThroughFate"],"picked":"FollowUp+1","floor":35},{"not_picked":["JustLucky","ThirdEye+1"],"picked":"FlurryOfBlows+1","floor":41},{"not_picked":["EmptyFist","Scrawl"],"picked":"FollowUp+1","floor":45}],"player_experience":871037,"relics_obtained":[{"floor":7,"key":"Sundial"},{"floor":9,"key":"Singing Bowl"},{"floor":21,"key":"Gremlin Horn"},{"floor":26,"key":"Happy Flower"},{"floor":28,"key":"Juzu Bracelet"},{"floor":43,"key":"Blood Vial"},{"floor":45,"key":"infinitespire:Lucky Rock"}],"event_choices":[{"damage_healed":0,"gold_gain":0,"player_choice":"Grow","damage_taken":0,"max_hp_gain":0,"max_hp_loss":0,"event_name":"Living Wall","floor":3,"gold_loss":0,"cards_upgraded":["Eruption"]},{"damage_healed":0,"gold_gain":0,"player_choice":"Take Damage","damage_taken":18,"relics_obtained":["Golden Idol"],"max_hp_gain":0,"max_hp_loss":0,"event_name":"Golden Idol","floor":4,"gold_loss":0},{"damage_healed":0,"gold_gain":0,"cards_transformed":["Defend_P"],"player_choice":"Transformed","damage_taken":0,"max_hp_gain":0,"max_hp_loss":0,"event_name":"Transmorgrifier","floor":10,"gold_loss":0,"cards_obtained":["SignatureMove"]},{"damage_healed":0,"gold_gain":0,"player_choice":"Success","damage_taken":12,"relics_obtained":["infinitespire:BottledMercury"],"max_hp_gain":0,"max_hp_loss":0,"event_name":"Scrap Ooze","floor":13,"gold_loss":0},{"damage_healed":0,"gold_gain":0,"player_choice":"Simplicity","damage_taken":0,"max_hp_gain":0,"max_hp_loss":0,"event_name":"Back to Basics","floor":19,"gold_loss":0,"cards_upgraded":["Strike_P","Strike_P","Strike_P","Defend_P","Defend_P","Defend_P"]},{"damage_healed":0,"gold_gain":0,"player_choice":"Bought 3 Potions","damage_taken":0,"max_hp_gain":0,"max_hp_loss":0,"event_name":"The Woman in Blue","floor":37,"gold_loss":0},{"damage_healed":0,"gold_gain":0,"player_choice":"Upgraded","damage_taken":0,"max_hp_gain":0,"max_hp_loss":0,"event_name":"Upgrade Shrine","floor":38,"gold_loss":0,"cards_upgraded":["LessonLearned"]},{"cards_removed":["FlurryOfBlows"],"damage_healed":0,"gold_gain":0,"player_choice":"Removed Attack","damage_taken":0,"max_hp_gain":0,"max_hp_loss":0,"event_name":"Falling","floor":46,"gold_loss":0}],"is_beta":false,"boss_relics":[{"not_picked":["Pandora\u0027s Box","Fusion Hammer"],"picked":"VioletLotus"},{"not_picked":["SlaversCollar","Cursed Key"],"picked":"infinitespire:Cupcake"}],"items_purged_floors":[5,30],"is_endless":false,"potions_floor_spawned":[1,8,12,14,20,22,23,24,25,45],"killed_by":"Nemesis","ascension_level":0}}