{"host":"pzxn1nb1tlmimivy","time":1608307885,"event":{"mods":["BaseMod","CapriCore","Infinite Spire","Lobotomy","LobotomyExtend","Minty Spire (QoL Compilation)","Quick Restart","Replay The Spire","StSLib","TestMod","The Immortal","TheWitcher"],"gold_per_floor":[121,121,67,90,113,88,88],"floor_reached":6,"playtime":298,"items_purged":[],"score":36,"play_id":"5dfc391a-d756-434f-95c4-8cf5e4244ba0","local_time":"20201219001125","is_ascension_mode":false,"campfire_choices":[],"circlet_count":0,"master_deck":["SnafuTest:DefaultCommonAttack","SnafuTest:DefaultCommonAttack","SnafuTest:DefaultCommonAttack","SnafuTest:BountyHunt","SnafuTest:DefaultCommonSkill+1","SnafuTest:DefaultCommonSkill","SnafuTest:DefaultCommonSkill","SnafuTest:SignQuen","testmod-LimitFlipper","infinitespire:UltimateForm","SnafuTest:PowerAlwaysOnRoads"],"relics":["SnafuTest:PlaceholderRelic","testmod-TestBox","testmod-Justice","LetterFromLob"],"acts_visited":["Exordium"],"potions_floor_usage":[],"damage_taken":[{"damage":3,"enemies":"Cultist","floor":1,"turns":5},{"damage":4,"enemies":"Small Slimes","floor":4,"turns":4},{"damage":6,"enemies":"Jaw Worm","floor":5,"turns":5},{"damage":32,"enemies":"Gremlin Nob","floor":6,"turns":5}],"seed_played":"-3128520083310957468","potions_obtained":[{"floor":1,"key":"Elixir"}],"is_trial":false,"path_per_floor":["M","?","$","M","M","E"],"character_chosen":"THE_WITCHER","items_purchased":["SnafuTest:PowerAlwaysOnRoads"],"campfire_rested":0,"item_purchase_floors":[3],"current_hp_per_floor":[72,54,54,50,44,12,12],"gold":88,"neow_bonus":"RANDOM_COLORLESS","is_daily":false,"chose_seed":false,"campfire_upgraded":0,"win_rate":0.0,"timestamp":1608307885,"path_taken":["M","?","$","M","M","E"],"items_purchased_type":["Card"],"build_version":"2020-12-13","purchased_purges":0,"victory":false,"max_hp_per_floor":[75,75,75,75,75,75,75],"card_choices":[{"not_picked":["Replay:BasicMightCard","Replay:Sssssssssshield"],"picked":"testmod-LimitFlipper","floor":0},{"not_picked":["SnafuTest:QueensGuard","SnafuTest:PayHappyHour","SnafuTest:BombDragonsDream"],"picked":"SKIP","floor":1},{"not_picked":["infinitespire:Fortify","ReplayTheSpireMod:Black Plague"],"picked":"infinitespire:UltimateForm","floor":2},{"not_picked":["SnafuTest:FeignDeath","SnafuTest:WitchHunt","SnafuTest:QueensGuard"],"picked":"SKIP","floor":4},{"not_picked":["SnafuTest:BattleCry","SnafuTest:PowerCrimsonRitual"],"picked":"SnafuTest:PaySmithWorkshop","floor":5}],"player_experience":1339386,"relics_obtained":[{"floor":1,"key":"LetterFromLob"}],"event_choices":[],"is_beta":false,"boss_relics":[],"items_purged_floors":[],"is_endless":false,"potions_floor_spawned":[1],"killed_by":"Gremlin Nob","ascension_level":0}}