{"host":"i1h39d0gfh5c6uxl","time":1608306050,"event":{"mods":["AchievementEnabler","BaseMod","Colored Map","Colored Powertips","Highlight Path","Minty Spire (QoL Compilation)"],"gold_per_floor":[110,128,76,76,96,127,127,52,78,103,103,122,122,149,149,149,149],"floor_reached":16,"playtime":1513,"items_purged":["Strike_R"],"score":236,"play_id":"1520994c-2f84-4209-96f2-ae50e8017d85","local_time":"20201218234050","is_ascension_mode":true,"campfire_choices":[{"floor":7,"key":"REST"},{"floor":11,"key":"REST"},{"floor":15,"key":"REST"}],"circlet_count":0,"master_deck":["AscendersBane","Strike_R","Strike_R","Strike_R","Defend_R","Defend_R","Defend_R","Defend_R","Bash","Violence","Cleave","Flame Barrier","Armaments","Twin Strike","Corruption","Limit Break"],"relics":["Burning Blood","Pen Nib","Self Forming Clay","Akabeko","Art of War","Torii"],"acts_visited":["Exordium"],"potions_floor_usage":[6,12,14,16,16,16],"damage_taken":[{"damage":7,"enemies":"Cultist","floor":1,"turns":4},{"damage":9,"enemies":"2 Louse","floor":2,"turns":4},{"damage":9,"enemies":"Jaw Worm","floor":5,"turns":5},{"damage":23,"enemies":"Lagavulin","floor":6,"turns":5},{"damage":29,"enemies":"Gremlin Nob","floor":10,"turns":4},{"damage":2,"enemies":"3 Louse","floor":12,"turns":3},{"damage":10,"enemies":"3 Sentries","floor":14,"turns":5},{"damage":75,"enemies":"Hexaghost","floor":16,"turns":11}],"seed_played":"-6728201199124517053","potions_obtained":[{"floor":2,"key":"SmokeBomb"},{"floor":5,"key":"ColorlessPotion"},{"floor":6,"key":"Dexterity Potion"},{"floor":10,"key":"LiquidMemories"},{"floor":14,"key":"EntropicBrew"}],"is_trial":false,"path_per_floor":["M","M","?","?","M","E","R","$","T","E","R","M","?","E","R","B"],"character_chosen":"IRONCLAD","items_purchased":[],"campfire_rested":3,"item_purchase_floors":[],"current_hp_per_floor":[49,46,46,35,32,15,37,37,37,14,36,40,40,36,58,0,0],"gold":149,"neow_bonus":"RANDOM_COLORLESS_2","is_daily":false,"chose_seed":false,"campfire_upgraded":0,"win_rate":0.0,"timestamp":1608306050,"path_taken":["M","M","?","?","M","E","R","?","T","E","R","M","?","E","R","BOSS"],"items_purchased_type":[],"build_version":"2020-12-13","purchased_purges":1,"victory":false,"max_hp_per_floor":[75,75,75,75,75,75,75,75,75,75,75,75,75,75,75,75,75],"card_choices":[{"not_picked":["Secret Weapon","Chrysalis"],"picked":"Violence","floor":0},{"not_picked":["Armaments","Intimidate"],"picked":"Cleave","floor":1},{"not_picked":["Hemokinesis","Flex"],"picked":"Flame Barrier","floor":2},{"not_picked":["Twin Strike","Iron Wave"],"picked":"Armaments","floor":5},{"not_picked":["Exhume","Cleave"],"picked":"Twin Strike","floor":6},{"not_picked":["Brutality","Twin Strike","Metallicize"],"picked":"SKIP","floor":10},{"not_picked":["Anger","Second Wind","Dropkick"],"picked":"SKIP","floor":12},{"not_picked":["Anger","Sentinel"],"picked":"Limit Break","floor":14}],"player_experience":1278906,"relics_obtained":[{"floor":6,"key":"Self Forming Clay"},{"floor":9,"key":"Akabeko"},{"floor":10,"key":"Art of War"},{"floor":14,"key":"Torii"}],"event_choices":[{"damage_healed":0,"gold_gain":0,"player_choice":"Left Gold","damage_taken":0,"max_hp_gain":0,"max_hp_loss":0,"event_name":"World of Goop","floor":3,"gold_loss":52},{"damage_healed":0,"gold_gain":0,"player_choice":"Success","damage_taken":11,"relics_obtained":["Pen Nib"],"max_hp_gain":0,"max_hp_loss":0,"event_name":"Scrap Ooze","floor":4,"gold_loss":0},{"damage_healed":0,"gold_gain":0,"cards_transformed":["Strike_R"],"player_choice":"Transformed","damage_taken":0,"max_hp_gain":0,"max_hp_loss":0,"event_name":"Transmorgrifier","floor":13,"gold_loss":0,"cards_obtained":["Corruption"]}],"is_beta":false,"boss_relics":[],"items_purged_floors":[8],"is_endless":false,"potions_floor_spawned":[2,5,6,10,14],"killed_by":"Hexaghost","ascension_level":20}}