{"host":"0gl1h2c0bid0oqhv","time":1608305323,"event":{"mods":["BaseMod","Colored Map","Downfall","Googly Eyes","Highlight Path","Minty Spire (QoL Compilation)","Replay The Spire","StSLib"],"gold_per_floor":[99,99,99,24,24,24,51,82,110,152,258,274,297,297,319,321,321],"floor_reached":16,"playtime":1165,"items_purged":[],"score":108,"play_id":"54fb32de-3125-40e0-a6b4-e2e9f12ad1c7","local_time":"20201218152843","is_ascension_mode":false,"campfire_choices":[{"floor":1,"key":"RECALL"},{"data":"Slimebound:MegaLick","floor":4,"key":"SMITH"}],"circlet_count":0,"master_deck":["Slimebound:Strike_Slimebound","Slimebound:Strike_Slimebound","Slimebound:Strike_Slimebound","Slimebound:Tackle","Slimebound:Defend_Slimebound","Slimebound:Defend_Slimebound","Slimebound:Defend_Slimebound","Slimebound:Defend_Slimebound","Slimebound:Split","Slimebound:CorrosiveSpit","Slimebound:MegaLick+1","Slimebound:SplitMire","Slimebound:PrepareCrush","Pot Of Greed","Pot Of Greed","Slimebound:ItLooksTasty","Slimebound:PressTheAttack","Slimebound:Teamwork","Slimebound:SplitLeeching","Slimebound:MegaLick","Slimebound:Gluttony"],"relics":["Slimebound:AbsorbEndCombat","downfall:HeartsMalice","downfall:HeartBlessingRed","Replay:Bandana","Grinning Jar","Pocketwatch","downfall:GremlinWheel"],"acts_visited":["Exordium"],"potions_floor_usage":[8,8,10,10,16,16,16],"damage_taken":[{"damage":0,"enemies":"2 Louse","floor":3,"turns":1},{"damage":0,"enemies":"Cultist","floor":5,"turns":1},{"damage":0,"enemies":"Small Slimes","floor":6,"turns":1},{"damage":21,"enemies":"3 Sentries","floor":8,"turns":6},{"damage":13,"enemies":"Gremlin Gang","floor":9,"turns":4},{"damage":21,"enemies":"Gremlin Nob","floor":10,"turns":3},{"damage":40,"enemies":"Gremlin Nob","floor":11,"turns":5},{"damage":12,"enemies":"2 Fungi Beasts","floor":12,"turns":4},{"damage":8,"enemies":"Large Slime","floor":13,"turns":5},{"damage":16,"enemies":"Exordium Wildlife","floor":15,"turns":3},{"damage":68,"enemies":"downfall:Defect","floor":16,"turns":5}],"seed_played":"-518348511470049335","potions_obtained":[{"floor":2,"key":"LifebloodPotion"},{"floor":2,"key":"Regen Potion"},{"floor":2,"key":"Adrenaline Potion"},{"floor":9,"key":"Toxic Potion"},{"floor":11,"key":"Venom Potion"},{"floor":13,"key":"Explosive Potion"},{"floor":15,"key":"Explosive Potion"}],"is_trial":false,"path_per_floor":["R_BF","?","M","R","M","M","T","E","M","E","?","M","M","?","M","B"],"character_chosen":"SLIMEBOUND","items_purchased":[],"campfire_rested":0,"item_purchase_floors":[],"current_hp_per_floor":[60,60,60,60,60,60,60,55,60,55,32,32,48,48,52,0,0],"gold":321,"neow_bonus":"THREE_ENEMY_KILL","is_daily":false,"chose_seed":false,"campfire_upgraded":1,"win_rate":0.0,"timestamp":1608305323,"path_taken":["R_BF","?","M","R","?","M","T","E","M","E","?","?","M","?","M","BOSS"],"items_purchased_type":[],"build_version":"2020-12-13","purchased_purges":0,"victory":false,"max_hp_per_floor":[60,60,60,60,60,60,60,60,60,60,60,60,60,60,60,60,60],"card_choices":[{"not_picked":["Slimebound:ComboTackle","Slimebound:Schlurp"],"picked":"Slimebound:MegaLick","floor":3},{"not_picked":["Slimebound:HauntingLick","Slimebound:FirmFortitude"],"picked":"Slimebound:SplitMire","floor":5},{"not_picked":["Slimebound:HauntingLick","Slimebound:PressTheAttack"],"picked":"Slimebound:PrepareCrush","floor":6},{"not_picked":["Slimebound:LeechEnergy","Slimebound:SlimeBarrage"],"picked":"Slimebound:ItLooksTasty","floor":8},{"not_picked":["Slimebound:SplitMire","Slimebound:GrowthPunch"],"picked":"Slimebound:PressTheAttack","floor":9},{"not_picked":["Slimebound:SplitLeeching","Slimebound:LeechingTouch"],"picked":"Slimebound:Teamwork","floor":10},{"not_picked":["Slimebound:ForwardTackle","Slimebound:Equalize"],"picked":"Slimebound:SplitLeeching","floor":12},{"not_picked":["Slimebound:GrowthPunch","Slimebound:ViciousTackle"],"picked":"Slimebound:MegaLick","floor":13},{"not_picked":["Slimebound:Chomp","Slimebound:HauntingLick"],"picked":"Slimebound:Gluttony","floor":15}],"player_experience":0,"relics_obtained":[{"floor":7,"key":"Replay:Bandana"},{"floor":8,"key":"Grinning Jar"},{"floor":10,"key":"Pocketwatch"},{"floor":11,"key":"downfall:GremlinWheel"}],"event_choices":[{"damage_healed":0,"gold_gain":0,"player_choice":"Got Potions","damage_taken":0,"max_hp_gain":0,"max_hp_loss":0,"event_name":"Lab","floor":2,"gold_loss":0}],"is_beta":false,"boss_relics":[],"items_purged_floors":[],"is_endless":false,"potions_floor_spawned":[9,11,13,15],"killed_by":"downfall:Defect","ascension_level":0}}