{"host":"1sn8m3l2btf1jbx1","time":1608262323,"event":{"mods":["AchievementEnabler","BaseMod","Colored Map","Colored Powertips","Highlight Path","Minty Spire (QoL Compilation)","Quick Restart","Rare Cards Sparkle","StSLib"],"gold_per_floor":[114,124,135,154,174,174,209,209,209,244,244,269,285,285,285,387,437,450,461,479,11,25,25,60,60,60,87,12,44,44,78,78,184,184,203,230,11,20,79,79,114,126,152,178,178,213,238,264,264,264,264,264,164,196,196,196],"floor_reached":55,"playtime":3443,"items_purged":["Strike_P","Strike_P"],"score":1395,"play_id":"ed019f2c-cd33-43f3-b52b-19db463e1945","local_time":"20201218113203","is_ascension_mode":true,"campfire_choices":[{"data":"Eruption","floor":6.0,"key":"SMITH"},{"data":"SandsOfTime","floor":8.0,"key":"SMITH"},{"data":"Establishment","floor":11.0,"key":"SMITH"},{"data":"Meditate","floor":15.0,"key":"SMITH"},{"data":"Vigilance","floor":23.0,"key":"SMITH"},{"data":"Prostrate","floor":25.0,"key":"SMITH"},{"floor":30.0,"key":"REST"},{"floor":32.0,"key":"REST"},{"floor":40.0,"key":"RECALL"},{"data":"Worship","floor":45.0,"key":"SMITH"},{"floor":49.0,"key":"REST"},{"data":"1","floor":52.0,"key":"LIFT"}],"circlet_count":0,"master_deck":["Strike_P","Defend_P","Defend_P","Defend_P","Defend_P","Eruption+1","Vigilance+1","Crescendo+1","SandsOfTime+1","EmptyFist","Establishment+1","CarveReality","DeceiveReality","MasterReality","Meditate+1","SpiritShield","Prostrate+1","Evaluate+1","SandsOfTime+1","Protect","Perseverance","DevaForm","WheelKick+1","Master of Strategy","EmptyBody","Worship+1","WindmillStrike+1","Pray"],"relics":["Black Star","Vajra","Ancient Tea Set","Strawberry","White Beast Statue","Pear","Pocketwatch","Tiny Chest","Tiny House","PreservedInsect","Molten Egg 2","Boot","Question Card","Blue Candle","Omamori","Calipers","Blood Vial","Gremlin Horn","CeramicFish","Ornamental Fan","Sozu","Nunchaku","Oddly Smooth Stone","Turnip","Girya","MealTicket","Orichalcum","Akabeko","Happy Flower","Ginger","InkBottle","FossilizedHelix"],"acts_visited":["Exordium","TheCity","TheBeyond","TheEnding"],"potions_floor_usage":[],"damage_taken":[{"damage":0.0,"enemies":"Cultist","floor":1.0,"turns":2.0},{"damage":2.0,"enemies":"Jaw Worm","floor":2.0,"turns":4.0},{"damage":3.0,"enemies":"Small Slimes","floor":3.0,"turns":4.0},{"damage":12.0,"enemies":"2 Fungi Beasts","floor":4.0,"turns":3.0},{"damage":17.0,"enemies":"3 Louse","floor":5.0,"turns":4.0},{"damage":15.0,"enemies":"Gremlin Nob","floor":7.0,"turns":4.0},{"damage":0.0,"enemies":"Lagavulin","floor":10.0,"turns":4.0},{"damage":0.0,"enemies":"Gremlin Nob","floor":12.0,"turns":2.0},{"damage":4.0,"enemies":"Blue Slaver","floor":13.0,"turns":3.0},{"damage":0.0,"enemies":"Slime Boss","floor":16.0,"turns":3.0},{"damage":6.0,"enemies":"Shell Parasite","floor":18.0,"turns":2.0},{"damage":0.0,"enemies":"Chosen","floor":19.0,"turns":4.0},{"damage":24.0,"enemies":"Snake Plant","floor":20.0,"turns":5.0},{"damage":18.0,"enemies":"Shelled Parasite and Fungi","floor":22.0,"turns":3.0},{"damage":0.0,"enemies":"Book of Stabbing","floor":24.0,"turns":3.0},{"damage":8.0,"enemies":"Gremlin Leader","floor":27.0,"turns":4.0},{"damage":9.0,"enemies":"Book of Stabbing","floor":29.0,"turns":3.0},{"damage":18.0,"enemies":"Gremlin Leader","floor":31.0,"turns":4.0},{"damage":30.0,"enemies":"Champ","floor":33.0,"turns":10.0},{"damage":38.0,"enemies":"3 Shapes","floor":35.0,"turns":4.0},{"damage":0.0,"enemies":"Mind Bloom Boss Battle","floor":39.0,"turns":7.0},{"damage":0.0,"enemies":"Giant Head","floor":41.0,"turns":6.0},{"damage":1.0,"enemies":"Orb Walker","floor":42.0,"turns":3.0},{"damage":0.0,"enemies":"Nemesis","floor":44.0,"turns":5.0},{"damage":23.0,"enemies":"Reptomancer","floor":46.0,"turns":5.0},{"damage":5.0,"enemies":"Spire Growth","floor":47.0,"turns":5.0},{"damage":0.0,"enemies":"Maw","floor":48.0,"turns":7.0},{"damage":33.0,"enemies":"Awakened One","floor":50.0,"turns":11.0},{"damage":35,"enemies":"Shield and Spear","floor":54,"turns":5},{"damage":65,"enemies":"The Heart","floor":55,"turns":3}],"seed_played":"-1906282676781978131","potions_obtained":[{"floor":1.0,"key":"Weak Potion"},{"floor":2.0,"key":"FearPotion"},{"floor":12.0,"key":"GamblersBrew"},{"floor":13.0,"key":"SkillPotion"},{"floor":16.0,"key":"AttackPotion"},{"floor":18.0,"key":"Fire Potion"},{"floor":19.0,"key":"BottledMiracle"},{"floor":20.0,"key":"SkillPotion"},{"floor":22.0,"key":"ColorlessPotion"},{"floor":24.0,"key":"Weak Potion"},{"floor":27.0,"key":"ColorlessPotion"},{"floor":29.0,"key":"SteroidPotion"}],"is_trial":false,"path_per_floor":["M","M","M","M","M","R","E","R","T","E","R","E","M","?","R","B",null,"M","M","M","$","M","R","E","R","T","E","$","E","R","E","R","B",null,"M","T","$","?","?","R","E","M","T","E","R","E","M","M","R","B",null,"R","$","E","B"],"character_chosen":"WATCHER","items_purchased":["PreservedInsect","Molten Egg 2","SandsOfTime+1","Oddly Smooth Stone","WheelKick+1"],"campfire_rested":3,"item_purchase_floors":[21,21,21,37,37],"current_hp_per_floor":[65,63,60,48,31,31,16,16,23,33,33,33,29,29,29,29,79,73,73,49,49,31,31,31,31,31,23,23,14,42,26,54,26,77,41,41,41,41,43,43,45,46,46,48,48,27,24,26,54,23,76,76,91,58,0,0],"gold":196,"neow_bonus":"BOSS_RELIC","is_daily":false,"chose_seed":false,"campfire_upgraded":7,"win_rate":0.0,"timestamp":1608262323,"path_taken":["M","?","M","M","M","R","E","R","T","E","R","E","M","?","R","BOSS","M","M","?","$","M","R","E","R","T","E","$","E","R","E","R","BOSS","M","?","$","?","?","R","E","M","T","E","R","E","M","M","R","BOSS","R","$","E","BOSS"],"items_purchased_type":["Relic","Relic","Card","Relic","Card"],"build_version":"2020-12-13","purchased_purges":2,"victory":false,"max_hp_per_floor":[72,72,72,72,72,72,72,72,79,89,89,89,89,89,89,89,94,94,94,94,94,94,94,94,94,94,94,94,94,94,94,94,94,94,94,94,94,94,94,94,94,94,94,94,94,94,94,94,94,94,94,94,94,94,94,94],"card_choices":[{"not_picked":["Weave","WaveOfTheHand"],"picked":"Crescendo","floor":1.0},{"not_picked":["EmptyFist","WreathOfFlame"],"picked":"SandsOfTime","floor":2.0},{"not_picked":["Consecrate","CutThroughFate"],"picked":"EmptyFist","floor":3.0},{"not_picked":["ForeignInfluence","Indignation"],"picked":"Establishment","floor":4.0},{"not_picked":["EmptyFist","WheelKick"],"picked":"CarveReality","floor":5.0},{"not_picked":["TalkToTheHand","Tantrum","WaveOfTheHand"],"picked":"SKIP","floor":7.0},{"not_picked":["Perseverance","WaveOfTheHand"],"picked":"DeceiveReality","floor":10.0},{"not_picked":["Swivel","Indignation"],"picked":"MasterReality","floor":12.0},{"not_picked":["Fasting2","LikeWater"],"picked":"Meditate","floor":13.0},{"not_picked":["Vault","Establishment"],"picked":"SpiritShield","floor":16.0},{"not_picked":["CutThroughFate","InnerPeace"],"picked":"Prostrate","floor":17.0},{"not_picked":["Consecrate","Fasting2"],"picked":"Evaluate+1","floor":18.0},{"not_picked":["Evaluate","FlyingSleeves","BowlingBash+1"],"picked":"SKIP","floor":19.0},{"not_picked":["FlurryOfBlows","FlyingSleeves","Evaluate"],"picked":"SKIP","floor":20.0},{"not_picked":["SashWhip+1","ClearTheMind+1","Blasphemy"],"picked":"SKIP","floor":22.0},{"not_picked":["Indignation","Weave+1","WreathOfFlame"],"picked":"SKIP","floor":24.0},{"not_picked":["Study","CrushJoints+1","ThirdEye"],"picked":"Protect","floor":27.0},{"not_picked":["FlurryOfBlows+1","WaveOfTheHand","CutThroughFate+1","SashWhip+1"],"picked":"SKIP","floor":29.0},{"not_picked":["Sanctity","Tantrum+1","WreathOfFlame"],"picked":"Perseverance","floor":31.0},{"not_picked":["Alpha","Blasphemy","Omniscience"],"picked":"DevaForm","floor":33.0},{"not_picked":["Halt+1","Consecrate+1","BowlingBash+1","JustLucky+1"],"picked":"SKIP","floor":35.0},{"not_picked":["Trip","Mind Blast+1","Forethought"],"picked":"Master of Strategy","floor":38.0},{"not_picked":["DeceiveReality+1","CrushJoints+1","ClearTheMind+1"],"picked":"EmptyBody","floor":39.0},{"not_picked":["Conclude+1","WaveOfTheHand+1","WindmillStrike+1"],"picked":"Worship","floor":41.0},{"not_picked":["BowlingBash+1","Study","Evaluate+1","FlyingSleeves+1"],"picked":"SKIP","floor":42.0},{"not_picked":["Nirvana","BowlingBash+1","EmptyBody","LikeWater"],"picked":"SKIP","floor":44.0},{"not_picked":["Crescendo","Blasphemy","Halt","MentalFortress"],"picked":"SKIP","floor":46.0},{"not_picked":["FollowUp+1","FlyingSleeves+1","FearNoEvil+1"],"picked":"WindmillStrike+1","floor":47.0},{"not_picked":["BattleHymn+1","CrushJoints+1","ClearTheMind"],"picked":"Pray","floor":48.0},{"not_picked":["ClearTheMind","FlyingSleeves+1","CutThroughFate+1","Sanctity"],"picked":"SKIP","floor":54}],"player_experience":295660,"relics_obtained":[{"floor":7.0,"key":"Vajra"},{"floor":7.0,"key":"Ancient Tea Set"},{"floor":9.0,"key":"Strawberry"},{"floor":10.0,"key":"White Beast Statue"},{"floor":10.0,"key":"Pear"},{"floor":12.0,"key":"Pocketwatch"},{"floor":12.0,"key":"Tiny Chest"},{"floor":24.0,"key":"Boot"},{"floor":24.0,"key":"Question Card"},{"floor":26.0,"key":"Blue Candle"},{"floor":27.0,"key":"Omamori"},{"floor":27.0,"key":"Calipers"},{"floor":29.0,"key":"Blood Vial"},{"floor":29.0,"key":"Gremlin Horn"},{"floor":31.0,"key":"CeramicFish"},{"floor":31.0,"key":"Ornamental Fan"},{"floor":36.0,"key":"Nunchaku"},{"floor":39.0,"key":"Turnip"},{"floor":41.0,"key":"Girya"},{"floor":41.0,"key":"MealTicket"},{"floor":44.0,"key":"Orichalcum"},{"floor":44.0,"key":"Akabeko"},{"floor":46.0,"key":"Happy Flower"},{"floor":46.0,"key":"Ginger"},{"floor":54,"key":"InkBottle"},{"floor":54,"key":"FossilizedHelix"}],"event_choices":[{"cards_removed":["Strike_P"],"damage_healed":0.0,"max_hp_gain":0.0,"max_hp_loss":0.0,"gold_gain":0.0,"event_name":"Bonfire Elementals","player_choice":"Offered Basic","floor":14.0,"gold_loss":0.0,"damage_taken":0.0},{"damage_healed":0.0,"max_hp_gain":0.0,"max_hp_loss":0.0,"gold_gain":0.0,"event_name":"SensoryStone","player_choice":"Memory 1","floor":38.0,"gold_loss":0.0,"damage_taken":0.0},{"damage_healed":0.0,"max_hp_gain":0.0,"max_hp_loss":0.0,"gold_gain":0.0,"event_name":"MindBloom","player_choice":"Fight","floor":39.0,"gold_loss":0.0,"damage_taken":0.0}],"is_beta":false,"boss_relics":[{"not_picked":["Runic Dome","Velvet Choker"],"picked":"Tiny House"},{"not_picked":["Philosopher\u0027s Stone","VioletLotus"],"picked":"Sozu"}],"items_purged_floors":[28,53],"is_endless":false,"potions_floor_spawned":[1,2,12,13,16,18,19,20,22,24,27,29,31,33,35,39,41,42,44,46,47,48,54],"killed_by":"The Heart","ascension_level":7}}