{"host":"sabve5zmqufxyc5o","time":1608304121,"event":{"mods":["2.2 Compatiblity","AchievementEnabler","Act Like it!","BaseMod","Block Reminder","Colored Map","Colored Powertips","DeckTracker","KOR Keyword Fix","Keyboard Shortcuts","Minty Spire (QoL Compilation)","Quick Restart","Rare Cards Sparkle","Relic Stats","StSLib","SuperFastMode"],"gold_per_floor":[117,127,142,142,32,32,63,63,117,192,157,185,198,232,232,304,304,320,320,320,334,354,354,372,387,387,399,399,399],"floor_reached":28,"playtime":403,"items_purged":[],"score":505,"play_id":"b607cd82-2e2e-4a18-a9ae-0dae7c113cdd","local_time":"20201219000841","is_ascension_mode":true,"campfire_choices":[{"floor":6.0,"key":"REST"},{"floor":8.0,"key":"REST"},{"floor":15.0,"key":"REST"},{"floor":23.0,"key":"REST"}],"circlet_count":0,"master_deck":["AscendersBane","Defend_B","Defend_B","Defend_B","Defend_B","Zap+1","Dualcast","Sweeping Beam","Go for the Eyes","Compile Driver","Beam Cell","Go for the Eyes","Barrage","Turbo","Compile Driver","Streamline","Core Surge","Cold Snap","Bite","Bite","Bite","Bite","Bite","Electrodynamics","Gash","Rebound","Turbo"],"relics":["Cracked Core","Vajra","Bronze Scales","Du-Vu Doll","Pear","Nuclear Battery","Bird Faced Urn"],"acts_visited":["Exordium","TheCity"],"potions_floor_usage":[27,27],"damage_taken":[{"damage":6.0,"enemies":"2 Louse","floor":1.0,"turns":2.0},{"damage":2.0,"enemies":"Jaw Worm","floor":2.0,"turns":4.0},{"damage":4.0,"enemies":"Small Slimes","floor":3.0,"turns":3.0},{"damage":20.0,"enemies":"3 Sentries","floor":7.0,"turns":5.0},{"damage":26.0,"enemies":"Gremlin Nob","floor":12.0,"turns":4.0},{"damage":6.0,"enemies":"Exordium Thugs","floor":13.0,"turns":3.0},{"damage":16.0,"enemies":"3 Sentries","floor":14.0,"turns":4.0},{"damage":43.0,"enemies":"Slime Boss","floor":16.0,"turns":6.0},{"damage":24.0,"enemies":"Shell Parasite","floor":18.0,"turns":3.0},{"damage":14.0,"enemies":"2 Thieves","floor":21.0,"turns":2.0},{"damage":17.0,"enemies":"Centurion and Healer","floor":22.0,"turns":4.0},{"damage":0.0,"enemies":"Cultist and Chosen","floor":24.0,"turns":3.0},{"damage":49.0,"enemies":"Shelled Parasite and Fungi","floor":25.0,"turns":5.0},{"damage":21,"enemies":"Chosen and Byrds","floor":27,"turns":4},{"damage":0,"enemies":"Slavers","floor":28,"turns":1}],"seed_played":"-6991858799586408998","potions_obtained":[{"floor":1.0,"key":"Explosive Potion"},{"floor":3.0,"key":"Ancient Potion"},{"floor":22.0,"key":"LiquidBronze"},{"floor":25.0,"key":"Regen Potion"}],"is_trial":false,"path_per_floor":["M","M","M","?","$","R","E","R","T","?","?","E","M","E","R","B",null,"M","?","?","M","M","R","M","M","T","M","E"],"character_chosen":"DEFECT","items_purchased":["Beam Cell","Go for the Eyes"],"campfire_rested":4,"item_purchase_floors":[5,5],"current_hp_per_floor":[58,56,52,45,45,66,46,67,67,56,71,45,39,33,57,14,64,40,40,40,32,21,37,45,4,4,3,3,3],"gold":399,"neow_bonus":"UPGRADE_CARD","is_daily":false,"chose_seed":false,"campfire_upgraded":0,"win_rate":0.0,"timestamp":1608304121,"path_taken":["M","M","M","?","$","R","E","R","T","?","?","E","M","E","R","BOSS","M","?","?","M","M","R","M","M","T","?","E"],"items_purchased_type":["Card","Card"],"build_version":"2020-12-13","purchased_purges":0,"victory":false,"max_hp_per_floor":[71,71,71,71,71,71,71,71,71,71,71,71,71,81,81,81,81,81,56,56,56,56,56,56,56,56,56,56,56],"relic_stats":{"counters":[15,53],"Bronze Scales":[72],"Bird Faced Urn":[2],"obtain_stats":[{"Du-Vu Doll":12,"Pear":14,"Bronze Scales":9,"Bird Faced Urn":26,"Vajra":7,"Cracked Core":0,"Nuclear Battery":17},{"Du-Vu Doll":5,"Pear":7,"Bronze Scales":4,"Bird Faced Urn":13,"Vajra":4,"Cracked Core":0,"Nuclear Battery":8},{"Du-Vu Doll":18,"Pear":25,"Bronze Scales":14,"Bird Faced Urn":48,"Vajra":14,"Cracked Core":0,"Nuclear Battery":31}]},"card_choices":[{"not_picked":["Darkness","Stack"],"picked":"Sweeping Beam","floor":1.0},{"not_picked":["Conserve Battery","Hologram"],"picked":"Go for the Eyes","floor":2.0},{"not_picked":["Coolheaded","Turbo"],"picked":"Compile Driver","floor":3.0},{"not_picked":["Buffer","Redo"],"picked":"Barrage","floor":7.0},{"not_picked":["Doom and Gloom","Compile Driver"],"picked":"Turbo","floor":12.0},{"not_picked":["Sunder","Stack"],"picked":"Compile Driver","floor":13.0},{"not_picked":["Skim","Conserve Battery"],"picked":"Streamline","floor":14.0},{"not_picked":["Biased Cognition","Electrodynamics"],"picked":"Core Surge","floor":16.0},{"not_picked":["Streamline","Recycle"],"picked":"Cold Snap","floor":18.0},{"not_picked":["Lockon","Ball Lightning+1"],"picked":"Gash","floor":21.0},{"not_picked":["Barrage","Leap"],"picked":"Rebound","floor":22.0},{"not_picked":["Steam Power","Beam Cell","Go for the Eyes"],"picked":"SKIP","floor":24.0},{"not_picked":["Ball Lightning","Beam Cell"],"picked":"Turbo","floor":25.0},{"not_picked":["Hyperbeam","Beam Cell","Redo"],"picked":"SKIP","floor":27}],"player_experience":785949,"relics_obtained":[{"floor":7.0,"key":"Vajra"},{"floor":9.0,"key":"Bronze Scales"},{"floor":12.0,"key":"Du-Vu Doll"},{"floor":14.0,"key":"Pear"},{"floor":26.0,"key":"Bird Faced Urn"}],"event_choices":[{"cards_removed":["Strike_B"],"damage_healed":0.0,"max_hp_gain":0.0,"max_hp_loss":0.0,"gold_gain":0.0,"event_name":"Golden Wing","player_choice":"Card Removal","floor":4.0,"gold_loss":0.0,"damage_taken":7.0},{"damage_healed":0.0,"max_hp_gain":0.0,"max_hp_loss":0.0,"gold_gain":75.0,"event_name":"World of Goop","player_choice":"Gather Gold","floor":10.0,"gold_loss":0.0,"damage_taken":11.0},{"damage_healed":17.0,"max_hp_gain":0.0,"max_hp_loss":0.0,"gold_gain":0.0,"event_name":"The Cleric","player_choice":"Healed","floor":11.0,"gold_loss":35.0,"damage_taken":0.0},{"damage_healed":0.0,"max_hp_gain":0.0,"max_hp_loss":25.0,"gold_gain":0.0,"event_name":"Vampires","player_choice":"Became a vampire","floor":19.0,"gold_loss":0.0,"damage_taken":0.0,"cards_obtained":["Bite","Bite","Bite","Bite","Bite"]},{"damage_healed":0.0,"max_hp_gain":0.0,"max_hp_loss":0.0,"gold_gain":0.0,"event_name":"Match and Keep!","player_choice":"1 cards matched","floor":20.0,"gold_loss":0.0,"damage_taken":0.0,"cards_obtained":["Electrodynamics"]}],"is_beta":false,"boss_relics":[{"not_picked":["Calling Bell","Astrolabe"],"picked":"Nuclear Battery"}],"items_purged_floors":[],"is_endless":false,"potions_floor_spawned":[1,3,22,25],"killed_by":"Slavers","ascension_level":20}}