{"host":"bbjnqymry46jz0fa","time":1608301072,"event":{"mods":["BaseMod","DeckTracker","Minty Spire (QoL Compilation)","Quick Restart","StSLib","SuperFastMode"],"gold_per_floor":[109,125,139,139,139,139,155,170,249,267,192,11,11,31,31,31,31],"floor_reached":16,"playtime":466,"items_purged":["Strike_G","Strike_G"],"score":188,"play_id":"77efe681-6ddc-431b-a36b-63567f9cdef8","local_time":"20201218231752","is_ascension_mode":true,"campfire_choices":[{"data":"Footwork","floor":6,"key":"SMITH"},{"data":"Well Laid Plans","floor":13,"key":"SMITH"},{"data":"Neutralize","floor":15,"key":"SMITH"}],"circlet_count":0,"master_deck":["AscendersBane","Strike_G","Strike_G","Strike_G","Defend_G","Defend_G","Defend_G","Defend_G","Defend_G","Survivor","Neutralize+1","Heel Hook","Acrobatics","Footwork+1","Well Laid Plans+1","Dagger Throw","Crippling Poison","Footwork"],"relics":["Ring of the Snake","NeowsBlessing","Bird Faced Urn","Paper Crane"],"acts_visited":["Exordium"],"potions_floor_usage":[8,16],"damage_taken":[{"damage":0,"enemies":"Small Slimes","floor":1,"turns":1},{"damage":0,"enemies":"Jaw Worm","floor":2,"turns":1},{"damage":0,"enemies":"Cultist","floor":3,"turns":1},{"damage":3,"enemies":"Lots of Slimes","floor":7,"turns":10},{"damage":28,"enemies":"Gremlin Gang","floor":8,"turns":9},{"damage":12,"enemies":"2 Fungi Beasts","floor":10,"turns":5},{"damage":3,"enemies":"3 Louse","floor":14,"turns":4},{"damage":17,"enemies":"Hexaghost","floor":16,"turns":10}],"seed_played":"-2356788182821757894","potions_obtained":[{"floor":1,"key":"FairyPotion"},{"floor":3,"key":"Energy Potion"},{"floor":8,"key":"FearPotion"}],"is_trial":false,"path_per_floor":["M","M","M","?","?","R","M","M","T","M","$","$","R","M","R","B"],"character_chosen":"THE_SILENT","items_purchased":["Footwork"],"campfire_rested":0,"item_purchase_floors":[12],"current_hp_per_floor":[59,59,59,41,66,66,65,38,38,30,30,30,30,31,31,20,20],"gold":31,"neow_bonus":"THREE_ENEMY_KILL","is_daily":false,"chose_seed":false,"campfire_upgraded":3,"win_rate":0.0,"timestamp":1608301072,"path_taken":["M","M","M","?","?","R","?","M","T","M","?","$","R","M","R","BOSS"],"items_purchased_type":["Card"],"build_version":"2020-12-13","purchased_purges":2,"victory":false,"max_hp_per_floor":[66,66,66,66,66,66,66,66,66,66,66,66,66,66,66,66,66],"card_choices":[{"not_picked":["Caltrops","Distraction"],"picked":"Heel Hook","floor":1},{"not_picked":["Prepared","Deflect"],"picked":"Acrobatics","floor":2},{"not_picked":["Sucker Punch","Backflip"],"picked":"Footwork","floor":3},{"not_picked":["Eviscerate","Distraction"],"picked":"Well Laid Plans","floor":7},{"not_picked":["Poisoned Stab","Blade Dance"],"picked":"Dagger Throw","floor":8},{"not_picked":["Cloak And Dagger","Slice"],"picked":"Crippling Poison","floor":10},{"not_picked":["Cloak And Dagger","Choke","Slice"],"picked":"SKIP","floor":14}],"player_experience":714033,"relics_obtained":[{"floor":9,"key":"Paper Crane"}],"event_choices":[{"damage_healed":0,"gold_gain":0,"player_choice":"Success","damage_taken":18,"relics_obtained":["Bird Faced Urn"],"max_hp_gain":0,"max_hp_loss":0,"event_name":"Scrap Ooze","floor":4,"gold_loss":0},{"damage_healed":25,"gold_gain":0,"player_choice":"Full Heal","damage_taken":0,"max_hp_gain":0,"max_hp_loss":0,"event_name":"Wheel of Change","floor":5,"gold_loss":0}],"is_beta":false,"boss_relics":[],"items_purged_floors":[11,12],"is_endless":false,"potions_floor_spawned":[1,3,7,8],"killed_by":"Hexaghost","ascension_level":20}}