{"host":"utqe55yv0jihe4d6","time":1608263095,"event":{"mods":["2.2 Compatiblity","AchievementEnabler","BaseMod","Block Reminder","Colored Map","Colored Powertips","Minty Spire (QoL Compilation)","Quick Restart","Rare Cards Sparkle","Relic Stats","SuperFastMode"],"gold_per_floor":[115,190,190,10,34,34,67,67,145,187,210,232,232,246,246,246,246],"floor_reached":16,"playtime":400,"items_purged":["Strike_G"],"score":216,"play_id":"0661768c-92d8-46b4-bcf5-e40e728b3f0c","local_time":"20201217224455","is_ascension_mode":true,"campfire_choices":[{"data":"Dagger Throw","floor":6,"key":"SMITH"},{"floor":8,"key":"REST"},{"data":"Deadly Poison","floor":13,"key":"SMITH"},{"data":"Leg Sweep","floor":15,"key":"SMITH"}],"circlet_count":0,"master_deck":["AscendersBane","Strike_G","Strike_G","Strike_G","Strike_G","Defend_G","Defend_G","Defend_G","Defend_G","Defend_G","Survivor","Neutralize+1","PiercingWail","Deadly Poison+1","Dagger Throw+1","All Out Attack","Backstab","Leg Sweep+1","PiercingWail"],"relics":["SacredBark","Orichalcum","TungstenRod","The Courier","CeramicFish"],"acts_visited":["Exordium"],"potions_floor_usage":[14],"damage_taken":[{"damage":9,"enemies":"Jaw Worm","floor":1,"turns":4},{"damage":29,"enemies":"3 Sentries","floor":7,"turns":15},{"damage":26,"enemies":"Lagavulin","floor":10,"turns":8},{"damage":0,"enemies":"2 Louse","floor":11,"turns":2},{"damage":0,"enemies":"Cultist","floor":12,"turns":4},{"damage":4,"enemies":"Gremlin Gang","floor":14,"turns":4},{"damage":55,"enemies":"The Guardian","floor":16,"turns":9}],"seed_played":"7463427196367732115","potions_obtained":[{"floor":7,"key":"FairyPotion"},{"floor":10,"key":"Block Potion"},{"floor":14,"key":"SmokeBomb"}],"is_trial":false,"path_per_floor":["M","?","?","$","T","R","E","R","T","E","M","M","R","M","R","B"],"character_chosen":"THE_SILENT","items_purchased":["Deadly Poison","Dagger Throw"],"campfire_rested":1,"item_purchase_floors":[4,4],"current_hp_per_floor":[50,39,39,39,39,39,10,29,29,3,3,3,3,39,39,0,0],"gold":246,"neow_bonus":"BOSS_RELIC","is_daily":false,"chose_seed":false,"campfire_upgraded":3,"win_rate":0.0,"timestamp":1608263095,"path_taken":["M","?","?","$","?","R","E","R","T","E","M","M","R","M","R","BOSS"],"items_purchased_type":["Card","Card"],"build_version":"2020-12-13","purchased_purges":1,"victory":false,"max_hp_per_floor":[66,66,66,66,66,66,66,66,66,66,66,66,66,66,66,66,66],"relic_stats":{"counters":[7,46],"CeramicFish":27,"Orichalcum":[132],"obtain_stats":[{"SacredBark":0,"CeramicFish":10,"The Courier":9,"Orichalcum":5,"TungstenRod":7,"Ring of the Snake":0},{"SacredBark":0,"CeramicFish":3,"The Courier":2,"Orichalcum":1,"TungstenRod":2,"Ring of the Snake":0},{"SacredBark":0,"CeramicFish":27,"The Courier":19,"Orichalcum":4,"TungstenRod":19,"Ring of the Snake":0}],"TungstenRod":8},"card_choices":[{"not_picked":["Dodge and Roll","Catalyst"],"picked":"PiercingWail","floor":1},{"not_picked":["Phantasmal Killer","Sucker Punch"],"picked":"All Out Attack","floor":7},{"not_picked":["Underhanded Strike","PiercingWail"],"picked":"Backstab","floor":10},{"not_picked":["Sucker Punch","Choke"],"picked":"Leg Sweep","floor":11},{"not_picked":["Bane","Masterful Stab"],"picked":"PiercingWail","floor":12},{"not_picked":["Flying Knee","Acrobatics","Dodge and Roll"],"picked":"SKIP","floor":14}],"player_experience":2796796,"relics_obtained":[{"floor":5,"key":"Orichalcum"},{"floor":7,"key":"TungstenRod"},{"floor":9,"key":"The Courier"},{"floor":10,"key":"CeramicFish"}],"event_choices":[{"damage_healed":0,"gold_gain":75,"player_choice":"Gather Gold","damage_taken":11,"max_hp_gain":0,"max_hp_loss":0,"event_name":"World of Goop","floor":2,"gold_loss":0},{"damage_healed":0,"gold_gain":0,"player_choice":"Grow","damage_taken":0,"max_hp_gain":0,"max_hp_loss":0,"event_name":"Living Wall","floor":3,"gold_loss":0,"cards_upgraded":["Neutralize"]}],"is_beta":false,"boss_relics":[],"items_purged_floors":[4],"is_endless":false,"potions_floor_spawned":[7,10,14],"killed_by":"The Guardian","ascension_level":20}}