{"host":"byu8oejwd0fdcxn8","time":1608273842,"event":{"mods":["Act Like it!","Arknights The Spire","BaseMod","Custom Start","Friendly Minions","Hermit","Minty Spire (QoL Compilation)","StSLib"],"gold_per_floor":[113,113,113,136,311,710,726,745,745,766,785,855,855,876,876,876,876],"floor_reached":16,"playtime":557,"items_purged":[],"score":129,"play_id":"1fcf3edb-1fbc-444f-af05-6a11f1e79b47","local_time":"20201218154402","is_ascension_mode":false,"campfire_choices":[{"data":"ats:Overload","floor":15,"key":"SMITH"}],"circlet_count":0,"master_deck":["ats:Powerful Strike","ats:Powerful Strike","ats:Powerful Strike","ats:Armor Crushing Shot","ats:Defend Up","ats:Defend Up","ats:Defend Up","ats:Defend Up","ats:Emotion Absorption","ats:Emotion Absorption","ats:Consecutive Shot: Auto+1","Injury","ats:Overload+1","Doubt","ats:Poison Spread","ats:Consecutive Shot: Auto","ats:Explosion Area Strengthen","ats:Explosion Area Strengthen","ats:Poison Spread","ats:Echo Reverb","ats:Consecutive Shot: Auto"],"relics":["ats:Sanity","NeowsBlessing","Golden Idol","ats:Old Coin","Bottled Flame","Pear","ats:Originium"],"acts_visited":["Exordium"],"potions_floor_usage":[10,12,16,16],"damage_taken":[{"damage":0,"enemies":"Small Slimes","floor":1,"turns":1},{"damage":0,"enemies":"2 Louse","floor":4,"turns":2},{"damage":0,"enemies":"3 Sentries","floor":6,"turns":2},{"damage":6,"enemies":"Jaw Worm","floor":7,"turns":3},{"damage":11,"enemies":"Blue Slaver","floor":8,"turns":4},{"damage":0,"enemies":"Looter","floor":10,"turns":1},{"damage":11,"enemies":"Red Slaver","floor":11,"turns":3},{"damage":8,"enemies":"Gremlin Nob","floor":12,"turns":4},{"damage":1,"enemies":"Exordium Thugs","floor":14,"turns":3},{"damage":50,"enemies":"The Guardian","floor":16,"turns":10}],"seed_played":"54739032435461148","potions_obtained":[{"floor":7,"key":"Block Potion"},{"floor":8,"key":"AttackPotion"},{"floor":11,"key":"Explosive Potion"},{"floor":14,"key":"CultistPotion"}],"is_trial":false,"path_per_floor":["M","?","?","M","?","E","M","M","T","M","M","?","R","M","R","B"],"character_chosen":"DOCTOR_CLASS","items_purchased":[],"campfire_rested":0,"item_purchase_floors":[],"current_hp_per_floor":[72,72,72,72,72,72,66,55,55,55,44,46,46,45,45,0,0],"gold":876,"neow_bonus":"THREE_ENEMY_KILL","is_daily":false,"chose_seed":false,"campfire_upgraded":1,"win_rate":0.0,"timestamp":1608273842,"path_taken":["M","?","?","M","?","E","M","M","T","M","M","?","R","M","R","BOSS"],"items_purchased_type":[],"build_version":"2020-12-13","purchased_purges":0,"victory":false,"max_hp_per_floor":[72,72,72,72,72,72,72,72,72,72,72,82,82,82,82,82,82],"card_choices":[{"not_picked":["ats:Revitalization","ats:Attack Strengthen"],"picked":"ats:Consecutive Shot: Auto","floor":1},{"not_picked":["ats:Flexible Camouflage","ats:Attack Strengthen"],"picked":"ats:Overload","floor":4},{"not_picked":["ats:Magnetic Hammer","ats:Composite Medical Shells"],"picked":"ats:Poison Spread","floor":6},{"not_picked":["ats:Counter Healing Mode","ats:Blood Oath"],"picked":"ats:Consecutive Shot: Auto","floor":7},{"not_picked":["ats:Charging Defense","ats:Assault Order"],"picked":"ats:Explosion Area Strengthen","floor":8},{"not_picked":["ats:Spore Proliferation","ats:Automatic Cover"],"picked":"ats:Explosion Area Strengthen","floor":10},{"not_picked":["ats:Soul Absorption","ats:Attack Strengthen"],"picked":"ats:Poison Spread","floor":11},{"not_picked":["ats:Automatic Cover","ats:Assault Order"],"picked":"ats:Echo Reverb","floor":12},{"not_picked":["ats:Very Hot Blade","ats:Assault Order"],"picked":"ats:Consecutive Shot: Auto","floor":14}],"player_experience":1053892,"relics_obtained":[{"floor":6,"key":"ats:Old Coin"},{"floor":9,"key":"Bottled Flame"},{"floor":12,"key":"Pear"},{"floor":13,"key":"ats:Originium"}],"event_choices":[{"damage_healed":0,"gold_gain":0,"player_choice":"Grow","damage_taken":0,"max_hp_gain":0,"max_hp_loss":0,"event_name":"Living Wall","floor":2,"gold_loss":0,"cards_upgraded":["ats:Consecutive Shot: Auto"]},{"damage_healed":0,"gold_gain":0,"player_choice":"Take Wound","damage_taken":0,"relics_obtained":["Golden Idol"],"max_hp_gain":0,"max_hp_loss":0,"event_name":"Golden Idol","floor":3,"gold_loss":0,"cards_obtained":["Injury"]},{"damage_healed":0,"gold_gain":175,"player_choice":"AGREE","damage_taken":0,"max_hp_gain":0,"max_hp_loss":0,"event_name":"Liars Game","floor":5,"gold_loss":0,"cards_obtained":["Doubt"]},{"damage_healed":0,"gold_gain":0,"player_choice":"Searched \u00271\u0027 times","damage_taken":0,"max_hp_gain":0,"max_hp_loss":0,"event_name":"Dead Adventurer","floor":12,"gold_loss":0}],"is_beta":false,"boss_relics":[],"items_purged_floors":[],"is_endless":false,"potions_floor_spawned":[7,8,11,14],"killed_by":"The Guardian","ascension_level":0}}