{"host":"2e3z4r48quhw80cc","time":1608259912,"event":{"mods":["BaseMod","Minty Spire (QoL Compilation)","Quick Restart","StSLib","SuperFastMode"],"gold_per_floor":[19,32,307,318,330,330,330,330],"floor_reached":7,"playtime":161,"items_purged":[],"score":62,"play_id":"c6ac2694-02a1-44cb-a36e-a5784521cef3","local_time":"20201218115152","is_ascension_mode":true,"campfire_choices":[{"data":"Defragment","floor":6.0,"key":"SMITH"}],"circlet_count":0,"master_deck":["Strike_B","Strike_B","Strike_B","Strike_B","Defend_B","Defend_B","Defend_B","Defend_B","Zap","Dualcast","Metamorphosis","Conserve Battery","Biased Cognition","Regret","Capacitor","Defragment+1"],"relics":["Cracked Core"],"acts_visited":["Exordium"],"potions_floor_usage":[7,7,7],"damage_taken":[{"damage":2.0,"enemies":"Jaw Worm","floor":1.0,"turns":3.0},{"damage":0.0,"enemies":"Cultist","floor":2.0,"turns":3.0},{"damage":11.0,"enemies":"2 Louse","floor":4.0,"turns":2.0},{"damage":18.0,"enemies":"2 Fungi Beasts","floor":5.0,"turns":3.0},{"damage":37,"enemies":"3 Sentries","floor":7,"turns":6}],"seed_played":"2300842093978412578","potions_obtained":[{"floor":1.0,"key":"PotionOfCapacity"},{"floor":5.0,"key":"EntropicBrew"}],"is_trial":false,"path_per_floor":["M","M","?","M","M","R","E"],"character_chosen":"DEFECT","items_purchased":[],"campfire_rested":0,"item_purchase_floors":[],"current_hp_per_floor":[66,66,66,55,37,37,0,0],"gold":330,"neow_bonus":"RANDOM_COLORLESS_2","is_daily":false,"chose_seed":false,"campfire_upgraded":1,"win_rate":0.0,"timestamp":1608259912,"path_taken":["M","M","?","M","?","R","E"],"items_purchased_type":[],"build_version":"2020-12-13","purchased_purges":0,"victory":false,"max_hp_per_floor":[75,75,75,75,75,75,75,75],"card_choices":[{"not_picked":["Panache","Secret Weapon"],"picked":"Metamorphosis","floor":0.0},{"not_picked":["Redo","Cold Snap"],"picked":"Conserve Battery","floor":1.0},{"not_picked":["Sweeping Beam","Tempest"],"picked":"Biased Cognition","floor":2.0},{"not_picked":["Rebound","Barrage"],"picked":"Capacitor","floor":4.0},{"not_picked":["Scrape","Auto Shields"],"picked":"Defragment","floor":5.0}],"player_experience":72755,"relics_obtained":[],"event_choices":[{"damage_healed":0.0,"max_hp_gain":0.0,"max_hp_loss":0.0,"gold_gain":275.0,"event_name":"Golden Shrine","player_choice":"Desecrate","floor":3.0,"gold_loss":0.0,"damage_taken":0.0,"cards_obtained":["Regret"]}],"is_beta":false,"boss_relics":[],"items_purged_floors":[],"is_endless":false,"potions_floor_spawned":[1,5],"killed_by":"3 Sentries","ascension_level":9}}