{"host":"uj8tnth4ulftv61g","time":1608307886,"event":{"mods":["BaseMod","Better Third Choice","Downfall","Minty Spire (QoL Compilation)","StSLib"],"gold_per_floor":[116,41,41,41,57,92,92,92,92,92,92,106,124,151,151,151,151],"floor_reached":16,"playtime":912,"items_purged":["Strike_R"],"score":130,"play_id":"f5e3df79-3bbe-4be2-a7f9-c5a699cc4d82","local_time":"20201218111126","is_ascension_mode":true,"campfire_choices":[{"floor":7,"key":"REST"},{"floor":10,"key":"REST"},{"floor":15,"key":"REST"}],"circlet_count":0,"master_deck":["Strike_R","Strike_R","Strike_R","Defend_R","Defend_R","Defend_R","Defend_R","Bash","Pain","Ghostly Armor","Body Slam"],"relics":["Burning Blood","Kunai","Darkstone Periapt","WarpedTongs","Question Card"],"acts_visited":["Exordium"],"potions_floor_usage":[14,16],"damage_taken":[{"damage":2,"enemies":"Small Slimes","floor":1,"turns":4},{"damage":4,"enemies":"2 Louse","floor":5,"turns":3},{"damage":66,"enemies":"Lagavulin","floor":6,"turns":9},{"damage":8,"enemies":"Cultist","floor":12,"turns":3},{"damage":19,"enemies":"Blue Slaver","floor":13,"turns":4},{"damage":41,"enemies":"3 Sentries","floor":14,"turns":13},{"damage":60,"enemies":"Slime Boss","floor":16,"turns":11}],"seed_played":"-3114365339019066911","potions_obtained":[{"floor":6,"key":"Block Potion"},{"floor":13,"key":"BlessingOfTheForge"}],"is_trial":false,"path_per_floor":["M","$","?","?","M","E","R","$","T","R","?","M","M","E","R","B"],"character_chosen":"IRONCLAD","items_purchased":[],"campfire_rested":3,"item_purchase_floors":[],"current_hp_per_floor":[80,80,80,85,85,25,50,50,50,75,81,79,66,31,58,0,0],"gold":151,"neow_bonus":"REMOVE_CARD","is_daily":false,"chose_seed":false,"campfire_upgraded":0,"win_rate":0.0,"timestamp":1608307886,"path_taken":["M","$","?","?","M","E","R","$","T","R","?","M","M","E","R","BOSS"],"items_purchased_type":[],"build_version":"2020-12-13","purchased_purges":1,"victory":false,"max_hp_per_floor":[80,80,80,85,85,85,85,85,85,85,91,91,91,91,91,91,91],"card_choices":[{"not_picked":["Havoc","Cleave","Anger"],"picked":"SKIP","floor":1},{"not_picked":["Heavy Blade","Rage","Carnage"],"picked":"SKIP","floor":5},{"not_picked":["Clash","Carnage","Thunderclap"],"picked":"SKIP","floor":6},{"not_picked":["Rupture","Cleave","Rage"],"picked":"SKIP","floor":12},{"not_picked":["Iron Wave","Warcry"],"picked":"Ghostly Armor","floor":13},{"not_picked":["Whirlwind","Clothesline"],"picked":"Body Slam","floor":14}],"player_experience":562436,"relics_obtained":[{"floor":6,"key":"Kunai"},{"floor":9,"key":"Darkstone Periapt"},{"floor":14,"key":"Question Card"}],"event_choices":[{"damage_healed":0,"gold_gain":0,"player_choice":"Leave","damage_taken":0,"max_hp_gain":0,"max_hp_loss":0,"event_name":"The Cleric","floor":3,"gold_loss":0},{"damage_healed":0,"gold_gain":0,"player_choice":"Donut","damage_taken":0,"max_hp_gain":5,"max_hp_loss":0,"event_name":"Big Fish","floor":4,"gold_loss":0},{"damage_healed":0,"gold_gain":0,"player_choice":"Rummage","damage_taken":0,"relics_obtained":["WarpedTongs"],"max_hp_gain":0,"max_hp_loss":0,"event_name":"Accursed Blacksmith","floor":11,"gold_loss":0,"cards_obtained":["Pain"]}],"is_beta":false,"boss_relics":[],"items_purged_floors":[2],"is_endless":false,"potions_floor_spawned":[6,13],"killed_by":"Slime Boss","ascension_level":4}}