{"host":"4lebci84u2l5u89t","time":1608304101,"event":{"mods":["AchievementEnabler","Aspiration","Bard","BaseMod","Beaked The Cultist","Better Altar","Better Match","Better Note","Better Sensory Stone","Better Skull","Better Third Choice","BetterRewards","CCEM","Colored Map","Conspire","Downfall","GifTheSpireLib","Googly Eyes","Halation","Hermit","Highlight Path","Hubris","Hunter ??","Jedi Mod","Jorbs\u0027s Wanderer Trilogy","Lobotomy","Mad Scientist","Marisa????????","Mimic Mod","Minty Spire (QoL Compilation)","Permanent Neow","Replay The Spire","Shade Mod","Spicy Shops","StSLib","Stuff the Spire","Unceasing Turn Reminder"],"gold_per_floor":[110,35,35,47,59,69,95,115,115,12,47,47,66,79,79,176,176,186,186,203,218,218,218,218],"floor_reached":23,"playtime":1609,"items_purged":[],"score":205,"play_id":"a72197e4-28fa-458d-b532-45833634be34","local_time":"20201218160821","is_ascension_mode":false,"campfire_choices":[{"data":"beaked:Ceremony","floor":12,"key":"SMITH"},{"data":"beaked:Strike_Y","floor":15,"key":"PURGE"}],"circlet_count":0,"master_deck":["beaked:Strike_Y","beaked:Strike_Y","beaked:Strike_Y","beaked:Strike_Y","beaked:Strike_Y","beaked:Defend_Y","beaked:Defend_Y","beaked:Defend_Y","beaked:Defend_Y","beaked:Ceremony","beaked:Ceremony","beaked:Ceremony+1","beaked:StickSmack","beaked:HuntressSpirit","beaked:Evade","beaked:Recite","beaked:Evade","Backstab","Backstab","Envenom","beaked:VolatileMisfortune","beaked:MachineEssence","beaked:Insight+1","beaked:DigDeep","beaked:BloodRitual"],"relics":["StuffTheSpire:OccultApparatus","aspiration:Nostalgia","m_SlimeRing","halation:PinkSoulGem","Toy Ornithopter","CCEMRelics:JestersCrown","jedi:Pinwheel","aspiration:FutureDiary"],"acts_visited":["Exordium","TheCity"],"potions_floor_usage":[11,16,16],"damage_taken":[{"damage":5,"enemies":"Cultist","floor":1,"turns":4},{"damage":8,"enemies":"Small Slimes","floor":4,"turns":4},{"damage":21,"enemies":"Jaw Worm","floor":5,"turns":4},{"damage":20,"enemies":"Exordium Thugs","floor":6,"turns":6},{"damage":26,"enemies":"Lagavulin","floor":7,"turns":7},{"damage":16,"enemies":"3 Louse","floor":8,"turns":4},{"damage":31,"enemies":"3 Sentries","floor":11,"turns":6},{"damage":13,"enemies":"2 Fungi Beasts","floor":13,"turns":3},{"damage":14,"enemies":"Blue Slaver","floor":14,"turns":3},{"damage":35,"enemies":"The Guardian","floor":16,"turns":10},{"damage":34,"enemies":"Shell Parasite","floor":18,"turns":6},{"damage":42,"enemies":"Chosen","floor":20,"turns":5},{"damage":55,"enemies":"Shelled Parasite and Fungi","floor":21,"turns":8},{"damage":51,"enemies":"Gremlin Leader","floor":23,"turns":5}],"seed_played":"7471145411364372370","potions_obtained":[{"floor":1,"key":"jedi:hoardpotion"},{"floor":6,"key":"Elixir"},{"floor":11,"key":"Adrenaline Potion"},{"floor":16,"key":"FairyPotion"},{"floor":20,"key":"Dexterity Potion"}],"is_trial":false,"path_per_floor":["M","?","?","M","M","M","E","M","T","$","E","R","M","M","R_BF","B",null,"M","?","M","M","?","E"],"character_chosen":"BEAKED_THE_CULTIST","items_purchased":["Backstab"],"campfire_rested":0,"item_purchase_floors":[10],"current_hp_per_floor":[48,48,48,45,36,37,37,35,35,35,38,38,40,37,37,49,50,39,39,22,48,48,0,0],"gold":218,"neow_bonus":"NOSTALGIA","is_daily":false,"chose_seed":false,"campfire_upgraded":1,"win_rate":0.0,"timestamp":1608304101,"path_taken":["M","?","?","M","M","M","E","M","T","$","E","R","M","M","R_BF","BOSS","M","?","?","M","?","E"],"items_purchased_type":["Card"],"build_version":"2020-12-13","purchased_purges":0,"victory":false,"max_hp_per_floor":[50,50,50,50,50,50,50,50,50,50,50,50,50,50,50,50,50,50,50,50,50,50,50,50],"card_choices":[{"not_picked":["beaked:DigDeeper","beaked:Daydream"],"picked":"beaked:StickSmack","floor":1},{"not_picked":["beaked:Tweet","Bouncing Flask"],"picked":"beaked:HuntressSpirit","floor":4},{"not_picked":["beaked:Flinch","beaked:MimicMachine"],"picked":"beaked:Evade","floor":5},{"not_picked":["beaked:RitualOfBody","beaked:FakeOut"],"picked":"beaked:Recite","floor":6},{"not_picked":["beaked:Tradeoff","beaked:BarbedWire"],"picked":"beaked:Evade","floor":7},{"not_picked":["beaked:HuntressSpirit","beaked:Evade","Poisoned Stab"],"picked":"SKIP","floor":8},{"not_picked":["beaked:Pecker","Bouncing Flask"],"picked":"Backstab","floor":11},{"not_picked":["beaked:Evade","beaked:DigDeep","beaked:Roost"],"picked":"SKIP","floor":13},{"not_picked":["beaked:Cower","beaked:StunningBlow","beaked:Hexing"],"picked":"SKIP","floor":14},{"not_picked":["beaked:BraceForImpact","beaked:RuinSticks"],"picked":"beaked:Insight+1","floor":18},{"not_picked":["beaked:Flinch","beaked:MimicHuntress+1"],"picked":"beaked:DigDeep","floor":20},{"not_picked":["beaked:Evade","beaked:Redirect"],"picked":"beaked:BloodRitual","floor":21}],"player_experience":250322,"relics_obtained":[{"floor":7,"key":"Toy Ornithopter"},{"floor":9,"key":"CCEMRelics:JestersCrown"},{"floor":11,"key":"jedi:Pinwheel"}],"event_choices":[{"damage_healed":0,"gold_gain":0,"player_choice":"2","damage_taken":0,"max_hp_gain":0,"max_hp_loss":0,"event_name":"betterMatch:BetterMatch","floor":2,"gold_loss":0,"cards_obtained":[]},{"cards_removed":["beaked:VolatileMisfortune"],"damage_healed":0,"gold_gain":0,"player_choice":"Give","damage_taken":0,"max_hp_gain":0,"max_hp_loss":0,"event_name":"betterNote:BetterNote","floor":19,"gold_loss":0,"cards_obtained":["None"]}],"is_beta":false,"boss_relics":[{"not_picked":["halation:ForbiddenBikini","halation:HeavySnake"],"picked":"aspiration:FutureDiary"}],"items_purged_floors":[],"is_endless":false,"potions_floor_spawned":[1,6,11,16,20],"killed_by":"Gremlin Leader","ascension_level":0}}