{"host":"k5dhp0bkccqfauyu","time":1608291724,"event":{"mods":["BaseMod","Better Note","Better Skull","Better Vampires","Colored Map","Colored Powertips","DeckTracker","Minty Spire (QoL Compilation)","Permanent Neow","StSLib","SuperFastMode"],"gold_per_floor":[113,131,145,165,3,3,34,34,34,34,34,61,61,94,94,168,168,178,16,28,47,47,47,47],"floor_reached":23,"playtime":1422,"items_purged":["Strike_B"],"score":448,"play_id":"b3ac74f1-bb3a-443d-9fdb-29e770d18838","local_time":"20201218224204","is_ascension_mode":true,"campfire_choices":[{"data":"Streamline","floor":6,"key":"SMITH"},{"floor":8,"key":"REST"},{"data":"Loop","floor":11,"key":"SMITH"},{"floor":13,"key":"REST"},{"data":"Thunder Strike","floor":15,"key":"SMITH"}],"circlet_count":0,"master_deck":["AscendersBane","Strike_B","Strike_B","Strike_B","Defend_B","Defend_B","Defend_B","Defend_B","Zap","Dualcast","Streamline+1","Melter","Fusion","Loop+1","Undo","Fusion","Thunder Strike+1","Echo Form","Streamline","Tempest"],"relics":["Snecko Eye","Letter Opener","Shuriken","Odd Mushroom","Orichalcum","Philosopher\u0027s Stone","Chemical X","Toxic Egg 2"],"acts_visited":["Exordium","TheCity"],"potions_floor_usage":[4,7,7,12,14,21],"damage_taken":[{"damage":2,"enemies":"Jaw Worm","floor":1,"turns":5},{"damage":0,"enemies":"Small Slimes","floor":2,"turns":2},{"damage":1,"enemies":"Cultist","floor":3,"turns":3},{"damage":14,"enemies":"Large Slime","floor":4,"turns":5},{"damage":44,"enemies":"Gremlin Nob","floor":7,"turns":4},{"damage":11,"enemies":"The Mushroom Lair","floor":12,"turns":4},{"damage":0,"enemies":"3 Sentries","floor":14,"turns":5},{"damage":18,"enemies":"The Guardian","floor":16,"turns":9},{"damage":3,"enemies":"Chosen","floor":18,"turns":5},{"damage":10,"enemies":"Shell Parasite","floor":20,"turns":4},{"damage":19,"enemies":"Snake Plant","floor":21,"turns":3},{"damage":32,"enemies":"Slavers","floor":23,"turns":2}],"seed_played":"-6810210327263540318","potions_obtained":[{"floor":2,"key":"LiquidBronze"},{"floor":3,"key":"Swift Potion"},{"floor":7,"key":"EntropicBrew"},{"floor":16,"key":"SpeedPotion"},{"floor":20,"key":"SkillPotion"}],"is_trial":false,"path_per_floor":["M","M","M","M","$","R","E","R","T","$","R","?","R","E","R","B",null,"M","$","M","M","?","E"],"character_chosen":"DEFECT","items_purchased":["Loop","Chemical X"],"campfire_rested":2,"item_purchase_floors":[5,19],"current_hp_per_floor":[62,62,61,47,47,47,3,24,24,24,24,13,34,48,48,30,61,58,58,48,29,29,0,0],"gold":47,"neow_bonus":"BOSS_RELIC","is_daily":false,"chose_seed":false,"campfire_upgraded":3,"win_rate":0.0,"timestamp":1608291724,"path_taken":["M","M","M","M","$","R","E","R","T","$","R","?","R","E","R","BOSS","M","$","M","M","?","E"],"items_purchased_type":["Card","Relic"],"build_version":"2020-12-13","purchased_purges":1,"victory":false,"max_hp_per_floor":[71,71,71,71,71,71,71,71,71,71,71,71,71,71,71,71,71,71,71,71,71,71,71,71],"card_choices":[{"not_picked":["Redo","Steam Power"],"picked":"Streamline","floor":1},{"not_picked":["Go for the Eyes","Steam","Barrage"],"picked":"SKIP","floor":2},{"not_picked":["Steam Power","Gash"],"picked":"Melter","floor":3},{"not_picked":["Stack","Capacitor"],"picked":"Fusion","floor":4},{"not_picked":["Leap","Rebound"],"picked":"Undo","floor":7},{"not_picked":["Steam","Chaos"],"picked":"Fusion","floor":12},{"not_picked":["Barrage","Redo"],"picked":"Thunder Strike","floor":14},{"not_picked":["Amplify","Fission"],"picked":"Echo Form","floor":16},{"not_picked":["Conserve Battery","Hologram"],"picked":"Streamline","floor":18},{"not_picked":["Capacitor+1","Beam Cell"],"picked":"Tempest","floor":20},{"not_picked":["Ball Lightning","Genetic Algorithm","Redo"],"picked":"SKIP","floor":21}],"player_experience":1776497,"relics_obtained":[{"floor":7,"key":"Letter Opener"},{"floor":9,"key":"Shuriken"},{"floor":12,"key":"Odd Mushroom"},{"floor":14,"key":"Orichalcum"}],"event_choices":[{"damage_healed":0,"gold_gain":0,"player_choice":"Fought Mushrooms","damage_taken":0,"max_hp_gain":0,"max_hp_loss":0,"event_name":"Mushrooms","floor":12,"gold_loss":0},{"damage_healed":0,"gold_gain":0,"player_choice":"Gave Potion","damage_taken":0,"relics_obtained":["Toxic Egg 2"],"max_hp_gain":0,"max_hp_loss":0,"event_name":"WeMeetAgain","floor":22,"gold_loss":0}],"is_beta":false,"boss_relics":[{"not_picked":["Fusion Hammer","SlaversCollar"],"picked":"Philosopher\u0027s Stone"}],"items_purged_floors":[5],"is_endless":false,"potions_floor_spawned":[2,3,7,16,20],"killed_by":"Slavers","ascension_level":20}}