{"host":"f1yp41yk4w46r4xn","time":1608251248,"event":{"mods":["AchievementEnabler","Act Like it!","BaseMod","BetterRewards","Block Reminder","Conspire","Downfall","GifTheSpireLib","Highlight Path","Hubris","Infinite Spire","Jedi Mod","Minty Spire (QoL Compilation)","Pale of the Ancients","Replay The Spire","StSLib","Stuff the Spire"],"gold_per_floor":[113,128,147,191,25,59,79,108,108,108,108,108,123,154,154,254,254,254],"floor_reached":17,"playtime":1122,"items_purged":["Sickly"],"score":220,"play_id":"2be019c0-2969-4607-924d-a3f4d72511e4","local_time":"20201217222728","is_ascension_mode":true,"campfire_choices":[{"floor":10,"key":"REST"},{"floor":12,"key":"REST"},{"floor":15,"key":"REST"}],"circlet_count":0,"master_deck":["Strike_P","Strike_P","Strike_P","Strike_P","Defend_P","Defend_P","Defend_P","Defend_P","Eruption","Vigilance","Study","Consecrate","BowlingBash","ReachHeaven","FearNoEvil","DeusExMachina+1","Establishment","Consecrate","Spreading Infection"],"relics":["PureWater","ReplayTheSpireMod:CursedCoin","hubris:Spice","Potion Belt","Blue Doll","conspire:Boomerang","hubris:Teleporter","Ring of Fangs","ReplayTheSpireMod:Ring of Exchange","ReplayTheSpireMod:Shallot"],"acts_visited":["Exordium","TheCity"],"potions_floor_usage":[13,14],"damage_taken":[{"damage":0.0,"enemies":"Jaw Worm","floor":1.0,"turns":3.0},{"damage":0.0,"enemies":"Small Slimes","floor":2.0,"turns":2.0},{"damage":9.0,"enemies":"conspire:RoseBush","floor":3.0,"turns":3.0},{"damage":0.0,"enemies":"Lagavulin","floor":6.0,"turns":2.0},{"damage":1.0,"enemies":"Looter","floor":7.0,"turns":3.0},{"damage":2,"enemies":"Replay:BlueRogue","floor":8,"turns":4},{"damage":0,"enemies":"3 Louse","floor":13,"turns":3},{"damage":14,"enemies":"Gremlin Nob","floor":14,"turns":4},{"damage":46,"enemies":"The Guardian","floor":16,"turns":8}],"seed_played":"7424354597330729231","potions_obtained":[{"floor":1.0,"key":"Strength Potion"},{"floor":2.0,"key":"ColorlessPotion"},{"floor":3.0,"key":"SneckoOil"},{"floor":4.0,"key":"Flashbang"},{"floor":6.0,"key":"Weak Potion"}],"is_trial":false,"path_per_floor":["M","M","M","?","$","E","M","E","T","R","?","R","M","E","R","B",null],"character_chosen":"WATCHER","items_purchased":["ReplayTheSpireMod:CursedCoin","hubris:Spice","Potion Belt","Dexterity Potion","FearNoEvil","DeusExMachina+1"],"campfire_rested":3,"item_purchase_floors":[0,0,0,0,5,5],"current_hp_per_floor":[56,56,47,12,12,12,11,9,9,30,30,51,51,37,56,10,48,48],"gold":254,"neow_bonus":"","is_daily":false,"chose_seed":false,"campfire_upgraded":0,"win_rate":0.0,"timestamp":1608251248,"path_taken":["M","M","M","?","$","E","M","E","T","R","?","R","?","E","R","BOSS"],"items_purchased_type":["Relic","Relic","Relic","Potion","Card","Card"],"build_version":"2020-12-13","purchased_purges":1,"victory":false,"max_hp_per_floor":[88,88,88,80,80,80,80,80,72,72,72,72,64,64,64,56,48,48],"card_choices":[{"not_picked":["ThirdEye","Pray"],"picked":"Study","floor":1.0},{"not_picked":["Replay:AtTheReady","SashWhip"],"picked":"Consecrate","floor":2.0},{"not_picked":["Replay:Hum","Evaluate"],"picked":"BowlingBash","floor":3.0},{"not_picked":["CrushJoints","ThirdEye"],"picked":"ReachHeaven","floor":4.0},{"not_picked":["ClearTheMind","Replay:AtTheReady"],"picked":"hubris:SpiceAddiction","floor":4.0},{"not_picked":["EmptyBody","Consecrate"],"picked":"Establishment","floor":6.0},{"not_picked":["Replay:BluntJabs","SignatureMove","WaveOfTheHand"],"picked":"SKIP","floor":7.0},{"not_picked":["BowlingBash","Conclude"],"picked":"Consecrate","floor":8},{"not_picked":["Wallop","Weave"],"picked":"hubris:SpiceAddiction","floor":13},{"not_picked":["Worship","DeceiveReality","Tantrum"],"picked":"SKIP","floor":14},{"not_picked":["ConjureBlade","Alpha"],"picked":"hubris:SpiceAddiction","floor":16}],"player_experience":200005,"relics_obtained":[{"floor":4.0,"key":"Blue Doll"},{"floor":6.0,"key":"conspire:Boomerang"},{"floor":8,"key":"hubris:Teleporter"},{"floor":9,"key":"hubris:Spice"},{"floor":11,"key":"Ring of Fangs"},{"floor":11,"key":"ReplayTheSpireMod:Ring of Exchange"},{"floor":14,"key":"ReplayTheSpireMod:Shallot"}],"event_choices":[],"is_beta":false,"boss_relics":[{"not_picked":["Replay:Drink Me","Medical Kit"],"picked":"hubris:Spice"}],"items_purged_floors":[0],"is_endless":false,"potions_floor_spawned":[1,2,3,6],"ascension_level":2}}