{"host":"1sn8m3l2btf1jbx1","time":1608257709,"event":{"mods":["AchievementEnabler","BaseMod","Colored Map","Colored Powertips","Highlight Path","Minty Spire (QoL Compilation)","Quick Restart","Rare Cards Sparkle","StSLib"],"gold_per_floor":[113,113,113,113,132,147,147,175,198,198,198,198],"floor_reached":11,"playtime":628,"items_purged":[],"score":96,"play_id":"73339f20-e9fc-4870-8154-b63536a3ac23","local_time":"20201218101509","is_ascension_mode":true,"campfire_choices":[{"data":"Pray","floor":7.0,"key":"SMITH"},{"data":"Worship","floor":10,"key":"SMITH"}],"circlet_count":0,"master_deck":["Strike_P","Strike_P","Strike_P","Defend_P","Defend_P","Defend_P","Defend_P","Eruption+1","Vigilance","Pray+1","Worship+1","InnerPeace"],"relics":["PureWater","NeowsBlessing","Smiling Mask","Orichalcum","Ancient Tea Set"],"acts_visited":["Exordium"],"potions_floor_usage":[8,11],"damage_taken":[{"damage":0.0,"enemies":"Small Slimes","floor":1.0,"turns":1.0},{"damage":0.0,"enemies":"2 Louse","floor":5.0,"turns":2.0},{"damage":0.0,"enemies":"Jaw Worm","floor":6.0,"turns":1.0},{"damage":29,"enemies":"Lagavulin","floor":8,"turns":9},{"damage":20,"enemies":"3 Sentries","floor":11,"turns":7}],"seed_played":"-3998489905624619107","potions_obtained":[{"floor":1.0,"key":"Block Potion"},{"floor":6.0,"key":"Swift Potion"}],"is_trial":false,"path_per_floor":["M","?","?","?","M","M","R","E","T","R","E"],"character_chosen":"WATCHER","items_purchased":[],"campfire_rested":0,"item_purchase_floors":[],"current_hp_per_floor":[65,58,46,46,46,46,46,17,17,17,0,0],"gold":198,"neow_bonus":"THREE_ENEMY_KILL","is_daily":false,"chose_seed":false,"campfire_upgraded":2,"win_rate":0.0,"timestamp":1608257709,"path_taken":["M","?","?","?","M","M","R","E","T","R","E"],"items_purchased_type":[],"build_version":"2020-12-13","purchased_purges":0,"victory":false,"max_hp_per_floor":[72,72,72,72,72,72,72,72,72,72,72,72],"card_choices":[{"not_picked":["WaveOfTheHand","CarveReality"],"picked":"Pray","floor":1.0},{"not_picked":["CrushJoints","FollowUp","WaveOfTheHand"],"picked":"SKIP","floor":5.0},{"not_picked":["CutThroughFate","ClearTheMind"],"picked":"Worship","floor":6.0},{"not_picked":["Nirvana","ThirdEye"],"picked":"InnerPeace","floor":8}],"player_experience":294163,"relics_obtained":[{"floor":8,"key":"Orichalcum"},{"floor":9,"key":"Ancient Tea Set"}],"event_choices":[{"cards_removed":["Strike_P"],"damage_healed":0.0,"max_hp_gain":0.0,"max_hp_loss":0.0,"gold_gain":0.0,"event_name":"Golden Wing","player_choice":"Card Removal","floor":2.0,"gold_loss":0.0,"damage_taken":7.0},{"damage_healed":0.0,"max_hp_gain":0.0,"max_hp_loss":0.0,"gold_gain":0.0,"event_name":"Scrap Ooze","player_choice":"Success","floor":3.0,"gold_loss":0.0,"damage_taken":12.0,"relics_obtained":["Smiling Mask"]},{"damage_healed":0.0,"max_hp_gain":0.0,"max_hp_loss":0.0,"gold_gain":0.0,"event_name":"Living Wall","player_choice":"Grow","floor":4.0,"gold_loss":0.0,"damage_taken":0.0,"cards_upgraded":["Eruption"]}],"is_beta":false,"boss_relics":[],"items_purged_floors":[],"is_endless":false,"potions_floor_spawned":[1,6],"killed_by":"3 Sentries","ascension_level":7}}