{"host":"npubv26u89aif4fa","time":1608270751,"event":{"mods":["Astrologer","BaseMod","Better Vampires","Colored Powertips","GifTheSpireLib","GungeonMod","HornydragonMod","Hubris","Jedi Mod","Minty Spire (QoL Compilation)","Nova Terra(诺娃・泰拉)","Quick Restart","Remilia（蕾米莉亚）","Replay The Spire","StSLib","Td1madao Mod","The Administrix","The Alterego","The Bug Knight","The Cursed","The Dragon Tamer","The Hayseed","The Runesmith","TheWitcher","Yuri Mod","Yuyuko","【东方二次创作】八云紫mod"],"gold_per_floor":[116,116,131,131,141,141,171,22,22,22,78,110,129,129,129,227,227,245,258,331,331,351,378,395,410,486,504,518,538,557,572,572,572,572],"floor_reached":33,"playtime":5202,"items_purged":[],"score":383,"play_id":"b0121d0f-d3a7-445c-b81a-e8d629006db6","local_time":"20201218135231","is_ascension_mode":false,"campfire_choices":[{"floor":6.0,"key":"RECALL"},{"data":"Remain Here","floor":10.0,"key":"SMITH"},{"data":"Dancing Soul","floor":15.0,"key":"SMITH"},{"data":"Nihility","floor":32.0,"key":"SMITH"}],"circlet_count":0,"master_deck":["Fantasy Butterflies","Fantasy Butterflies","Fantasy Butterflies","Fantasy Butterflies","Fantasy Butterflies","Dreamy Sakura","Dreamy Sakura","Dreamy Sakura","Dreamy Sakura","Dreamy Sakura","Deathly Ground","Faramita\u0027s Temptation","Elegance+1","Phantom Village","Monster Cherry Tree","Remain Here+1","Dancing Soul+1","Redemption of Death","Cerasus Subhirtella","The Nether","ReplayTheSpireMod:Splinters","Bloom","Nihility+1","Phantom Gift+1","Ghost Lead","Gone","Unpaved Way"],"relics":["Coronal","Yuyuko\u0027s fan","ReplayFunnel","yuri:PortableGlitches","DemoMod:MeltedRock","Quantum Egg","Eternal Feather","Ornamental Fan","jedi:battlestandard","Replay:Wax Seal"],"acts_visited":["Exordium","TheCity"],"potions_floor_usage":[],"damage_taken":[{"damage":10.0,"enemies":"Small Slimes","floor":1.0,"turns":4.0},{"damage":5.0,"enemies":"2 Louse","floor":3.0,"turns":3.0},{"damage":18.0,"enemies":"Cultist","floor":5.0,"turns":5.0},{"damage":65.0,"enemies":"3 Sentries","floor":7.0,"turns":9.0},{"damage":35.0,"enemies":"3 Sentries","floor":11.0,"turns":9.0},{"damage":39.0,"enemies":"Lagavulin","floor":12.0,"turns":6.0},{"damage":15.0,"enemies":"2 Fungi Beasts","floor":13.0,"turns":3.0},{"damage":13.0,"enemies":"The Guardian","floor":16.0,"turns":13.0},{"damage":10.0,"enemies":"Chosen","floor":18.0,"turns":7.0},{"damage":11.0,"enemies":"Shell Parasite","floor":19.0,"turns":7.0},{"damage":16.0,"enemies":"Snecko","floor":22.0,"turns":16.0},{"damage":32.0,"enemies":"Replay:Snechameleon","floor":23.0,"turns":10.0},{"damage":30.0,"enemies":"Snake Plant","floor":24.0,"turns":8.0},{"damage":36.0,"enemies":"3 Cultists","floor":25.0,"turns":7.0},{"damage":29.0,"enemies":"Snecko","floor":27.0,"turns":5.0},{"damage":58.0,"enemies":"Shelled Parasite and Fungi","floor":28.0,"turns":8.0},{"damage":20.0,"enemies":"Cultist and Chosen","floor":29.0,"turns":6.0},{"damage":13.0,"enemies":"Chosen and Byrds","floor":30.0,"turns":4.0},{"damage":10.0,"enemies":"Centurion and Healer","floor":31.0,"turns":7.0},{"damage":0,"enemies":"Champ","floor":33,"turns":1}],"seed_played":"60059263871560043","potions_obtained":[{"floor":1.0,"key":"Strength Potion"},{"floor":12.0,"key":"Toxic Potion"},{"floor":16.0,"key":"DistilledChaos"},{"floor":18.0,"key":"SteroidPotion"},{"floor":20.0,"key":"ColorlessPotion"},{"floor":28.0,"key":"jedi:holywater"}],"is_trial":false,"path_per_floor":["M","?","M","?","M","R","E","$","T","R","?","E","M","T","R","B",null,"M","M","?","?","M","E","M","M","T","M","M","M","M","M","R","B"],"character_chosen":"YUYOKO","items_purchased":["Remain Here"],"campfire_rested":0,"item_purchase_floors":[8],"current_hp_per_floor":[40,40,41,41,31,31,35,35,35,35,35,32,40,40,44,31,44,37,37,37,37,28,34,36,37,37,37,36,38,40,37,44,44,44],"gold":572,"neow_bonus":"TEN_PERCENT_HP_BONUS","is_daily":false,"chose_seed":false,"campfire_upgraded":3,"win_rate":0.0,"timestamp":1608270751,"path_taken":["M","?","M","?","?","R","E","$","T","R","?","E","M","?","R","BOSS","M","M","?","?","M","E","?","?","T","M","M","M","M","M","R","BOSS"],"items_purchased_type":["Card"],"build_version":"2020-12-13","purchased_purges":0,"victory":false,"max_hp_per_floor":[44,44,44,44,44,44,44,44,44,44,44,44,44,44,44,44,44,44,44,44,44,44,44,44,44,44,44,44,44,44,44,44,44,44],"card_choices":[{"not_picked":["Final of Final","Unborn Light"],"picked":"Elegance","floor":1.0},{"not_picked":["Song of Papilio","All Wander"],"picked":"Phantom Village","floor":3.0},{"not_picked":["Unborn Light","Showy Withering"],"picked":"Monster Cherry Tree","floor":5.0},{"not_picked":["Unstable Ward","Gather the Spring","The Nether"],"picked":"SKIP","floor":7.0},{"not_picked":["Snow","Dancing Butterflies"],"picked":"Dancing Soul","floor":11.0},{"not_picked":["Cerasus Subhirtella","Dying Dream"],"picked":"Redemption of Death","floor":12.0},{"not_picked":["All Wander","Redemption of Death","Spear of Papilio"],"picked":"SKIP","floor":13.0},{"not_picked":["Dark Wind","Monster Cherry Tree+1"],"picked":"Cerasus Subhirtella","floor":18.0},{"not_picked":["Suicide+1","Unstable Ward"],"picked":"The Nether","floor":19.0},{"not_picked":["Ghostdom Sakura","Gather the Spring"],"picked":"Bloom","floor":22.0},{"not_picked":["Cerasus Subhirtella","The Nether"],"picked":"Nihility","floor":23.0},{"not_picked":["Suicide","Final of Final+1"],"picked":"Phantom Gift+1","floor":24.0},{"not_picked":["Stifle","Steamed Phantom"],"picked":"Ghost Lead","floor":25.0},{"not_picked":["Gone","End of Faramita","Infinite Sin+1"],"picked":"SKIP","floor":27.0},{"not_picked":["End of Faramita","Childlike","Fondling of Papilio"],"picked":"SKIP","floor":28.0},{"not_picked":["Dark Wind","Stifle"],"picked":"Gone","floor":29.0},{"not_picked":["Fondling of Papilio","Chase The Sukhavati"],"picked":"Unpaved Way","floor":30.0},{"not_picked":["Unborn Light","Phantom Butterflies","Fondling of Papilio+1"],"picked":"SKIP","floor":31.0}],"player_experience":98456,"relics_obtained":[{"floor":7.0,"key":"yuri:PortableGlitches"},{"floor":9.0,"key":"DemoMod:MeltedRock"},{"floor":11.0,"key":"Quantum Egg"},{"floor":12.0,"key":"Eternal Feather"},{"floor":14.0,"key":"Ornamental Fan"},{"floor":23.0,"key":"Replay:Wax Seal"}],"event_choices":[{"damage_healed":0.0,"max_hp_gain":0.0,"max_hp_loss":0.0,"gold_gain":0.0,"event_name":"WeMeetAgain","player_choice":"Gave Potion","floor":4.0,"gold_loss":0.0,"damage_taken":0.0,"relics_obtained":["ReplayFunnel"]},{"damage_healed":0.0,"max_hp_gain":0.0,"max_hp_loss":0.0,"gold_gain":30.0,"event_name":"Dead Adventurer","player_choice":"Searched \u00272\u0027 times","floor":11.0,"gold_loss":0.0,"damage_taken":0.0},{"damage_healed":0.0,"max_hp_gain":0.0,"max_hp_loss":0.0,"gold_gain":0.0,"event_name":"Ghosts","player_choice":"Ignored","floor":21.0,"gold_loss":0.0,"damage_taken":0.0}],"is_beta":false,"boss_relics":[{"not_picked":["hubris:Backtick","Astrolabe"],"picked":"jedi:battlestandard"}],"items_purged_floors":[],"is_endless":false,"potions_floor_spawned":[1,12,16,18,19,28,29,30,31],"killed_by":"Champ","ascension_level":0}}