{"host":"46hhpd9tbruz5rpt","time":1608253219,"event":{"mods":["BaseMod","Minty Spire (QoL Compilation)","Quick Restart","StSLib","UnlockEverythingMod"],"gold_per_floor":[13,13,32,52,52,52,52,66,115,115,115,142,142,161,161,257,257,271,271,286,211,211,211,211,211],"floor_reached":24,"playtime":664,"items_purged":["Strike_P"],"score":272,"play_id":"89e810e7-bf83-43c4-960b-60ca88bacbc1","local_time":"20201218090019","is_ascension_mode":true,"campfire_choices":[{"data":"Eruption","floor":7,"key":"SMITH"},{"data":"Devotion","floor":10,"key":"SMITH"},{"data":"Vigilance","floor":13,"key":"SMITH"},{"floor":15,"key":"REST"},{"data":"FlurryOfBlows","floor":23,"key":"SMITH"}],"circlet_count":0,"master_deck":["Strike_P","Defend_P","Defend_P","Defend_P","Defend_P","Eruption+1","Vigilance+1","Devotion+1","FlurryOfBlows","Conclude","DeusExMachina","Tantrum","FlurryOfBlows+1","DevaForm","Prostrate+1","SignatureMove+1","Necronomicurse"],"relics":["HolyWater","Juzu Bracelet","Vajra","Orichalcum","Necronomicon"],"acts_visited":["TheCity"],"potions_floor_usage":[12,24],"damage_taken":[{"damage":2,"enemies":"Small Slimes","floor":1,"turns":4},{"damage":2,"enemies":"2 Louse","floor":3,"turns":4},{"damage":10,"enemies":"Jaw Worm","floor":4,"turns":4},{"damage":0,"enemies":"2 Fungi Beasts","floor":8,"turns":2},{"damage":12,"enemies":"3 Sentries","floor":12,"turns":4},{"damage":4,"enemies":"Blue Slaver","floor":14,"turns":3},{"damage":25,"enemies":"The Guardian","floor":16,"turns":7},{"damage":15,"enemies":"Shell Parasite","floor":18,"turns":4},{"damage":2,"enemies":"Chosen","floor":20,"turns":3},{"damage":27,"enemies":"Slavers","floor":24,"turns":1}],"seed_played":"7982892794096386923","potions_obtained":[{"floor":4,"key":"Fire Potion"},{"floor":14,"key":"FearPotion"},{"floor":18,"key":"Dexterity Potion"}],"is_trial":false,"path_per_floor":["M","?","M","M","$","?","R","M","T","R","?","E","R","M","R","B",null,"M","?","M","$","?","R","E"],"character_chosen":"WATCHER","items_purchased":[],"campfire_rested":1,"item_purchase_floors":[],"current_hp_per_floor":[63,63,61,51,51,44,44,44,44,44,44,32,32,28,49,24,60,45,45,43,43,27,27,0,0],"gold":211,"neow_bonus":"THREE_RARE_CARDS","is_daily":false,"chose_seed":false,"campfire_upgraded":4,"win_rate":0.0,"timestamp":1608253219,"path_taken":["M","?","M","M","$","?","R","M","T","R","?","E","R","M","R","BOSS","M","?","M","$","?","R","E"],"items_purchased_type":[],"build_version":"2020-12-13","purchased_purges":1,"victory":false,"max_hp_per_floor":[72,72,72,72,72,72,72,72,72,72,72,72,72,72,72,72,72,72,72,72,72,72,72,72,72],"card_choices":[{"not_picked":["Omniscience","Alpha"],"picked":"Devotion","floor":0},{"not_picked":["EmptyFist","Nirvana","EmptyBody"],"picked":"SKIP","floor":1},{"not_picked":["EmptyBody","CutThroughFate"],"picked":"FlurryOfBlows","floor":3},{"not_picked":["BowlingBash","BattleHymn"],"picked":"Conclude","floor":4},{"not_picked":["CutThroughFate","FlyingSleeves"],"picked":"DeusExMachina","floor":8},{"not_picked":["CrushJoints","FollowUp"],"picked":"FlurryOfBlows","floor":12},{"not_picked":["Vengeance","EmptyBody","Consecrate"],"picked":"SKIP","floor":14},{"not_picked":["SpiritShield","Vault"],"picked":"DevaForm","floor":16},{"not_picked":["CrushJoints","Consecrate"],"picked":"Prostrate+1","floor":18},{"not_picked":["EmptyBody","CrushJoints"],"picked":"SignatureMove+1","floor":20}],"player_experience":61623,"relics_obtained":[{"floor":9,"key":"Vajra"},{"floor":12,"key":"Orichalcum"},{"floor":22,"key":"Necronomicon"}],"event_choices":[{"damage_healed":0,"gold_gain":0,"player_choice":"Ignored","damage_taken":0,"max_hp_gain":0,"max_hp_loss":0,"event_name":"Liars Game","floor":2,"gold_loss":0},{"damage_healed":0,"gold_gain":0,"player_choice":"Success","damage_taken":7,"relics_obtained":["Juzu Bracelet"],"max_hp_gain":0,"max_hp_loss":0,"event_name":"Scrap Ooze","floor":6,"gold_loss":0},{"damage_healed":0,"gold_gain":0,"cards_transformed":["Strike_P"],"player_choice":"Change","damage_taken":0,"max_hp_gain":0,"max_hp_loss":0,"event_name":"Living Wall","floor":11,"gold_loss":0,"cards_obtained":["Tantrum"]},{"cards_removed":["Strike_P"],"damage_healed":0,"gold_gain":0,"player_choice":"Elegance","damage_taken":0,"max_hp_gain":0,"max_hp_loss":0,"event_name":"Back to Basics","floor":19,"gold_loss":0},{"damage_healed":0,"gold_gain":0,"player_choice":"Obtained Book","damage_taken":16,"max_hp_gain":0,"max_hp_loss":0,"event_name":"Cursed Tome","floor":22,"gold_loss":0}],"is_beta":false,"boss_relics":[{"not_picked":["Ectoplasm","Snecko Eye"],"picked":"HolyWater"}],"items_purged_floors":[21],"is_endless":false,"potions_floor_spawned":[4,14,18],"killed_by":"Slavers","ascension_level":8}}