{"host":"0cnf9zf1gia27zti","time":1608256062,"event":{"mods":["BaseMod","BetterRewards","Card Forge","Colored Map","Colored Powertips","Conspire","Downfall","Minty Spire (QoL Compilation)","Practice Mode","Quick Restart","Replay The Spire","Robot Space Explorer","Shade Mod","Spicy Shops","StSLib"],"gold_per_floor":[117,128,128,148,148,148,166,15,41,51,88,88,98,98,98,177,177,194,194,206,53,53,53,85,85,160,160,160,175,4,17,17,92,92,103,103,43,56,56,56,83,130,130,130,155,155,165,45,60,75,75,75,75],"floor_reached":52,"playtime":74366,"items_purged":["Defend_B","Voices","conspire:NecroticWound"],"score":926,"play_id":"61ff33e4-a47a-4e59-81ab-a081eaaa8f78","local_time":"20201218014742","is_ascension_mode":true,"campfire_choices":[{"floor":6,"key":"REST"},{"floor":12,"key":"REST"},{"data":"Zap","floor":15,"key":"SMITH"},{"data":"Echo Form","floor":23,"key":"SMITH"},{"floor":27,"key":"REST"},{"data":"Echo Form","floor":32,"key":"SMITH"},{"data":"Double Energy","floor":40,"key":"SMITH"},{"data":"Redo","floor":51,"key":"SMITH"}],"circlet_count":0,"master_deck":["AscendersBane","Defend_B","Defend_B","Defend_B","Zap+1","Dualcast","Crystallizer","Auto Shields","Conserve Battery","Sweeping Beam","Ball Lightning","Auto Shields","Conserve Battery","Redo+1","Reinforced Body","Crystallizer","Self Repair","Pot Of Greed","Pot Of Greed","Multi-Cast","Panic Button","Mirror Shield","Panic Button","Chill","Pot Of Greed","Double Energy+1","Echo Form+1","Ball Lightning","Echo Form+1","Crystallizer","Redo+1","White Noise+1","Self Repair+1","Core Surge","Echo Form+1","Blind+1","Pot Of Greed+1","conspire:Banana+1","Replay:SS_fish_2+1","BasicCrystalCard+1","Melter","Turbo+1","Sweeping Beam+1","Madness+1","Madness+1","ReplayTheSpireMod:Dual Polarity+1","Barrage"],"relics":["Cracked Core","Hammer of Thor","Seething Fire","Anvil of the Gods","Prayer Wheel","Juzu Bracelet","Matryoshka","Blood Vial","White Beast Statue","Bronze Scales","Grinning Jar","conspire:SpecialSausage","DollysMirror","conspire:Dentures","TungstenRod","Replay:Mystery Machine","Toxic Egg 2","Frozen Egg 2","Busted Crown","MealTicket","Lizard Tail","ReplayTheSpireMod:TigerMarble","Geode","ReplayTheSpireMod:CursedCoin"],"acts_visited":["Exordium","TheCity","TheBeyond"],"potions_floor_usage":[10,11,13,16,20,24,29,31,33,33,41,42,47,49,50,52],"damage_taken":[{"damage":2,"enemies":"Jaw Worm","floor":1,"turns":4},{"damage":0,"enemies":"Cultist","floor":2,"turns":3},{"damage":0,"enemies":"Small Slimes","floor":4,"turns":3},{"damage":7,"enemies":"3 Louse","floor":7,"turns":4},{"damage":1,"enemies":"2 Fungi Beasts","floor":10,"turns":3},{"damage":9,"enemies":"conspire:MimicChest","floor":11,"turns":7},{"damage":0,"enemies":"Looter","floor":13,"turns":3},{"damage":11,"enemies":"The Guardian","floor":16,"turns":10},{"damage":1,"enemies":"Chosen","floor":18,"turns":5},{"damage":1,"enemies":"2 Thieves","floor":20,"turns":3},{"damage":25,"enemies":"Replay:Snechameleon","floor":24,"turns":9},{"damage":29,"enemies":"Centurion and Healer","floor":29,"turns":11},{"damage":0,"enemies":"Snecko","floor":31,"turns":5},{"damage":46,"enemies":"Collector","floor":33,"turns":11},{"damage":24,"enemies":"3 Shapes","floor":35,"turns":4},{"damage":0,"enemies":"3 Darklings","floor":38,"turns":5},{"damage":1,"enemies":"R_Hoarder","floor":41,"turns":10},{"damage":57,"enemies":"2 Orb Walkers","floor":42,"turns":4},{"damage":14,"enemies":"4 Shapes","floor":47,"turns":4},{"damage":8,"enemies":"Sphere and 2 Shapes","floor":49,"turns":9},{"damage":14,"enemies":"Transient","floor":50,"turns":5},{"damage":130,"enemies":"Awakened One","floor":52,"turns":6}],"seed_played":"-5992035315526346642","potions_obtained":[{"floor":7,"key":"FearPotion"},{"floor":10,"key":"hexamod:EctoCoolerPotion"},{"floor":11,"key":"EssenceOfDarkness"},{"floor":13,"key":"EssenceOfSteel"},{"floor":16,"key":"ColorlessPotion"},{"floor":18,"key":"PotionOfCapacity"},{"floor":20,"key":"DistilledChaos"},{"floor":24,"key":"DuplicationPotion"},{"floor":29,"key":"DistilledChaos"},{"floor":31,"key":"AttackPotion"},{"floor":33,"key":"Ancient Potion"},{"floor":35,"key":"Cursed Concoction"},{"floor":38,"key":"BlessingOfTheForge"},{"floor":41,"key":"LifebloodPotion"},{"floor":42,"key":"Swift Potion"},{"floor":47,"key":"GamblersBrew"},{"floor":49,"key":"Weak Potion"},{"floor":50,"key":"Strength Potion"}],"is_trial":false,"path_per_floor":["M","M","?","M","?","R","M","$","T","M","?","R","M","$","R","B",null,"M","?","M","$","?","R","E","?","T","R","T","M","$","M","R","B",null,"M","?","$","M","$","R","E","?","PTL","PTL","T","?","M","$","M","M","R","B"],"character_chosen":"DEFECT","items_purchased":["Prayer Wheel","Crystallizer","Auto Shields","Juzu Bracelet","Matryoshka","Blood Vial","Conserve Battery","Sweeping Beam","Crystallizer","DollysMirror","Self Repair+1","BasicCrystalCard+1","Geode","ReplayTheSpireMod:CursedCoin"],"campfire_rested":3,"item_purchase_floors":[0,0,0,0,0,0,0,0,8,21,30,37,48,48],"current_hp_per_floor":[24,26,26,28,21,42,37,37,37,38,38,59,61,61,61,59,68,71,71,70,70,70,70,53,53,53,71,71,49,49,71,71,71,71,64,55,55,73,73,73,75,42,42,42,42,34,31,46,79,79,79,0,0],"gold":75,"neow_bonus":"","is_daily":false,"chose_seed":false,"campfire_upgraded":5,"win_rate":0.0,"timestamp":1608256062,"path_taken":["M","M","?","M","?","R","M","$","T","M","?","R","M","$","R","BOSS","M","?","M","$","?","R","E","?","T","R","?","M","$","M","R","BOSS","M","?","?","M","$","R","E","?","PTL","PTL","T","?","M","$","M","M","R","BOSS"],"items_purchased_type":["Relic","Card","Card","Relic","Relic","Relic","Card","Card","Card","Relic","Card","Card","Relic","Relic"],"build_version":"2020-12-13","purchased_purges":3,"victory":false,"max_hp_per_floor":[71,71,71,71,71,71,71,71,71,71,71,71,71,71,71,71,71,71,71,71,71,71,71,71,71,71,71,71,71,71,71,71,71,71,71,71,71,73,73,73,75,75,75,75,75,75,77,77,79,79,79,79,79],"card_choices":[{"not_picked":["Streamline","Leap"],"picked":"Ball Lightning","floor":1},{"not_picked":["Beam Cell","Skim"],"picked":"Auto Shields","floor":1},{"not_picked":["ReplayTheSpireMod:GoodbyeWorld","Undo"],"picked":"Conserve Battery","floor":2},{"not_picked":["Go for the Eyes","Leap"],"picked":"Redo","floor":2},{"not_picked":["Coolheaded","BasicCrystalCard","Redo"],"picked":"SKIP","floor":4},{"not_picked":["Hyperbeam","ReplaySort","Rebound"],"picked":"SKIP","floor":4},{"not_picked":["Rebound","Turbo","Redo"],"picked":"SKIP","floor":7},{"not_picked":["Go for the Eyes","Rebound","Steam"],"picked":"SKIP","floor":7},{"not_picked":["Redo","Rebound"],"picked":"Self Repair","floor":10},{"not_picked":["Redo","Streamline","Recycle"],"picked":"SKIP","floor":10},{"not_picked":["Cold Snap","Leap"],"picked":"Multi-Cast","floor":11},{"not_picked":["Barrage","Stack"],"picked":"Panic Button","floor":13},{"not_picked":["Lockon","ReplayTheSpireMod:Reroute Power","Leap"],"picked":"SKIP","floor":13},{"not_picked":["Meteor Strike","All For One"],"picked":"Mirror Shield","floor":16},{"not_picked":["conspire:SharedLibrary","Streamline"],"picked":"Panic Button","floor":18},{"not_picked":["Redo","Steam+1"],"picked":"Chill","floor":18},{"not_picked":["Hologram","Steam"],"picked":"Ball Lightning","floor":20},{"not_picked":["Stack","Hologram","Buffer"],"picked":"SKIP","floor":20},{"not_picked":["Gash","Compile Driver"],"picked":"Crystallizer","floor":24},{"not_picked":["ReplaySolidLightProjector+1","Coolheaded+1"],"picked":"Redo+1","floor":29},{"not_picked":["Conserve Battery+1","Gash"],"picked":"White Noise+1","floor":29},{"not_picked":["conspire:Rain+1","Chaos+1"],"picked":"Core Surge","floor":31},{"not_picked":["Stack+1","ReplayTheSpireMod:System Scan+1","Undo+1"],"picked":"SKIP","floor":31},{"not_picked":["Rainbow+1","All For One"],"picked":"Echo Form+1","floor":33},{"not_picked":["Beam Cell"],"picked":"SKIP","floor":35},{"not_picked":["Doom and Gloom"],"picked":"SKIP","floor":35},{"not_picked":[],"picked":"Blind+1","floor":36},{"not_picked":[],"picked":"conspire:Banana+1","floor":36},{"not_picked":[],"picked":"Replay:SS_fish_2+1","floor":36},{"not_picked":[],"picked":"Melter","floor":38},{"not_picked":["Compile Driver+1"],"picked":"SKIP","floor":38},{"not_picked":[],"picked":"Turbo+1","floor":41},{"not_picked":[],"picked":"Sweeping Beam+1","floor":42},{"not_picked":[],"picked":"ReplayTheSpireMod:Dual Polarity+1","floor":47},{"not_picked":["Steam+1"],"picked":"SKIP","floor":47},{"not_picked":["Melter"],"picked":"SKIP","floor":49},{"not_picked":["Leap+1"],"picked":"SKIP","floor":49},{"not_picked":["Leap+1"],"picked":"SKIP","floor":50},{"not_picked":["Stack+1"],"picked":"SKIP","floor":50}],"player_experience":2139685,"relics_obtained":[{"floor":9,"key":"White Beast Statue"},{"floor":9,"key":"Bronze Scales"},{"floor":11,"key":"Grinning Jar"},{"floor":24,"key":"conspire:Dentures"},{"floor":26,"key":"Replay:Mystery Machine"},{"floor":26,"key":"Toxic Egg 2"},{"floor":28,"key":"Frozen Egg 2"},{"floor":41,"key":"MealTicket"},{"floor":42,"key":"Lizard Tail"},{"floor":45,"key":"ReplayTheSpireMod:TigerMarble"}],"event_choices":[{"damage_healed":0,"gold_gain":0,"cards_transformed":["Strike_B"],"player_choice":"Transformed","damage_taken":0,"max_hp_gain":0,"max_hp_loss":0,"event_name":"Transmorgrifier","floor":3,"gold_loss":0,"cards_obtained":["Reinforced Body"]},{"cards_removed":["Strike_B"],"damage_healed":0,"gold_gain":0,"player_choice":"Card Removal","damage_taken":7,"max_hp_gain":0,"max_hp_loss":0,"event_name":"Golden Wing","floor":5,"gold_loss":0},{"damage_healed":0,"gold_gain":0,"cards_transformed":["Strike_B","Strike_B"],"player_choice":"Became Test Subject","damage_taken":0,"max_hp_gain":0,"max_hp_loss":0,"event_name":"Drug Dealer","floor":19,"gold_loss":0,"cards_obtained":["Double Energy","Echo Form"]},{"damage_healed":0,"gold_gain":0,"player_choice":"Leave","damage_taken":0,"max_hp_gain":0,"max_hp_loss":0,"event_name":"conspire:Investor","floor":22,"gold_loss":0},{"damage_healed":0,"gold_gain":0,"player_choice":"Memory 3","damage_taken":10,"max_hp_gain":0,"max_hp_loss":0,"event_name":"SensoryStone","floor":36,"gold_loss":0},{"damage_healed":0,"gold_gain":0,"player_choice":"Fight","damage_taken":0,"max_hp_gain":0,"max_hp_loss":0,"event_name":"Mysterious Sphere","floor":42,"gold_loss":0},{"damage_healed":0,"gold_gain":0,"player_choice":"Embrace Madness","damage_taken":9,"max_hp_gain":0,"max_hp_loss":0,"event_name":"Winding Halls","floor":46,"gold_loss":0,"cards_obtained":["Madness","Madness"]}],"is_beta":false,"boss_relics":[{"not_picked":["Honey Jar","ReplayTheSpireMod:DimensionalGlitch"],"picked":"conspire:SpecialSausage"},{"not_picked":["Kintsugi","Snecko Eye"],"picked":"Busted Crown"}],"items_purged_floors":[8,30,48],"is_endless":false,"potions_floor_spawned":[7,10,11,13,16,18,20,24,29,31,33,35,38,41,42,47,49,50],"killed_by":"Awakened One","ascension_level":14}}