{"host":"l8k579n63ej0vska","time":1608285372,"event":{"mods":["BaseMod","Colored Map","Infinite Spire","Minty Spire (QoL Compilation)","Replay The Spire","StSLib","The Bug Knight"],"gold_per_floor":[113,188,200,200,213,213,201,250,289,318,330,359,397,422,434,446,446],"floor_reached":16,"playtime":884,"items_purged":[],"score":182,"play_id":"fbbeb3b0-95f0-4f11-af62-5bb9e190fc6d","local_time":"20201218105612","is_ascension_mode":true,"campfire_choices":[{"floor":6,"key":"REST"},{"data":"Deflect","floor":11,"key":"SMITH"},{"floor":15,"key":"REST"}],"circlet_count":0,"master_deck":["AscendersBane","Strike_G","Strike_G","Strike_G","Strike_G","Strike_G","Defend_G","Defend_G","Defend_G","Defend_G","Defend_G","Survivor","Neutralize","Skewer+1","ReplayTheSpireMod:Shiv Toss","Deflect+1","Deflect","Calculated Gamble","Cloak And Dagger"],"relics":["Black Star","MawBank","Bag of Marbles","Blue Doll","Replay:WaspNest"],"acts_visited":["Exordium"],"potions_floor_usage":[13,13,16],"damage_taken":[{"damage":3,"enemies":"2 Louse","floor":1,"turns":4},{"damage":4,"enemies":"Jaw Worm","floor":3,"turns":3},{"damage":6,"enemies":"Cultist","floor":5,"turns":4},{"damage":6,"enemies":"Exordium Thugs","floor":7,"turns":4},{"damage":6,"enemies":"Exordium Wildlife","floor":10,"turns":3},{"damage":14,"enemies":"Lots of Slimes","floor":12,"turns":5},{"damage":13,"enemies":"Replay:BlueRogue","floor":13,"turns":14},{"damage":12,"enemies":"Blue Slaver","floor":14,"turns":4},{"damage":30,"enemies":"Fading Forest","floor":16,"turns":7}],"seed_played":"4314823067037045531","potions_obtained":[{"floor":3,"key":"SpeedPotion"},{"floor":5,"key":"Poison Potion"},{"floor":7,"key":"Block Potion"},{"floor":14,"key":"Elixir"}],"is_trial":false,"path_per_floor":["M","?","M","?","M","R","M","T","T","M","R","M","E","M","R","B"],"character_chosen":"THE_SILENT","items_purchased":[],"campfire_rested":2,"item_purchase_floors":[],"current_hp_per_floor":[56,45,41,41,35,54,48,48,48,42,42,28,15,3,22,0,0],"gold":446,"neow_bonus":"BOSS_RELIC","is_daily":false,"chose_seed":false,"campfire_upgraded":1,"win_rate":0.0,"timestamp":1608285372,"path_taken":["M","?","M","?","?","R","M","?","T","M","R","M","E","M","R","BOSS"],"items_purchased_type":[],"build_version":"2020-12-13","purchased_purges":0,"victory":false,"max_hp_per_floor":[66,66,66,66,66,66,66,66,66,66,66,66,66,66,66,66,66],"card_choices":[{"not_picked":["Toxin Wave","Eviscerate"],"picked":"Skewer","floor":1},{"not_picked":["Hidden Blade","Reflex"],"picked":"ReplayTheSpireMod:Shiv Toss","floor":3},{"not_picked":["Tactician","Flying Knee","Underhanded Strike"],"picked":"SKIP","floor":5},{"not_picked":["Underhanded Strike","Dodge and Roll"],"picked":"Deflect","floor":7},{"not_picked":["Sucker Punch","Backstab"],"picked":"Deflect","floor":10},{"not_picked":["Cloak And Dagger","Dagger Spray"],"picked":"Calculated Gamble","floor":12},{"not_picked":["Flying Knee","Reflex","Acrobatics"],"picked":"SKIP","floor":13},{"not_picked":["A Thousand Cuts","Poisoned Stab"],"picked":"Cloak And Dagger","floor":14}],"player_experience":1617657,"relics_obtained":[{"floor":8,"key":"MawBank"},{"floor":9,"key":"Bag of Marbles"},{"floor":13,"key":"Blue Doll"},{"floor":13,"key":"Replay:WaspNest"}],"event_choices":[{"damage_healed":0,"gold_gain":75,"player_choice":"Gather Gold","damage_taken":11,"max_hp_gain":0,"max_hp_loss":0,"event_name":"World of Goop","floor":2,"gold_loss":0},{"damage_healed":0,"gold_gain":0,"player_choice":"Forge","damage_taken":0,"max_hp_gain":0,"max_hp_loss":0,"event_name":"Accursed Blacksmith","floor":4,"gold_loss":0,"cards_upgraded":["Skewer"]}],"is_beta":false,"boss_relics":[],"items_purged_floors":[],"is_endless":false,"potions_floor_spawned":[3,5,7,14],"killed_by":"Fading Forest","ascension_level":15}}