{"host":"rt0td7aa3g170xdl","time":1608297731,"event":{"mods":["2.2 Compatiblity","AchievementEnabler","BaseMod","Colored Map","DeckTracker","Keyboard Shortcuts","Minty Spire (QoL Compilation)","Permanent Neow","Quick Restart","SuperFastMode","everything is the same but u backflip on backflip"],"gold_per_floor":[112,37,47,59,59,88,88,116,142,142,162,162,162,177,177,282,282,293,306,181,199,199,210,210,224,224,224,259,274,274,306,306,401,401,417,417,292,292,338,338,351,401,401,432,432,443,468,484,484,484,484],"floor_reached":50,"playtime":3332,"items_purged":["Strike_G","A Thousand Cuts","Wraith Form v2"],"score":710,"play_id":"ad6bb384-46e2-48bc-ab10-5cd1bdf61a94","local_time":"20201218222211","is_ascension_mode":true,"campfire_choices":[{"floor":7.0,"key":"REST"},{"floor":10.0,"key":"REST"},{"data":"Adrenaline","floor":12.0,"key":"SMITH"},{"floor":15.0,"key":"REST"},{"data":"Bouncing Flask","floor":24.0,"key":"SMITH"},{"data":"Calculated Gamble","floor":27.0,"key":"SMITH"},{"floor":30.0,"key":"REST"},{"data":"Crippling Poison","floor":32.0,"key":"SMITH"},{"data":"Burst","floor":40.0,"key":"SMITH"},{"data":"Poisoned Stab","floor":45,"key":"SMITH"},{"floor":49,"key":"REST"}],"circlet_count":0,"master_deck":["Survivor","Neutralize","Crippling Poison+1","Poisoned Stab+1","Backflip","Adrenaline+1","Bane","Backstab","Die Die Die","All Out Attack","Heel Hook","Backstab","Deadly Poison","Finisher","Backflip","Backflip","Bouncing Flask+1","Calculated Gamble+1","Bouncing Flask+1","Backflip+1","Burst+1","Escape Plan+1","Panache","Noxious Fumes+1","Phantasmal Killer+1","Expertise+1","Backstab+1"],"relics":["Ring of the Snake","Vajra","Bag of Preparation","Oddly Smooth Stone","Dream Catcher","Pandora\u0027s Box","Paper Crane","Potion Belt","Question Card","Black Star","Dead Branch","Peace Pipe","Bronze Scales","Toxic Egg 2","Pear","Orichalcum","Strawberry"],"acts_visited":["Exordium","TheCity","TheBeyond"],"potions_floor_usage":[50,50,50],"damage_taken":[{"damage":4.0,"enemies":"Small Slimes","floor":1.0,"turns":4.0},{"damage":3.0,"enemies":"Jaw Worm","floor":3.0,"turns":6.0},{"damage":7.0,"enemies":"2 Louse","floor":4.0,"turns":2.0},{"damage":38.0,"enemies":"3 Sentries","floor":6.0,"turns":13.0},{"damage":16.0,"enemies":"Gremlin Nob","floor":8.0,"turns":4.0},{"damage":11.0,"enemies":"Blue Slaver","floor":11.0,"turns":4.0},{"damage":0.0,"enemies":"3 Louse","floor":14.0,"turns":2.0},{"damage":25.0,"enemies":"The Guardian","floor":16.0,"turns":13.0},{"damage":0.0,"enemies":"Shell Parasite","floor":18.0,"turns":1.0},{"damage":5.0,"enemies":"Spheric Guardian","floor":19.0,"turns":3.0},{"damage":22.0,"enemies":"Shelled Parasite and Fungi","floor":21.0,"turns":3.0},{"damage":0.0,"enemies":"Snecko","floor":23.0,"turns":2.0},{"damage":12.0,"enemies":"Centurion and Healer","floor":25.0,"turns":3.0},{"damage":15.0,"enemies":"Gremlin Leader","floor":28.0,"turns":5.0},{"damage":6.0,"enemies":"Shelled Parasite and Fungi","floor":29.0,"turns":4.0},{"damage":3.0,"enemies":"Slavers","floor":31.0,"turns":4.0},{"damage":25.0,"enemies":"Collector","floor":33.0,"turns":7.0},{"damage":0.0,"enemies":"3 Shapes","floor":35.0,"turns":3.0},{"damage":15.0,"enemies":"2 Orb Walkers","floor":39.0,"turns":2.0},{"damage":0.0,"enemies":"3 Darklings","floor":41.0,"turns":2.0},{"damage":0,"enemies":"Mind Bloom Boss Battle","floor":42,"turns":5},{"damage":25,"enemies":"Reptomancer","floor":44,"turns":5},{"damage":11,"enemies":"Spire Growth","floor":46,"turns":4},{"damage":15,"enemies":"Giant Head","floor":47,"turns":6},{"damage":6,"enemies":"4 Shapes","floor":48,"turns":3},{"damage":48,"enemies":"Awakened One","floor":50,"turns":6}],"seed_played":"1134781210946963147","potions_obtained":[{"floor":1.0,"key":"ColorlessPotion"},{"floor":4.0,"key":"Weak Potion"},{"floor":14.0,"key":"SneckoOil"},{"floor":25.0,"key":"Fruit Juice"},{"floor":28.0,"key":"Energy Potion"},{"floor":29.0,"key":"Ancient Potion"},{"floor":31.0,"key":"Dexterity Potion"},{"floor":41.0,"key":"AttackPotion"},{"floor":42,"key":"Swift Potion"},{"floor":44,"key":"BlessingOfTheForge"}],"is_trial":false,"path_per_floor":["M","$","M","M","?","E","R","E","T","R","M","R","?","M","R","B",null,"M","M","$","M","?","M","R","M","T","R","E","M","R","E","R","B",null,"M","?","$","?","?","R","M","?","T","E","R","M","E","M","R","B"],"character_chosen":"THE_SILENT","items_purchased":["Backflip"],"campfire_rested":5,"item_purchase_floors":[20],"current_hp_per_floor":[66,66,63,56,56,18,39,23,23,44,33,33,15,15,36,11,70,70,65,65,43,43,43,43,36,36,36,21,15,37,34,34,9,75,75,75,75,75,60,60,60,60,60,45,45,34,26,20,47,0,0],"gold":484,"neow_bonus":"REMOVE_CARD","is_daily":false,"chose_seed":false,"campfire_upgraded":6,"win_rate":0.0,"timestamp":1608297731,"path_taken":["M","$","M","M","?","E","R","E","T","R","M","R","?","M","R","BOSS","M","M","$","M","?","M","R","M","T","R","E","M","R","E","R","BOSS","M","?","$","?","?","R","M","?","T","E","R","M","E","M","R","BOSS"],"items_purchased_type":["Card"],"build_version":"2020-12-13","purchased_purges":3,"victory":false,"max_hp_per_floor":[70,70,70,70,70,70,70,70,70,70,70,70,70,70,70,70,70,70,70,70,70,70,70,70,75,75,75,75,75,75,75,75,75,75,75,75,75,75,75,75,75,75,75,85,85,85,92,92,92,92,92],"card_choices":[{"not_picked":["Well Laid Plans","Leg Sweep"],"picked":"Crippling Poison","floor":1.0},{"not_picked":["Blade Dance","Underhanded Strike"],"picked":"Poisoned Stab","floor":3.0},{"not_picked":["Blur","Heel Hook"],"picked":"Backflip","floor":4.0},{"not_picked":["Concentrate","Slice","Cloak And Dagger"],"picked":"SKIP","floor":6.0},{"not_picked":["Accuracy","Prepared","Concentrate"],"picked":"SKIP","floor":8.0},{"not_picked":["Prepared","PiercingWail"],"picked":"Adrenaline","floor":11.0},{"not_picked":["Prepared","Accuracy"],"picked":"Bane","floor":14.0},{"not_picked":["Prepared","Infinite Blades"],"picked":"Backstab","floor":15.0},{"not_picked":["Night Terror","Unload"],"picked":"Die Die Die","floor":16.0},{"not_picked":["Underhanded Strike","Prepared","Dagger Spray"],"picked":"SKIP","floor":18.0},{"not_picked":["Endless Agony","Reflex"],"picked":"Backflip","floor":19.0},{"not_picked":["Outmaneuver","Heel Hook","Poisoned Stab"],"picked":"SKIP","floor":21.0},{"not_picked":["Deadly Poison","Calculated Gamble"],"picked":"Bouncing Flask","floor":23.0},{"not_picked":["Flying Knee","Wraith Form v2"],"picked":"Calculated Gamble","floor":25.0},{"not_picked":["Dodge and Roll","Riddle With Holes+1","Poisoned Stab"],"picked":"SKIP","floor":28.0},{"not_picked":["Poisoned Stab","Skewer"],"picked":"Bouncing Flask+1","floor":29.0},{"not_picked":["Deadly Poison","Skewer"],"picked":"Backflip+1","floor":30.0},{"not_picked":["Reflex","Flying Knee","Bane+1"],"picked":"SKIP","floor":31.0},{"not_picked":["Wraith Form v2","Doppelganger","Malaise"],"picked":"Burst","floor":33.0},{"not_picked":["PiercingWail","Heel Hook","Flying Knee"],"picked":"Escape Plan+1","floor":35.0},{"not_picked":["Blind","Purity","Forethought"],"picked":"Panache","floor":38.0},{"not_picked":["Setup+1","Slice+1","Acrobatics","Dash"],"picked":"SKIP","floor":41.0},{"not_picked":["Caltrops+1","Sucker Punch","Backflip"],"picked":"Noxious Fumes+1","floor":42},{"not_picked":["Backflip+1","Cloak And Dagger+1","Skewer"],"picked":"Phantasmal Killer+1","floor":44},{"not_picked":["Predator+1","Blade Dance+1","Dagger Throw"],"picked":"Expertise+1","floor":46},{"not_picked":["Malaise+1","Cloak And Dagger+1","Acrobatics+1","Grand Finale"],"picked":"SKIP","floor":47},{"not_picked":["Footwork","Blade Dance+1","Underhanded Strike+1","Noxious Fumes"],"picked":"SKIP","floor":48},{"not_picked":["PiercingWail+1","Tactician+1","Eviscerate+1"],"picked":"Backstab+1","floor":49}],"player_experience":278365,"relics_obtained":[{"floor":6.0,"key":"Vajra"},{"floor":8.0,"key":"Bag of Preparation"},{"floor":9.0,"key":"Oddly Smooth Stone"},{"floor":26.0,"key":"Paper Crane"},{"floor":28.0,"key":"Potion Belt"},{"floor":31.0,"key":"Question Card"},{"floor":39.0,"key":"Dead Branch"},{"floor":42,"key":"Peace Pipe"},{"floor":43,"key":"Bronze Scales"},{"floor":44,"key":"Toxic Egg 2"},{"floor":44,"key":"Pear"},{"floor":47,"key":"Orichalcum"},{"floor":47,"key":"Strawberry"}],"event_choices":[{"cards_removed":["Strike_G"],"damage_healed":0.0,"max_hp_gain":0.0,"max_hp_loss":0.0,"gold_gain":0.0,"event_name":"Living Wall","player_choice":"Forget","floor":5.0,"gold_loss":0.0,"damage_taken":0.0},{"damage_healed":0.0,"max_hp_gain":0.0,"max_hp_loss":0.0,"gold_gain":0.0,"event_name":"Scrap Ooze","player_choice":"Success","floor":13.0,"gold_loss":0.0,"damage_taken":18.0,"relics_obtained":["Dream Catcher"]},{"damage_healed":0.0,"max_hp_gain":0.0,"max_hp_loss":0.0,"gold_gain":0.0,"event_name":"Ghosts","player_choice":"Ignored","floor":22.0,"gold_loss":0.0,"damage_taken":0.0},{"damage_healed":0.0,"max_hp_gain":0.0,"max_hp_loss":0.0,"gold_gain":0.0,"event_name":"Tomb of Lord Red Mask","player_choice":"Ignored","floor":36.0,"gold_loss":0.0,"damage_taken":0.0},{"damage_healed":0.0,"max_hp_gain":0.0,"max_hp_loss":0.0,"gold_gain":0.0,"event_name":"SensoryStone","player_choice":"Memory 1","floor":38.0,"gold_loss":0.0,"damage_taken":0.0},{"damage_healed":0.0,"max_hp_gain":0.0,"max_hp_loss":0.0,"gold_gain":0.0,"event_name":"Mysterious Sphere","player_choice":"Fight","floor":39.0,"gold_loss":0.0,"damage_taken":0.0},{"damage_healed":0,"gold_gain":0,"player_choice":"Fight","damage_taken":0,"max_hp_gain":0,"max_hp_loss":0,"event_name":"MindBloom","floor":42,"gold_loss":0}],"is_beta":false,"boss_relics":[{"not_picked":["SacredBark","Coffee Dripper"],"picked":"Pandora\u0027s Box"},{"not_picked":["Sozu","Cursed Key"],"picked":"Black Star"}],"items_purged_floors":[2,20,37],"is_endless":false,"potions_floor_spawned":[1,4,14,25,28,29,31,41,42,44],"killed_by":"Awakened One","ascension_level":4}}