{"host":"rd7y11747h4ctw9a","time":1608328765,"event":{"mods":["AchievementEnabler","BaseMod","Colored Map","Colored Powertips","Downfall","Minty Spire (QoL Compilation)","Rare Cards Sparkle","StSLib","The Blue Laboratory"],"gold_per_floor":[110,130,150,150,170,205,215,282,282,297,297,331,344,370,370,469,469,482,498,59,72,72,72,72],"floor_reached":23,"playtime":4137,"items_purged":[],"score":215,"play_id":"7239f891-b889-4d4a-a274-ca195fb860aa","local_time":"20201218155925","is_ascension_mode":false,"campfire_choices":[{"floor":11,"key":"REST"},{"floor":15,"key":"REST"}],"circlet_count":0,"master_deck":["Strike_B","Strike_B","Strike_B","Defend_B","Defend_B","Defend_B","Zap+1","Dualcast","Steam+1","Turbo","Redo","Sunder","Ball Lightning","Chaos","Rebound","Seek","Static Discharge","Conserve Battery","Genetic Algorithm","Thunder Strike","Melter+1","Ball Lightning","Loop","Beam Cell","Leap","Ball Lightning"],"relics":["Cracked Core","NeowsBlessing","Bag of Marbles","White Beast Statue","Darkstone Periapt","War Paint","Black Star","Ginger"],"acts_visited":["Exordium","TheCity"],"potions_floor_usage":[12,14,16,18,23],"damage_taken":[{"damage":0,"enemies":"Jaw Worm","floor":1,"turns":1},{"damage":0,"enemies":"2 Louse","floor":2,"turns":1},{"damage":0,"enemies":"Cultist","floor":3,"turns":1},{"damage":10,"enemies":"3 Louse","floor":5,"turns":3},{"damage":18,"enemies":"Gremlin Nob","floor":6,"turns":4},{"damage":4,"enemies":"Blue Slaver","floor":7,"turns":3},{"damage":0,"enemies":"Looter","floor":10,"turns":3},{"damage":13,"enemies":"3 Sentries","floor":12,"turns":5},{"damage":6,"enemies":"3 Louse","floor":13,"turns":2},{"damage":10,"enemies":"Lagavulin","floor":14,"turns":5},{"damage":35,"enemies":"The Guardian","floor":16,"turns":9},{"damage":0,"enemies":"Spheric Guardian","floor":18,"turns":3},{"damage":27,"enemies":"2 Thieves","floor":19,"turns":4},{"damage":20,"enemies":"Snake Plant","floor":21,"turns":4},{"damage":28,"enemies":"Slavers","floor":23,"turns":2}],"seed_played":"1448389757325635393","potions_obtained":[{"floor":1,"key":"blueLaboratory:HorrorPotion"},{"floor":2,"key":"blueLaboratory:HorrorPotion"},{"floor":10,"key":"blueLaboratory:AbyssPotion"},{"floor":12,"key":"FocusPotion"},{"floor":13,"key":"blueLaboratory:CorrosionFlask"},{"floor":14,"key":"EntropicBrew"},{"floor":16,"key":"Weak Potion"},{"floor":18,"key":"AttackPotion"},{"floor":19,"key":"champ:CounterPotion"},{"floor":21,"key":"Fire Potion"}],"is_trial":false,"path_per_floor":["M","M","M","?","M","E","M","?","T","M","R","E","M","E","R","B",null,"M","M","$","M","?","E"],"character_chosen":"DEFECT","items_purchased":["Loop","Ginger","Beam Cell"],"campfire_rested":2,"item_purchase_floors":[20,20,20],"current_hp_per_floor":[75,75,75,75,65,47,43,43,43,43,65,52,46,36,58,23,75,75,48,48,28,28,0,0],"gold":72,"neow_bonus":"THREE_ENEMY_KILL","is_daily":false,"chose_seed":false,"campfire_upgraded":0,"win_rate":0.0,"timestamp":1608328765,"path_taken":["M","M","M","?","M","E","M","?","T","M","R","E","M","E","R","BOSS","M","M","$","M","?","E"],"items_purchased_type":["Card","Relic","Card"],"build_version":"2020-12-13","purchased_purges":0,"victory":false,"max_hp_per_floor":[75,75,75,75,75,75,75,75,75,75,75,75,75,75,75,75,75,75,75,75,75,75,75,75],"card_choices":[{"not_picked":["Scrape","Cold Snap"],"picked":"Steam","floor":1},{"not_picked":["Compile Driver","Leap"],"picked":"Turbo","floor":2},{"not_picked":["Beam Cell","Leap"],"picked":"Redo","floor":3},{"not_picked":["Steam Power","Redo"],"picked":"Ball Lightning","floor":5},{"not_picked":["White Noise","Go for the Eyes"],"picked":"Chaos","floor":6},{"not_picked":["Glacier","Beam Cell"],"picked":"Rebound","floor":7},{"not_picked":["Barrage","Streamline"],"picked":"Seek","floor":10},{"not_picked":["Undo","Beam Cell"],"picked":"Static Discharge","floor":12},{"not_picked":["Static Discharge","Redo"],"picked":"Conserve Battery","floor":13},{"not_picked":["Hologram","Coolheaded"],"picked":"Genetic Algorithm","floor":14},{"not_picked":["Rainbow","Multi-Cast"],"picked":"Thunder Strike","floor":16},{"not_picked":["Lockon+1","Rebound+1"],"picked":"Melter+1","floor":18},{"not_picked":["Double Energy","Steam"],"picked":"Ball Lightning","floor":19},{"not_picked":["Cold Snap+1","Coolheaded"],"picked":"Leap","floor":21}],"player_experience":214156,"relics_obtained":[{"floor":6,"key":"Bag of Marbles"},{"floor":9,"key":"White Beast Statue"},{"floor":12,"key":"Darkstone Periapt"},{"floor":14,"key":"War Paint"}],"event_choices":[{"damage_healed":0,"gold_gain":0,"cards_transformed":["Strike_B"],"player_choice":"Change","damage_taken":0,"max_hp_gain":0,"max_hp_loss":0,"event_name":"Living Wall","floor":4,"gold_loss":0,"cards_obtained":["Sunder"]},{"damage_healed":0,"gold_gain":67,"player_choice":"Gained Gold","damage_taken":0,"max_hp_gain":0,"max_hp_loss":0,"event_name":"Golden Wing","floor":8,"gold_loss":0},{"damage_healed":0,"gold_gain":0,"cards_transformed":["Defend_B"],"player_choice":"Transformed","damage_taken":0,"max_hp_gain":0,"max_hp_loss":0,"event_name":"Transmorgrifier","floor":22,"gold_loss":0,"cards_obtained":["Ball Lightning"]}],"is_beta":false,"boss_relics":[{"not_picked":["SacredBark","FrozenCore"],"picked":"Black Star"}],"items_purged_floors":[],"is_endless":false,"potions_floor_spawned":[1,2,10,12,13,14,16,18,19,21],"killed_by":"Slavers","ascension_level":0}}