{"host":"1shobamjx3kfwgso","time":1608269136,"event":{"mods":["2.2 Compatiblity","AchievementEnabler","Act Like it!","Aspiration","BaseMod","Beaked The Cultist","BetterRewards","Block Reminder","CCEM","CapriCore","Challenge The Spire","Clockwork Mod","Colored Map","Colored Powertips","Conjunction","Conspire","Defuse TimeMaze Blight","Downfall","Elementarium","Energized Spire","Exacting","FoggyMod","GifTheSpireLib","Halation","Hallownest","Hermit","Highlight Path","Hubris","Infinite Spire","Lobotomy","LobotomyExtend","Mimic Mod","Minty Spire (QoL Compilation)","Pale of the Ancients","Quick Restart","Relic Sorter","Replay The Spire","Shade Mod","Shop Mod","StSLib","Stuff the Spire","The Bladedancer","The Bug Knight","The Construct","The Cursed","The Druid","The Gatherer","The Immortal","The Juggle","The Mystic","The Sage","The Servant 0.9.4","TheFirefly","TheVacant","Uncapped","vexMod"],"gold_per_floor":[169,169,94,153,153,181,208,239,239,164,5,5,38,50,60,157,157,157,189,189,31,31,31,31,31,31,31,31,31,31,31,49,49,49],"floor_reached":33,"playtime":1702,"items_purged":["Regret"],"score":386,"play_id":"a469614e-1a92-40cb-9fbb-19e4f6bcf5cb","local_time":"20201218002536","is_ascension_mode":false,"campfire_choices":[{"floor":1.0,"key":"RECALL"},{"data":"sagemod:Upwards","floor":3.0,"key":"SMITH"},{"data":"sagemod:Bouncing_Strike","floor":10.0,"key":"SMITH"},{"data":"sagemod:Meditation","floor":18.0,"key":"SMITH"},{"data":"sagemod:Energetic_Brew","floor":20.0,"key":"SMITH"},{"floor":25.0,"key":"REST"},{"floor":27.0,"key":"REST"}],"circlet_count":0,"master_deck":["sagemod:Strike","sagemod:Strike","sagemod:Strike","sagemod:Strike","sagemod:Defend","sagemod:Defend","sagemod:Defend","sagemod:Defend","sagemod:Fly","sagemod:Upwards+1","sagemod:Bouncing_Strike+1","sagemod:Swoop_Down","sagemod:Flight_Feint","expansioncontent:AwakenDeath+1","Spreading Infection","sagemod:How_To_Greet_Byrds","sagemod:Step_Back","sagemod:Flight_Feint","Madness+1","sagemod:Energetic_Brew+1","expansioncontent:TimeRipple+1","sagemod:Meditation+1","sagemod:Salty_Strike","StuffTheSpire:PestControl","sagemod:Step_Back+1"],"relics":["sagemod:Flying_Carpet","downfall:HeartsMalice","downfall:HeartBlessingRed","StuffTheSpire:HeavyRock","CCEMRelics:FestiveHat","LetterFromLob","CCEMRelics:CocoNut","Ring of Peace","Ring of Panic","downfall:HeartBlessingBlue","hubris:EmptyBottle","ReplayTheSpireMod:Ninjato","Bag of Marbles","StuffTheSpire:EmeraldSignet","Omamori","CCEMRelics:TinyMinotavrHorn","downfall:KnowingSkull","Replay:Wax Seal","WarpedTongs","Smiling Mask"],"acts_visited":["Exordium","TheCity"],"potions_floor_usage":[33,33,33,33,33,33,33],"damage_taken":[{"damage":0.0,"enemies":"3 Sentries","floor":4.0,"turns":1.0},{"damage":0.0,"enemies":"3 Sentries","floor":6.0,"turns":1.0},{"damage":0.0,"enemies":"Gremlin Nob","floor":8.0,"turns":1.0},{"damage":0.0,"enemies":"downfall:FleeingMerchant","floor":11.0,"turns":4.0},{"damage":3.0,"enemies":"Cultist","floor":13.0,"turns":4.0},{"damage":0.0,"enemies":"Cultist","floor":14.0,"turns":3.0},{"damage":0.0,"enemies":"Small Slimes","floor":15.0,"turns":3.0},{"damage":4.0,"enemies":"downfall:Silent","floor":16.0,"turns":6.0},{"damage":3.0,"enemies":"Slavers","floor":19.0,"turns":8.0},{"damage":48.0,"enemies":"downfall:FleeingMerchant","floor":21.0,"turns":20.0},{"damage":0.0,"enemies":"Chosen","floor":32.0,"turns":2.0},{"damage":55,"enemies":"downfall:Ironclad","floor":33,"turns":10}],"seed_played":"-833911688835752171","potions_obtained":[{"floor":6.0,"key":"SpeedPotion"},{"floor":15.0,"key":"LifebloodPotion"},{"floor":16.0,"key":"sagemod:Wine"},{"floor":21.0,"key":"Energy Potion"},{"floor":22.0,"key":"Languid Potion"}],"is_trial":false,"path_per_floor":["R","?","R","?","?","E","T","E","?","R","$","?","MIM","M","M","B",null,"R","E","R","$","M","M","T","R","M","R","?","$","M","M","M","B"],"character_chosen":"THE_SAGE","items_purchased":["hubris:EmptyBottle","Omamori","CCEMRelics:TinyMinotavrHorn"],"campfire_rested":2,"item_purchase_floors":[11,21,21],"current_hp_per_floor":[50,50,50,50,50,50,50,55,55,65,65,65,62,62,62,58,65,65,62,62,16,16,13,13,32,12,31,31,31,25,25,27,0,0],"gold":49,"neow_bonus":"THREE_ENEMY_KILL","is_daily":false,"chose_seed":false,"campfire_upgraded":4,"win_rate":0.0,"timestamp":1608269136,"path_taken":["R","?","R","?","?","E","T","E","?","R","?","?","?","?","M","BOSS","R","E","R","$","?","?","T","R","?","R","?","$","?","?","M","BOSS"],"items_purchased_type":["Relic","Relic","Relic"],"build_version":"2020-12-13","purchased_purges":1,"victory":false,"max_hp_per_floor":[50,50,50,50,50,50,50,55,55,65,65,65,65,65,65,65,65,65,65,65,65,65,65,65,65,65,65,65,65,65,65,65,65,65],"card_choices":[{"not_picked":["sagemod:How_To_Befriend_A_Turtle","sagemod:How_To_Warm_Elephants"],"picked":"sagemod:Bouncing_Strike","floor":4.0},{"not_picked":["sagemod:Ambition","sagemod:Let_It_Go"],"picked":"sagemod:Swoop_Down","floor":6.0},{"not_picked":["sagemod:Crank","sagemod:Momentum"],"picked":"sagemod:Flight_Feint","floor":8.0},{"not_picked":["ReplayTheSpireMod:Uncanny Aura+1","Thinking Ahead+1"],"picked":"expansioncontent:AwakenDeath+1","floor":8.0},{"not_picked":["sagemod:Deadly_Contraption","sagemod:Fire_Brew"],"picked":"sagemod:How_To_Greet_Byrds","floor":11.0},{"not_picked":["sagemod:About_Clark","sagemod:Armor_Brew"],"picked":"sagemod:Step_Back","floor":13.0},{"not_picked":["sagemod:Pincer_Repair","sagemod:Ambition"],"picked":"sagemod:Flight_Feint","floor":14.0},{"not_picked":["Metamorphosis+1","expansioncontent:Collect+1"],"picked":"Madness+1","floor":14.0},{"not_picked":["sagemod:Poem","sagemod:How_To_Charm_A_Sentry"],"picked":"sagemod:Energetic_Brew","floor":15.0},{"not_picked":["Master of Strategy+1","expansioncontent:Collect+1"],"picked":"expansioncontent:TimeRipple+1","floor":15.0},{"not_picked":["sagemod:Prey","sagemod:Anti_Ancient_Attack"],"picked":"sagemod:Meditation","floor":16.0},{"not_picked":["sagemod:Deadly_Contraption+1","sagemod:Cane_Strike","sagemod:Rickety_Defense+1"],"picked":"SKIP","floor":19.0},{"not_picked":["sagemod:How_To_Wake_Lyons","sagemod:Burning_Flask+1"],"picked":"sagemod:Salty_Strike","floor":21.0},{"not_picked":["sagemod:How_To_Poke_At_Slimes+1","sagemod:About_Clark"],"picked":"sagemod:Step_Back+1","floor":32.0}],"player_experience":270835,"relics_obtained":[{"floor":4.0,"key":"StuffTheSpire:HeavyRock"},{"floor":6.0,"key":"CCEMRelics:FestiveHat"},{"floor":6.0,"key":"LetterFromLob"},{"floor":8.0,"key":"CCEMRelics:CocoNut"},{"floor":9.0,"key":"Ring of Peace"},{"floor":9.0,"key":"Ring of Panic"},{"floor":13.0,"key":"Bag of Marbles"},{"floor":19.0,"key":"StuffTheSpire:EmeraldSignet"},{"floor":24.0,"key":"Replay:Wax Seal"},{"floor":31.0,"key":"Smiling Mask"}],"event_choices":[{"damage_healed":0.0,"max_hp_gain":0.0,"max_hp_loss":0.0,"gold_gain":0.0,"event_name":"Big Fish","player_choice":"Box","floor":12.0,"gold_loss":0.0,"damage_taken":0.0,"relics_obtained":["ReplayTheSpireMod:Ninjato"],"cards_obtained":["Regret"]},{"damage_healed":0.0,"max_hp_gain":0.0,"max_hp_loss":0.0,"gold_gain":0.0,"event_name":"Lab","player_choice":"Got Potions","floor":22.0,"gold_loss":0.0,"damage_taken":0.0},{"damage_healed":0.0,"max_hp_gain":0.0,"max_hp_loss":0.0,"gold_gain":0.0,"event_name":"Accursed Blacksmith","player_choice":"Rummage","floor":28.0,"gold_loss":0.0,"damage_taken":0.0,"relics_obtained":["WarpedTongs"],"cards_obtained":["Pain"]},{"damage_healed":0.0,"max_hp_gain":0.0,"max_hp_loss":0.0,"gold_gain":0.0,"event_name":"Wheel of Change","player_choice":"Damaged","floor":30.0,"gold_loss":0.0,"damage_taken":6.0},{"damage_healed":0.0,"max_hp_gain":0.0,"max_hp_loss":0.0,"gold_gain":0.0,"event_name":"Wheel of Change","player_choice":"Relic","floor":31.0,"gold_loss":0.0,"damage_taken":0.0}],"is_beta":false,"boss_relics":[{"not_picked":["halation:Yufonium","hubris:GrandSneckoEye","vexMod:EndlessSickness"]}],"items_purged_floors":[21],"is_endless":false,"potions_floor_spawned":[6,15,16,19],"killed_by":"downfall:Ironclad","ascension_level":0}}