{"host":"1dny1q6uquk6isnr","time":1608277240,"event":{"mods":["BaseMod","Curses Come First","Minty Spire (QoL Compilation)","Relic Stats","StSLib","The Dragon Tamer"],"gold_per_floor":[114,132,132,152,169,169,202,216,216,216,216,235,252,271,271,369,369,359,359,379,48,61,61,89,89,89,38,48,48,61,90,90,185,185,198,198,198,12,12,46,57,57,57,57,76,107,107,125,125,125,125,125,4,31,31],"floor_reached":56,"playtime":5269,"items_purged":["DTMod:Strike","DTMod:TargetDefense"],"score":1484,"play_id":"b2d32c34-f8c8-4d52-aaf4-3c4b2d644b61","local_time":"20201217234040","is_ascension_mode":true,"metric_token":403,"campfire_choices":[{"data":"DTMod:Training","floor":6.0,"key":"SMITH"},{"data":"DTMod:SwitchingTactic","floor":11.0,"key":"SMITH"},{"data":"DTMod:Threaten","floor":15.0,"key":"SMITH"},{"data":"DTMod:Safeguard","floor":23.0,"key":"SMITH"},{"data":"DTMod:BizarreTactic","floor":25.0,"key":"SMITH"},{"data":"DTMod:DoubleHit","floor":32.0,"key":"SMITH"},{"data":"DTMod:BreakAttack","floor":42.0,"key":"SMITH"},{"floor":44.0,"key":"RECALL"},{"data":"DTMod:Hide","floor":49,"key":"SMITH"},{"data":"DTMod:Cover","floor":52,"key":"SMITH"}],"dtmod_dragon_data":[58,58,1,0,12,0],"circlet_count":0,"master_deck":["DTMod:Strike","DTMod:Strike","DTMod:DoubleHit+1","DTMod:TargetDefense","DTMod:TargetDefense","DTMod:SwitchingTactic+1","DTMod:Feint","DTMod:Cover+1","DTMod:ShieldDrain","DTMod:Training+1","DTMod:MasterPlan","DTMod:QuickFly","DTMod:Hide+1","DTMod:Threaten+1","DTMod:BalancedStrike","DTMod:MagicField","DTMod:Safeguard+1","DTMod:LastStand","DTMod:GhostSkin+1","DTMod:MagicField","DTMod:BizarreTactic+1","RitualDagger","DTMod:Weaken+1","DTMod:Astonish+1","DTMod:ResonanceForm","DTMod:BreakAttack+1","Swift Strike","Deep Breath+1","DTMod:Training+1","DTMod:Threaten+1","DTMod:SwitchingTactic+1","DTMod:Training+1","DTMod:BizarreTactic+1","DTMod:BizarreTactic+1"],"relics":["DTMod:PactStone","Meat on the Bone","Pen Nib","FaceOfCleric","Runic Pyramid","MealTicket","Omamori","Toxic Egg 2","DTMod:TacticalNote","Bag of Preparation","DTMod:TheChair","Ancient Tea Set","Shuriken","Bronze Scales"],"acts_visited":["TheCity","TheBeyond","TheEnding"],"potions_floor_usage":[50,50,54,55,55],"damage_taken":[{"damage":0.0,"enemies":"Small Slimes","floor":1.0,"turns":3.0},{"damage":0.0,"enemies":"Cultist","floor":2.0,"turns":3.0},{"damage":0.0,"enemies":"Jaw Worm","floor":4.0,"turns":4.0},{"damage":0.0,"enemies":"Lots of Slimes","floor":5.0,"turns":4.0},{"damage":0.0,"enemies":"3 Sentries","floor":7.0,"turns":6.0},{"damage":5.0,"enemies":"Red Slaver","floor":8.0,"turns":3.0},{"damage":0.0,"enemies":"Large Slime","floor":12.0,"turns":4.0},{"damage":0.0,"enemies":"Exordium Thugs","floor":13.0,"turns":4.0},{"damage":0.0,"enemies":"Blue Slaver","floor":14.0,"turns":2.0},{"damage":6.0,"enemies":"The Guardian","floor":16.0,"turns":12.0},{"damage":0.0,"enemies":"2 Thieves","floor":18.0,"turns":4.0},{"damage":0.0,"enemies":"Chosen","floor":20.0,"turns":5.0},{"damage":10.0,"enemies":"3 Cultists","floor":22.0,"turns":7.0},{"damage":0.0,"enemies":"Slavers","floor":24.0,"turns":8.0},{"damage":0.0,"enemies":"Centurion and Healer","floor":28.0,"turns":10.0},{"damage":0.0,"enemies":"Chosen and Byrds","floor":30.0,"turns":8.0},{"damage":12.0,"enemies":"Gremlin Leader","floor":31.0,"turns":13.0},{"damage":9.0,"enemies":"Champ","floor":33.0,"turns":22.0},{"damage":0.0,"enemies":"Orb Walker","floor":35.0,"turns":5.0},{"damage":0.0,"enemies":"Giant Head","floor":40.0,"turns":11.0},{"damage":0.0,"enemies":"3 Shapes","floor":41.0,"turns":5.0},{"damage":0.0,"enemies":"Spire Growth","floor":45.0,"turns":5.0},{"damage":0,"enemies":"Nemesis","floor":46,"turns":5},{"damage":5,"enemies":"4 Shapes","floor":48,"turns":6},{"damage":0,"enemies":"Donu and Deca","floor":50,"turns":12},{"damage":0,"enemies":"Shield and Spear","floor":54,"turns":15},{"damage":18,"enemies":"The Heart","floor":55,"turns":10}],"seed_played":"1237214765405193121","potions_obtained":[{"floor":3.0,"key":"Explosive Potion"},{"floor":3.0,"key":"Ancient Potion"},{"floor":3.0,"key":"Block Potion"},{"floor":4.0,"key":"SteroidPotion"},{"floor":7.0,"key":"Fruit Juice"},{"floor":14.0,"key":"Ancient Potion"},{"floor":22.0,"key":"Fire Potion"},{"floor":24.0,"key":"Explosive Potion"},{"floor":33.0,"key":"EssenceOfSteel"},{"floor":41.0,"key":"BlessingOfTheForge"},{"floor":54,"key":"Energy Potion"}],"is_trial":false,"path_per_floor":["M","M","?","M","M","R","E","M","T","?","R","M","M","M","R","B",null,"M","?","M","$","M","R","E","R","T","?","M","?","M","E","R","B",null,"M","?","?","$","?","E","M","R","T","R","M","E","?","M","R","B",null,"R","$","E","B",null],"character_chosen":"THE_DT","items_purchased":["FearPotion","SkillPotion","MealTicket","Deep Breath+1","LiquidMemories","DTMod:BizarreTactic+1"],"campfire_rested":0,"item_purchase_floors":[21,21,21,38,53,53],"current_hp_per_floor":[45,45,45,45,45,45,45,40,40,40,40,41,42,43,43,38,49,50,50,51,56,47,47,48,48,48,48,49,43,44,33,33,37,62,63,63,63,63,60,61,62,62,62,62,63,64,64,60,60,61,66,66,66,67,50],"gold":31,"neow_bonus":"TRANSFORM_CARD","is_daily":false,"chose_seed":false,"campfire_upgraded":9,"win_rate":0.0,"timestamp":1608277240,"path_taken":["M","M","?","M","M","R","E","?","T","?","R","M","?","M","R","BOSS","M","?","M","$","M","R","E","R","T","?","?","?","M","E","R","BOSS","M","?","?","$","?","E","M","R","T","R","M","E","?","?","R","BOSS","R","$","E","BOSS"],"items_purchased_type":["Potion","Potion","Relic","Card","Potion","Card"],"build_version":"2020-12-13","purchased_purges":2,"victory":true,"max_hp_per_floor":[45,45,45,45,45,45,45,45,45,45,45,46,47,48,48,49,49,50,50,51,56,57,57,58,58,58,58,59,59,60,61,61,62,62,63,63,63,63,60,61,62,62,62,62,63,64,64,65,65,66,66,66,66,67,68],"relic_stats":{"FaceOfCleric":21,"counters":[27,196],"Shuriken":[8],"Bronze Scales":[78],"MealTicket":0,"Pen Nib":[30],"Bag of Preparation":[20],"obtain_stats":[{"Pen Nib":9,"Omamori":24,"Bag of Preparation":31,"DTMod:TheChair":34,"Ancient Tea Set":40,"DTMod:TacticalNote":27,"DTMod:PactStone":0,"FaceOfCleric":10,"Shuriken":46,"Bronze Scales":54,"MealTicket":21,"Toxic Egg 2":26,"Meat on the Bone":7,"Runic Pyramid":17},{"Pen Nib":6,"Omamori":14,"Bag of Preparation":17,"DTMod:TheChair":18,"Ancient Tea Set":20,"DTMod:TacticalNote":14,"DTMod:PactStone":0,"FaceOfCleric":6,"Shuriken":23,"Bronze Scales":26,"MealTicket":12,"Toxic Egg 2":14,"Meat on the Bone":5,"Runic Pyramid":10},{"Pen Nib":23,"Omamori":69,"Bag of Preparation":100,"DTMod:TheChair":122,"Ancient Tea Set":138,"DTMod:TacticalNote":69,"DTMod:PactStone":0,"FaceOfCleric":23,"Shuriken":153,"Bronze Scales":186,"MealTicket":54,"Toxic Egg 2":69,"Meat on the Bone":20,"Runic Pyramid":45}],"Meat on the Bone":12},"card_choices":[{"not_picked":["DTMod:Weaken","DTMod:BizarreTactic"],"picked":"DTMod:Cover","floor":1.0},{"not_picked":["DTMod:Feint","DTMod:Astonish"],"picked":"DTMod:ShieldDrain","floor":2.0},{"not_picked":["DTMod:FlameSlash","DTMod:HeatWave"],"picked":"DTMod:Training","floor":4.0},{"not_picked":["DTMod:DarkBreath","DTMod:Training"],"picked":"DTMod:MasterPlan","floor":5.0},{"not_picked":["DTMod:Hide","DTMod:BurningForce"],"picked":"DTMod:QuickFly","floor":7.0},{"not_picked":["DTMod:DragonDance","DTMod:InvisibleFlame"],"picked":"DTMod:Hide","floor":8.0},{"not_picked":["DTMod:InvisibleFlame","DTMod:BizarreTactic"],"picked":"DTMod:Threaten","floor":12.0},{"not_picked":["DTMod:RecklessFlurry","DTMod:LowKick"],"picked":"DTMod:BalancedStrike","floor":13.0},{"not_picked":["DTMod:Astonish","DTMod:Weaken"],"picked":"DTMod:MagicField","floor":14.0},{"not_picked":["DTMod:ShadowImage","DTMod:GearUp"],"picked":"DTMod:Safeguard","floor":16.0},{"not_picked":["DTMod:Adaptation+1","DTMod:BlazingStrike"],"picked":"DTMod:LastStand","floor":18.0},{"not_picked":["DTMod:Weaken","DTMod:BlazingStrike+1"],"picked":"DTMod:GhostSkin+1","floor":20.0},{"not_picked":["DTMod:FlameSlash","DTMod:SealedStrike"],"picked":"DTMod:MagicField","floor":22.0},{"not_picked":["DTMod:Feint","DTMod:MagicField+1"],"picked":"DTMod:BizarreTactic","floor":24.0},{"not_picked":["DTMod:Cover+1","DTMod:BlueScale+1","DTMod:Punisher+1"],"picked":"SKIP","floor":28.0},{"not_picked":["DTMod:Punisher","DTMod:BlazingStrike"],"picked":"DTMod:Weaken+1","floor":30.0},{"not_picked":["DTMod:CrossStep","DTMod:Observe+1"],"picked":"DTMod:Astonish+1","floor":31.0},{"not_picked":["DTMod:TriAttack","DTMod:OpeningTactic"],"picked":"DTMod:ResonanceForm","floor":33.0},{"not_picked":["DTMod:DarkBreath","DTMod:QuickFly"],"picked":"DTMod:BreakAttack","floor":35.0},{"not_picked":["Good Instincts+1","Flash of Steel"],"picked":"Swift Strike","floor":37.0},{"not_picked":["DTMod:BurningForce","DTMod:Adaptation+1","DTMod:Weaken+1"],"picked":"SKIP","floor":40.0},{"not_picked":["DTMod:BreakAttack","DTMod:Cover+1"],"picked":"DTMod:Training+1","floor":41.0},{"not_picked":["DTMod:BizarreTactic+1","DTMod:Weaken+1"],"picked":"DTMod:Threaten+1","floor":45},{"not_picked":["DTMod:CrossStep+1","DTMod:SneakAttack","DTMod:Punisher+1"],"picked":"SKIP","floor":46},{"not_picked":["DTMod:HeatWave","DTMod:Adaptation+1"],"picked":"DTMod:Training+1","floor":48},{"not_picked":["DTMod:Astonish","DTMod:Cover+1"],"picked":"DTMod:BizarreTactic+1","floor":54}],"player_experience":341994,"relics_obtained":[{"floor":7.0,"key":"Meat on the Bone"},{"floor":9.0,"key":"Pen Nib"},{"floor":24.0,"key":"Omamori"},{"floor":26.0,"key":"Toxic Egg 2"},{"floor":31.0,"key":"Bag of Preparation"},{"floor":40.0,"key":"Ancient Tea Set"},{"floor":46,"key":"Shuriken"},{"floor":54,"key":"Bronze Scales"}],"event_choices":[{"damage_healed":0.0,"max_hp_gain":0.0,"max_hp_loss":0.0,"gold_gain":0.0,"event_name":"Lab","player_choice":"Got Potions","floor":3.0,"gold_loss":0.0,"damage_taken":0.0},{"damage_healed":0.0,"max_hp_gain":0.0,"max_hp_loss":0.0,"gold_gain":0.0,"event_name":"FaceTrader","player_choice":"Trade","floor":10.0,"gold_loss":0.0,"damage_taken":0.0,"relics_obtained":["FaceOfCleric"]},{"damage_healed":0.0,"max_hp_gain":0.0,"max_hp_loss":0.0,"gold_gain":0.0,"event_name":"Ghosts","player_choice":"Ignored","floor":19.0,"gold_loss":0.0,"damage_taken":0.0},{"damage_healed":0.0,"max_hp_gain":0.0,"max_hp_loss":0.0,"gold_gain":0.0,"event_name":"WeMeetAgain","player_choice":"Paid Gold","floor":27.0,"gold_loss":51.0,"damage_taken":0.0,"relics_obtained":["DTMod:TacticalNote"]},{"damage_healed":0.0,"max_hp_gain":0.0,"max_hp_loss":0.0,"gold_gain":0.0,"event_name":"Nest","player_choice":"Joined the Cult","floor":29.0,"gold_loss":0.0,"damage_taken":6.0,"cards_obtained":["RitualDagger"]},{"cards_removed":["DTMod:Strike"],"damage_healed":0.0,"max_hp_gain":0.0,"max_hp_loss":0.0,"gold_gain":0.0,"event_name":"Falling","player_choice":"Removed Attack","floor":36.0,"gold_loss":0.0,"damage_taken":0.0},{"damage_healed":0.0,"max_hp_gain":0.0,"max_hp_loss":0.0,"gold_gain":0.0,"event_name":"SensoryStone","player_choice":"Memory 1","floor":37.0,"gold_loss":0.0,"damage_taken":0.0},{"damage_healed":0.0,"max_hp_gain":0.0,"max_hp_loss":3.0,"gold_gain":0.0,"event_name":"Winding Halls","player_choice":"Max HP","floor":39.0,"gold_loss":0.0,"damage_taken":0.0},{"damage_healed":0,"gold_gain":0,"player_choice":"1 cards matched","damage_taken":0,"max_hp_gain":0,"max_hp_loss":0,"event_name":"Match and Keep!","floor":47,"gold_loss":0,"cards_obtained":["DTMod:SwitchingTactic"]}],"is_beta":false,"boss_relics":[{"not_picked":["Empty Cage","Busted Crown"],"picked":"Runic Pyramid"},{"not_picked":["Black Star","Fusion Hammer"],"picked":"DTMod:TheChair"}],"items_purged_floors":[21,38],"is_endless":false,"potions_floor_spawned":[4,5,7,14,22,24,33,41,45,48,54],"ascension_level":2}}