{"host":"x5anfo2w8aotfuta","time":1608331721,"event":{"mods":["AchievementEnabler","BaseMod","Bestiary","Block Reminder","Colored Map","Colored Powertips","DeckTracker","Highlight Path","Minty Spire (QoL Compilation)","Quick Restart","Rare Cards Sparkle","Relic Stats","StSLib"],"gold_per_floor":[112,128,142,158,173,208,208,234,234,234,249,424,459,32,32,129,129,142,160,260,13,25,25,60,60,60,60,70,70,95,112,112,207,207,221,239,256,273,290,325,344,193,270,270,285,285,24,0,0,0,0,0,0,25,25],"floor_reached":56,"playtime":6169,"items_purged":["Doubt","Defend_G","Strike_G"],"score":1759,"play_id":"15e4d7e4-186d-493c-8bc9-eaca2b1e6358","local_time":"20201218144841","is_ascension_mode":true,"campfire_choices":[{"data":"Predator","floor":7.0,"key":"SMITH"},{"floor":10.0,"key":"REST"},{"data":"Noxious Fumes","floor":15.0,"key":"SMITH"},{"data":"Wraith Form v2","floor":23.0,"key":"SMITH"},{"data":"After Image","floor":25.0,"key":"SMITH"},{"data":"Cloak And Dagger","floor":27.0,"key":"SMITH"},{"data":"Leg Sweep","floor":29.0,"key":"SMITH"},{"data":"Bouncing Flask","floor":32.0,"key":"SMITH"},{"data":"A Thousand Cuts","floor":44,"key":"SMITH"},{"floor":46,"key":"RECALL"},{"data":"PiercingWail","floor":49,"key":"SMITH"},{"data":"Deflect","floor":52,"key":"SMITH"}],"circlet_count":0,"master_deck":["Strike_G","Strike_G","Strike_G","Strike_G","Defend_G","Defend_G","Defend_G","Defend_G","Survivor","Neutralize+1","Flying Knee","Predator+1","Noxious Fumes+1","Leg Sweep+1","Poisoned Stab","Wraith Form v2+1","Deflect+1","After Image+1","Cloak And Dagger+1","Concentrate+1","Bouncing Flask+1","Skewer","Deadly Poison+1","Blade Dance+1","Heel Hook","A Thousand Cuts+1","Poisoned Stab+1","Backflip+1","Terror+1","Dodge and Roll+1","Catalyst+1","Shame","PiercingWail+1","Panacea","Malaise"],"relics":["Ring of the Snake","Regal Pillow","Happy Flower","Centennial Puzzle","PreservedInsect","Mercury Hourglass","Cursed Key","Membership Card","Bottled Lightning","Bag of Preparation","WristBlade","Lizard Tail","Tough Bandages","Lee\u0027s Waffle","Snake Skull","Red Mask","Bag of Marbles"],"acts_visited":["Exordium","TheCity","TheBeyond","TheEnding"],"potions_floor_usage":[39,41,54,55,55],"damage_taken":[{"damage":0.0,"enemies":"Cultist","floor":1.0,"turns":4.0},{"damage":0.0,"enemies":"2 Louse","floor":2.0,"turns":4.0},{"damage":0.0,"enemies":"Small Slimes","floor":3.0,"turns":2.0},{"damage":0.0,"enemies":"2 Fungi Beasts","floor":4.0,"turns":4.0},{"damage":0.0,"enemies":"Red Slaver","floor":5.0,"turns":6.0},{"damage":17.0,"enemies":"Lagavulin","floor":6.0,"turns":5.0},{"damage":25.0,"enemies":"3 Sentries","floor":8.0,"turns":7.0},{"damage":3.0,"enemies":"Large Slime","floor":11.0,"turns":5.0},{"damage":6.0,"enemies":"Lagavulin","floor":13.0,"turns":8.0},{"damage":17.0,"enemies":"Hexaghost","floor":16.0,"turns":10.0},{"damage":6.0,"enemies":"Spheric Guardian","floor":18.0,"turns":4.0},{"damage":0.0,"enemies":"Chosen","floor":19.0,"turns":4.0},{"damage":5.0,"enemies":"Snake Plant","floor":22.0,"turns":4.0},{"damage":14.0,"enemies":"Slavers","floor":24.0,"turns":4.0},{"damage":0.0,"enemies":"Chosen and Byrds","floor":28.0,"turns":6.0},{"damage":0.0,"enemies":"Gremlin Leader","floor":30.0,"turns":5.0},{"damage":0.0,"enemies":"3 Cultists","floor":31.0,"turns":5.0},{"damage":39.0,"enemies":"Collector","floor":33.0,"turns":8.0},{"damage":2,"enemies":"3 Darklings","floor":35,"turns":4},{"damage":0,"enemies":"3 Shapes","floor":36,"turns":3},{"damage":0,"enemies":"3 Darklings","floor":37,"turns":5},{"damage":0,"enemies":"Maw","floor":38,"turns":6},{"damage":8,"enemies":"Sphere and 2 Shapes","floor":39,"turns":4},{"damage":15,"enemies":"Nemesis","floor":40,"turns":5},{"damage":0,"enemies":"4 Shapes","floor":41,"turns":2},{"damage":0,"enemies":"Maw","floor":45,"turns":5},{"damage":23,"enemies":"Donu and Deca","floor":50,"turns":6},{"damage":26,"enemies":"Shield and Spear","floor":54,"turns":4},{"damage":38,"enemies":"The Heart","floor":55,"turns":8}],"seed_played":"8578935668999214632","potions_obtained":[{"floor":2.0,"key":"CunningPotion"},{"floor":3.0,"key":"GamblersBrew"},{"floor":5.0,"key":"DistilledChaos"},{"floor":6.0,"key":"BlessingOfTheForge"},{"floor":8.0,"key":"DuplicationPotion"},{"floor":22.0,"key":"PowerPotion"},{"floor":24.0,"key":"SkillPotion"},{"floor":28.0,"key":"SteroidPotion"},{"floor":36,"key":"Weak Potion"},{"floor":38,"key":"EssenceOfSteel"},{"floor":40,"key":"ColorlessPotion"},{"floor":45,"key":"CultistPotion"}],"is_trial":false,"path_per_floor":["M","M","M","M","M","E","R","E","T","R","M","?","E","$","R","B",null,"M","M","?","$","M","R","E","R","T","R","M","R","E","M","R","B",null,"M","M","M","M","M","E","M","$","T","R","M","R","$","?","R","B",null,"R","$","E","B",null],"character_chosen":"THE_SILENT","items_purchased":["Mercury Hourglass","Fruit Juice","Membership Card","Bouncing Flask","Skewer","Tough Bandages","Lee\u0027s Waffle","Snake Skull","Panacea"],"campfire_rested":1,"item_purchase_floors":[14,14,21,21,21,42,47,47,47],"current_hp_per_floor":[70,70,70,70,70,53,53,28,28,64,61,61,55,55,55,38,70,64,64,64,64,59,59,45,45,45,45,45,45,45,45,45,6,70,68,68,68,68,60,45,45,45,45,45,45,45,77,77,77,54,77,77,77,51,18],"gold":25,"neow_bonus":"UPGRADE_CARD","is_daily":false,"chose_seed":false,"campfire_upgraded":10,"win_rate":0.0,"timestamp":1608331721,"path_taken":["M","M","?","M","M","E","R","E","T","R","M","?","E","$","R","BOSS","M","M","?","?","M","R","E","R","T","R","M","R","E","M","R","BOSS","M","M","M","?","M","E","M","?","T","R","M","R","$","?","R","BOSS","R","$","E","BOSS"],"items_purchased_type":["Relic","Potion","Relic","Card","Card","Relic","Relic","Relic","Card"],"build_version":"2020-12-13","purchased_purges":3,"victory":true,"max_hp_per_floor":[70,70,70,70,70,70,70,70,70,70,70,70,70,70,70,70,70,70,70,70,70,70,70,70,70,70,70,70,70,70,70,70,70,70,70,70,70,70,70,70,70,70,70,70,70,70,77,77,77,77,77,77,77,77,82],"relic_stats":{"Regal Pillow":15,"Lee\u0027s Waffle":32,"Happy Flower":[38],"counters":[29,146],"PreservedInsect":202,"Snake Skull":[37],"Bag of Preparation":[26],"Cursed Key":1,"Mercury Hourglass":[436],"Centennial Puzzle":[38],"Lizard Tail":0,"Tough Bandages":[36],"obtain_stats":[{"Regal Pillow":6,"Lee\u0027s Waffle":47,"Happy Flower":8,"PreservedInsect":13,"Snake Skull":47,"Bag of Preparation":30,"Cursed Key":17,"Mercury Hourglass":14,"Centennial Puzzle":9,"Lizard Tail":40,"Tough Bandages":42,"WristBlade":34,"Red Mask":48,"Bag of Marbles":54,"Membership Card":21,"Bottled Lightning":24,"Ring of the Snake":0},{"Regal Pillow":6,"Lee\u0027s Waffle":26,"Happy Flower":7,"PreservedInsect":9,"Snake Skull":26,"Bag of Preparation":16,"Cursed Key":10,"Mercury Hourglass":9,"Centennial Puzzle":7,"Lizard Tail":24,"Tough Bandages":25,"WristBlade":18,"Red Mask":26,"Bag of Marbles":28,"Membership Card":12,"Bottled Lightning":14,"Ring of the Snake":0},{"Regal Pillow":25,"Lee\u0027s Waffle":128,"Happy Flower":32,"PreservedInsect":45,"Snake Skull":128,"Bag of Preparation":82,"Cursed Key":55,"Mercury Hourglass":45,"Centennial Puzzle":32,"Lizard Tail":121,"Tough Bandages":123,"WristBlade":94,"Red Mask":128,"Bag of Marbles":138,"Membership Card":63,"Bottled Lightning":71,"Ring of the Snake":0}],"Ring of the Snake":[58]},"card_choices":[{"not_picked":["Underhanded Strike","Backflip"],"picked":"Flying Knee","floor":1.0},{"not_picked":["Setup","Outmaneuver"],"picked":"Predator","floor":2.0},{"not_picked":["Footwork","Distraction"],"picked":"Noxious Fumes","floor":3.0},{"not_picked":["Cloak And Dagger","Masterful Stab"],"picked":"Leg Sweep","floor":4.0},{"not_picked":["Choke","Reflex"],"picked":"Poisoned Stab","floor":5.0},{"not_picked":["Blade Dance","Tactician","Deflect"],"picked":"SKIP","floor":6.0},{"not_picked":["Slice","Tactician"],"picked":"Wraith Form v2","floor":8.0},{"not_picked":["Poisoned Stab","Flechettes","Flying Knee"],"picked":"SKIP","floor":11.0},{"not_picked":["Escape Plan","Expertise"],"picked":"Deflect","floor":13.0},{"not_picked":["Envenom","Doppelganger"],"picked":"After Image","floor":16.0},{"not_picked":["Flying Knee","Poisoned Stab"],"picked":"Cloak And Dagger","floor":18.0},{"not_picked":["Outmaneuver","Calculated Gamble"],"picked":"Concentrate+1","floor":19.0},{"not_picked":["Predator","Outmaneuver","Poisoned Stab"],"picked":"SKIP","floor":22.0},{"not_picked":["Endless Agony","Doppelganger"],"picked":"Deadly Poison+1","floor":24.0},{"not_picked":["Reflex","Backstab","Leg Sweep"],"picked":"SKIP","floor":28.0},{"not_picked":["Infinite Blades+1","Tactician"],"picked":"Blade Dance+1","floor":30.0},{"not_picked":["Caltrops","Bouncing Flask"],"picked":"Heel Hook","floor":31.0},{"not_picked":["Phantasmal Killer","Envenom"],"picked":"A Thousand Cuts","floor":33.0},{"not_picked":["Bouncing Flask+1","Predator"],"picked":"Poisoned Stab+1","floor":35},{"not_picked":["Cloak And Dagger+1","Calculated Gamble"],"picked":"Backflip+1","floor":36},{"not_picked":["Finisher+1","Predator"],"picked":"Terror+1","floor":37},{"not_picked":["Setup","Dash","Eviscerate"],"picked":"SKIP","floor":38},{"not_picked":["Calculated Gamble","All Out Attack+1","Dagger Spray"],"picked":"SKIP","floor":39},{"not_picked":["Calculated Gamble","All Out Attack+1","Dagger Spray"],"picked":"SKIP","floor":39},{"not_picked":["Night Terror","Escape Plan"],"picked":"Dodge and Roll+1","floor":40},{"not_picked":["Bane","Dagger Spray+1"],"picked":"Catalyst+1","floor":41},{"not_picked":["Riddle With Holes","Heel Hook"],"picked":"PiercingWail","floor":45},{"not_picked":["Quick Slash","Acrobatics"],"picked":"Malaise","floor":54}],"player_experience":327627,"relics_obtained":[{"floor":6.0,"key":"Regal Pillow"},{"floor":8.0,"key":"Happy Flower"},{"floor":9.0,"key":"Centennial Puzzle"},{"floor":13.0,"key":"PreservedInsect"},{"floor":24.0,"key":"Bottled Lightning"},{"floor":30.0,"key":"Bag of Preparation"},{"floor":40,"key":"Lizard Tail"},{"floor":54,"key":"Bag of Marbles"}],"event_choices":[{"damage_healed":0.0,"max_hp_gain":0.0,"max_hp_loss":0.0,"gold_gain":175.0,"event_name":"Liars Game","player_choice":"AGREE","floor":12.0,"gold_loss":0.0,"damage_taken":0.0,"cards_obtained":["Doubt"]},{"damage_healed":0.0,"max_hp_gain":0.0,"max_hp_loss":0.0,"gold_gain":100.0,"event_name":"Golden Shrine","player_choice":"Pray","floor":20.0,"gold_loss":0.0,"damage_taken":0.0},{"damage_healed":0,"gold_gain":0,"player_choice":"Paid","damage_taken":0,"relics_obtained":["Red Mask"],"max_hp_gain":0,"max_hp_loss":0,"event_name":"Tomb of Lord Red Mask","floor":48,"gold_loss":24}],"is_beta":false,"boss_relics":[{"not_picked":["HoveringKite","Fusion Hammer"],"picked":"Cursed Key"},{"not_picked":["Velvet Choker","Coffee Dripper"],"picked":"WristBlade"}],"items_purged_floors":[14,21,47],"is_endless":false,"potions_floor_spawned":[2,3,5,6,8,22,24,28,36,38,40,45],"ascension_level":4}}