{"host":"12piqfhmdln9x2la","time":1608320766,"event":{"mods":["2.2 Compatiblity","AchievementEnabler","BaseMod","BetterRewards","Colored Powertips","Minty Spire (QoL Compilation)","Quick Restart","SuperFastMode"],"gold_per_floor":[115,115,115,115,134,169,185,203,203,231,250,267,284,301,301,397,397,417,428,456,55,68,103,103,103,103,120,130,147,166,199,199,199,199],"floor_reached":33,"playtime":1027,"items_purged":["Defend_G"],"score":305,"play_id":"b28bdbab-4cd4-4a51-9dc2-41fa23cc7ade","local_time":"20201219044606","is_ascension_mode":false,"campfire_choices":[{"data":"Burst","floor":15,"key":"SMITH"},{"data":"PiercingWail","floor":24,"key":"SMITH"},{"data":"Noxious Fumes","floor":32,"key":"SMITH"}],"circlet_count":0,"master_deck":["Strike_G","Strike_G","Strike_G","Strike_G","Defend_G","Defend_G","Defend_G","Defend_G","Survivor","Neutralize","Deadly Poison+1","Noxious Fumes","PiercingWail+1","Noxious Fumes+1","Poisoned Stab","Catalyst","Escape Plan","Burst+1","Escape Plan","Die Die Die","Prepared","Footwork+1","Bane","PiercingWail","Poisoned Stab","Outmaneuver","PiercingWail+1"],"relics":["Black Star","Ginger","Bronze Scales","White Beast Statue","Meat on the Bone","Potion Belt","FossilizedHelix","Sozu","Red Mask","Bottled Lightning","Singing Bowl","Bottled Tornado","Du-Vu Doll","Lantern","Blood Vial"],"acts_visited":["Exordium","TheCity"],"potions_floor_usage":[10,16,16,16,16],"damage_taken":[{"damage":2,"enemies":"2 Louse","floor":1,"turns":3},{"damage":3,"enemies":"Jaw Worm","floor":5,"turns":4},{"damage":5,"enemies":"Lagavulin","floor":6,"turns":7},{"damage":0,"enemies":"Cultist","floor":7,"turns":4},{"damage":21,"enemies":"Gremlin Gang","floor":8,"turns":4},{"damage":19,"enemies":"Gremlin Nob","floor":10,"turns":4},{"damage":7,"enemies":"3 Louse","floor":11,"turns":3},{"damage":5,"enemies":"2 Fungi Beasts","floor":12,"turns":4},{"damage":0,"enemies":"Large Slime","floor":13,"turns":4},{"damage":0,"enemies":"Red Slaver","floor":14,"turns":4},{"damage":3,"enemies":"The Guardian","floor":16,"turns":7},{"damage":13,"enemies":"3 Byrds","floor":18,"turns":2},{"damage":16,"enemies":"2 Thieves","floor":19,"turns":4},{"damage":16,"enemies":"Masked Bandits","floor":20,"turns":5},{"damage":0,"enemies":"Chosen and Byrds","floor":22,"turns":4},{"damage":21,"enemies":"Book of Stabbing","floor":23,"turns":5},{"damage":18,"enemies":"3 Cultists","floor":27,"turns":6},{"damage":6,"enemies":"Centurion and Healer","floor":28,"turns":5},{"damage":8,"enemies":"Snecko","floor":29,"turns":6},{"damage":5,"enemies":"Chosen and Byrds","floor":30,"turns":6},{"damage":8,"enemies":"Gremlin Leader","floor":31,"turns":5},{"damage":51,"enemies":"Automaton","floor":33,"turns":6}],"seed_played":"-1537914233043503201","potions_obtained":[{"floor":7,"key":"Ancient Potion"},{"floor":8,"key":"Fire Potion"},{"floor":10,"key":"Block Potion"},{"floor":11,"key":"Ancient Potion"},{"floor":12,"key":"Dexterity Potion"},{"floor":13,"key":"BlessingOfTheForge"},{"floor":14,"key":"Weak Potion"},{"floor":16,"key":"BlessingOfTheForge"}],"is_trial":false,"path_per_floor":["M","?","?","T","M","E","M","M","T","E","M","M","M","M","R","B",null,"M","M","?","$","M","E","R","?","T","M","M","M","M","E","R","B"],"character_chosen":"THE_SILENT","items_purchased":["PiercingWail","Bottled Lightning","Poisoned Stab"],"campfire_rested":0,"item_purchase_floors":[21,21,21],"current_hp_per_floor":[68,68,61,61,58,53,53,32,32,25,30,37,37,37,37,46,70,57,41,37,37,37,30,30,21,21,17,25,31,38,44,44,0,0],"gold":199,"neow_bonus":"BOSS_RELIC","is_daily":false,"chose_seed":false,"campfire_upgraded":3,"win_rate":0.0,"timestamp":1608320766,"path_taken":["M","?","?","?","M","E","?","M","T","E","M","?","M","M","R","BOSS","M","M","?","$","M","E","R","?","T","M","M","M","M","E","R","BOSS"],"items_purchased_type":["Card","Relic","Card"],"build_version":"2020-12-13","purchased_purges":1,"victory":false,"max_hp_per_floor":[70,70,70,70,70,70,70,70,70,70,70,70,70,70,70,70,70,70,70,70,70,70,72,72,72,72,74,76,78,78,80,80,80,80],"card_choices":[{"not_picked":["Dagger Spray","Cloak And Dagger"],"picked":"Deadly Poison","floor":1},{"not_picked":["Dagger Throw","Blade Dance"],"picked":"Noxious Fumes","floor":5},{"not_picked":["Acrobatics","Quick Slash"],"picked":"PiercingWail","floor":6},{"not_picked":["Quick Slash","Terror"],"picked":"Noxious Fumes","floor":7},{"not_picked":["Bane","Storm of Steel"],"picked":"Poisoned Stab","floor":8},{"not_picked":["Outmaneuver","Acrobatics"],"picked":"Catalyst","floor":10},{"not_picked":["Predator","Dagger Throw"],"picked":"Escape Plan","floor":11},{"not_picked":["Footwork","Endless Agony"],"picked":"Burst","floor":12},{"not_picked":["Dagger Spray","Expertise"],"picked":"Escape Plan","floor":13},{"not_picked":["Dodge and Roll","Dagger Spray","Cloak And Dagger"],"picked":"SKIP","floor":14},{"not_picked":["A Thousand Cuts","Bullet Time"],"picked":"Die Die Die","floor":16},{"not_picked":["Deflect","Deadly Poison+1"],"picked":"Prepared","floor":18},{"not_picked":["Acrobatics","Outmaneuver"],"picked":"Footwork+1","floor":19},{"not_picked":["Skewer","PiercingWail"],"picked":"Bane","floor":20},{"not_picked":["Escape Plan","Choke"],"picked":"Outmaneuver","floor":22},{"not_picked":["Night Terror","Poisoned Stab","Expertise"],"picked":"Singing Bowl","floor":23},{"not_picked":["Leg Sweep","Eviscerate","Blade Dance"],"picked":"Singing Bowl","floor":27},{"not_picked":["Choke+1","Slice+1","Dash"],"picked":"Singing Bowl","floor":28},{"not_picked":["Riddle With Holes+1","Heel Hook","Quick Slash+1"],"picked":"Singing Bowl","floor":29},{"not_picked":["Choke","A Thousand Cuts"],"picked":"PiercingWail+1","floor":30},{"not_picked":["Quick Slash","Riddle With Holes","Outmaneuver"],"picked":"Singing Bowl","floor":31}],"player_experience":97987,"relics_obtained":[{"floor":4,"key":"Ginger"},{"floor":6,"key":"Bronze Scales"},{"floor":6,"key":"White Beast Statue"},{"floor":9,"key":"Meat on the Bone"},{"floor":10,"key":"Potion Belt"},{"floor":10,"key":"FossilizedHelix"},{"floor":20,"key":"Red Mask"},{"floor":23,"key":"Singing Bowl"},{"floor":23,"key":"Bottled Tornado"},{"floor":26,"key":"Du-Vu Doll"},{"floor":31,"key":"Lantern"},{"floor":31,"key":"Blood Vial"}],"event_choices":[{"damage_healed":0,"gold_gain":0,"player_choice":"Grow","damage_taken":0,"max_hp_gain":0,"max_hp_loss":0,"event_name":"Living Wall","floor":2,"gold_loss":0,"cards_upgraded":["Deadly Poison"]},{"cards_removed":["Strike_G"],"damage_healed":0,"gold_gain":0,"player_choice":"Card Removal","damage_taken":7,"max_hp_gain":0,"max_hp_loss":0,"event_name":"Golden Wing","floor":3,"gold_loss":0},{"damage_healed":0,"gold_gain":0,"player_choice":"Fought Bandits","damage_taken":0,"max_hp_gain":0,"max_hp_loss":0,"event_name":"Masked Bandits","floor":20,"gold_loss":0},{"damage_healed":0,"gold_gain":0,"player_choice":"Stopped","damage_taken":9,"max_hp_gain":0,"max_hp_loss":0,"event_name":"Cursed Tome","floor":25,"gold_loss":0}],"is_beta":false,"boss_relics":[{"not_picked":["Runic Pyramid","Philosopher\u0027s Stone"],"picked":"Sozu"}],"items_purged_floors":[21],"is_endless":false,"potions_floor_spawned":[7,8,10,11,12,13,14,16,18,19,20,22,23,27,28,29,30,31],"killed_by":"Automaton","ascension_level":0}}