{"host":"2461dio7vetlq1z3","time":1608310926,"event":{"mods":["2.2 Compatiblity","AchievementEnabler","BaseMod","Better Third Choice","Hermit","Minty Spire (QoL Compilation)","Relic Stats","Spicy Shops","StSLib","The Animator","Waifu the Spire"],"gold_per_floor":[210,210,82,92,62,62,79,79,79,106,106,134,134,147,147,222,222,240,251,263,263,1,1,1],"floor_reached":23,"playtime":870,"items_purged":["Strike_B","Zap"],"score":414,"play_id":"95ef0cdb-f4ec-453e-bf1c-49aa5bd2a9c7","local_time":"20201218180206","is_ascension_mode":true,"campfire_choices":[{"data":"Dualcast","floor":6,"key":"SMITH"},{"data":"Reprogram","floor":8,"key":"SMITH"},{"data":"Hyperbeam","floor":11,"key":"SMITH"},{"data":"Self Repair","floor":13,"key":"SMITH"},{"data":"Hologram","floor":15,"key":"SMITH"}],"circlet_count":0,"master_deck":["AscendersBane","Strike_B","Strike_B","Strike_B","Defend_B","Defend_B","Defend_B","Defend_B","Dualcast+1","Compile Driver","Vault+1","Self Repair+1","Reprogram+1","Hyperbeam+1","Hologram+1","Reboot","Reprogram","Beam Cell+1","Self Repair"],"relics":["Cracked Core","Smiling Mask","Matryoshka","Centennial Puzzle","PreservedInsect","Sozu","Membership Card"],"acts_visited":["Exordium","TheCity"],"potions_floor_usage":[12,16,23],"damage_taken":[{"damage":1,"enemies":"2 Louse","floor":1,"turns":3},{"damage":0,"enemies":"Cultist","floor":4,"turns":4},{"damage":2,"enemies":"Jaw Worm","floor":7,"turns":4},{"damage":43,"enemies":"Lagavulin","floor":10,"turns":10},{"damage":0,"enemies":"3 Sentries","floor":12,"turns":4},{"damage":8,"enemies":"Blue Slaver","floor":14,"turns":2},{"damage":18,"enemies":"Hexaghost","floor":16,"turns":11},{"damage":29,"enemies":"Shell Parasite","floor":18,"turns":6},{"damage":28,"enemies":"3 Byrds","floor":19,"turns":7},{"damage":10,"enemies":"Cultist and Chosen","floor":20,"turns":7},{"damage":19,"enemies":"Gremlin Leader","floor":23,"turns":2}],"seed_played":"-46498780636766925","potions_obtained":[{"floor":5,"key":"Block Potion"},{"floor":5,"key":"CultistPotion"},{"floor":12,"key":"LiquidBronze"},{"floor":16,"key":"SteroidPotion"}],"is_trial":false,"path_per_floor":["M","?","$","M","?","R","M","R","T","E","R","E","R","M","R","B",null,"M","M","M","?","$","E"],"character_chosen":"DEFECT","items_purchased":["Self Repair","Membership Card","Self Repair"],"campfire_rested":0,"item_purchase_floors":[3,22,22],"current_hp_per_floor":[63,55,55,62,62,62,67,67,67,31,31,38,38,40,40,32,61,42,14,14,14,14,0,0],"gold":1,"neow_bonus":"HUNDRED_GOLD","is_daily":false,"chose_seed":false,"campfire_upgraded":5,"win_rate":0.0,"timestamp":1608310926,"path_taken":["M","?","$","M","?","R","?","R","T","E","R","E","R","M","R","BOSS","M","M","?","?","$","E"],"items_purchased_type":["Card","Relic","Card"],"build_version":"2020-12-13","purchased_purges":2,"victory":false,"max_hp_per_floor":[71,71,71,71,71,71,71,71,71,71,71,71,71,71,71,71,71,71,71,71,71,71,71,71],"relic_stats":{"Sozu":0,"Centennial Puzzle":[18],"counters":[11,60],"PreservedInsect":48,"Smiling Mask":25,"obtain_stats":[{"Sozu":17,"Centennial Puzzle":10,"Matryoshka":9,"PreservedInsect":12,"Membership Card":22,"Cracked Core":0,"Smiling Mask":2},{"Sozu":7,"Centennial Puzzle":4,"Matryoshka":3,"PreservedInsect":5,"Membership Card":10,"Cracked Core":0,"Smiling Mask":1},{"Sozu":38,"Centennial Puzzle":21,"Matryoshka":11,"PreservedInsect":25,"Membership Card":58,"Cracked Core":0,"Smiling Mask":3}]},"card_choices":[{"not_picked":["Chill","Beam Cell"],"picked":"Compile Driver","floor":1},{"not_picked":["Double Energy","Stack","Scrape"],"picked":"SKIP","floor":4},{"not_picked":["Core Surge","Go for the Eyes"],"picked":"Reprogram","floor":7},{"not_picked":["Rainbow","Turbo"],"picked":"Hyperbeam","floor":10},{"not_picked":["Stack","Glacier","Loop"],"picked":"SKIP","floor":12},{"not_picked":["Barrage","Stack"],"picked":"Hologram","floor":14},{"not_picked":["Rainbow","Creative AI"],"picked":"Reboot","floor":16},{"not_picked":["Blizzard","Reinforced Body"],"picked":"Reprogram","floor":18},{"not_picked":["Chill","Conserve Battery"],"picked":"Beam Cell+1","floor":19},{"not_picked":["Chill","Sunder","Coolheaded"],"picked":"SKIP","floor":20}],"player_experience":808081,"relics_obtained":[{"floor":9,"key":"Matryoshka"},{"floor":10,"key":"Centennial Puzzle"},{"floor":12,"key":"PreservedInsect"}],"event_choices":[{"damage_healed":0,"gold_gain":0,"player_choice":"Bought 2 Potions","damage_taken":0,"max_hp_gain":0,"max_hp_loss":0,"event_name":"The Woman in Blue","floor":5,"gold_loss":0},{"damage_healed":0,"gold_gain":0,"player_choice":"Ignored","damage_taken":0,"max_hp_gain":0,"max_hp_loss":0,"event_name":"The Mausoleum","floor":21,"gold_loss":0}],"is_beta":false,"boss_relics":[{"not_picked":["Empty Cage","Fusion Hammer"],"picked":"Sozu"}],"items_purged_floors":[3,22],"is_endless":false,"potions_floor_spawned":[10,12,14,16,20],"killed_by":"Gremlin Leader","ascension_level":17}}