{"host":"ci7ivtocgfxh0ueo","time":1608276667,"event":{"mods":["BaseMod","GifTheSpireLib","Minty Spire (QoL Compilation)","StSLib"],"gold_per_floor":[117,37,37,47,47,64,96,109,109,122,139,170,170,182,182,258,258,278,278,297,297,47,79,79,94,94,111,111,111],"floor_reached":28,"playtime":882,"items_purged":["Pain"],"score":512,"play_id":"af7648dd-fc01-4159-9ecf-d2d53b38d047","local_time":"20201218153107","is_ascension_mode":true,"campfire_choices":[{"floor":15,"key":"REST"},{"floor":24,"key":"REST"}],"circlet_count":0,"master_deck":["AscendersBane","Strike_G","Strike_G","Strike_G","Strike_G","Defend_G","Defend_G","Defend_G","Defend_G","Defend_G","Survivor","Neutralize","Dash","Choke","Endless Agony","Sucker Punch","PiercingWail","Dagger Spray","Flying Knee","Terror","Die Die Die","Crippling Poison+1","Footwork","Poisoned Stab","Distraction"],"relics":["Ring of the Snake","Ancient Tea Set","Lantern","Nunchaku","Mummified Hand","Busted Crown","WarpedTongs","Gremlin Horn","Bronze Scales"],"acts_visited":["Exordium","TheCity"],"potions_floor_usage":[7,7,11,16,16,23,23,25,27],"damage_taken":[{"damage":4,"enemies":"Small Slimes","floor":1,"turns":6},{"damage":0,"enemies":"Cultist","floor":4,"turns":4},{"damage":0,"enemies":"2 Louse","floor":6,"turns":3},{"damage":0,"enemies":"3 Sentries","floor":7,"turns":10},{"damage":0,"enemies":"Red Slaver","floor":8,"turns":1},{"damage":22,"enemies":"Exordium Thugs","floor":10,"turns":6},{"damage":0,"enemies":"Lots of Slimes","floor":11,"turns":3},{"damage":28,"enemies":"Gremlin Nob","floor":12,"turns":4},{"damage":1,"enemies":"Looter","floor":14,"turns":3},{"damage":18,"enemies":"Slime Boss","floor":16,"turns":12},{"damage":12,"enemies":"Shell Parasite","floor":18,"turns":5},{"damage":16,"enemies":"Spheric Guardian","floor":20,"turns":4},{"damage":21,"enemies":"Slavers","floor":23,"turns":6},{"damage":0,"enemies":"Centurion and Healer","floor":25,"turns":6},{"damage":10,"enemies":"Snecko","floor":27,"turns":4},{"damage":15,"enemies":"Book of Stabbing","floor":28,"turns":3}],"seed_played":"-6928960069119847960","potions_obtained":[{"floor":1,"key":"BlessingOfTheForge"},{"floor":10,"key":"SteroidPotion"},{"floor":11,"key":"BlessingOfTheForge"},{"floor":12,"key":"Block Potion"},{"floor":20,"key":"DuplicationPotion"},{"floor":23,"key":"ColorlessPotion"},{"floor":25,"key":"ColorlessPotion"}],"is_trial":false,"path_per_floor":["M","$","?","M","$","M","E","M","T","M","M","E","?","M","R","B",null,"M","?","M","?","$","E","R","M","T","M","E"],"character_chosen":"THE_SILENT","items_purchased":["DistilledChaos","Footwork","Ancient Potion","PowerPotion"],"campfire_rested":2,"item_purchase_floors":[2,22,22,22],"current_hp_per_floor":[55,55,55,55,55,55,55,55,55,33,33,5,5,4,23,5,51,39,39,23,23,23,2,21,21,21,11,0,0],"gold":111,"neow_bonus":"RANDOM_COMMON_RELIC","is_daily":false,"chose_seed":false,"campfire_upgraded":0,"win_rate":0.0,"timestamp":1608276667,"path_taken":["M","$","?","M","$","?","E","M","T","M","?","E","?","?","R","BOSS","M","?","?","?","$","E","R","?","T","M","E"],"items_purchased_type":["Potion","Card","Potion","Potion"],"build_version":"2020-12-13","purchased_purges":1,"victory":false,"max_hp_per_floor":[66,66,66,66,66,66,66,66,66,66,66,66,66,66,66,66,66,66,66,66,66,66,66,66,66,66,66,66,66],"card_choices":[{"not_picked":["Slice","Deadly Poison"],"picked":"Dash","floor":1},{"not_picked":["Eviscerate","Quick Slash"],"picked":"Choke","floor":4},{"not_picked":["Well Laid Plans","Phantasmal Killer"],"picked":"Endless Agony","floor":6},{"not_picked":["Blade Dance","Quick Slash"],"picked":"Sucker Punch","floor":7},{"not_picked":["Well Laid Plans","Dodge and Roll"],"picked":"PiercingWail","floor":8},{"not_picked":["Acrobatics","Prepared"],"picked":"Dagger Spray","floor":10},{"not_picked":["Sucker Punch","Grand Finale"],"picked":"Flying Knee","floor":11},{"not_picked":["Riddle With Holes","Underhanded Strike"],"picked":"Terror","floor":12},{"not_picked":["Dodge and Roll","Cloak And Dagger","Flying Knee"],"picked":"SKIP","floor":14},{"not_picked":["Malaise","Storm of Steel"],"picked":"Die Die Die","floor":16},{"not_picked":[],"picked":"Crippling Poison+1","floor":18},{"not_picked":["Setup"],"picked":"SKIP","floor":20},{"not_picked":[],"picked":"Poisoned Stab","floor":23},{"not_picked":["Poisoned Stab"],"picked":"SKIP","floor":25},{"not_picked":[],"picked":"Distraction","floor":27}],"player_experience":1269124,"relics_obtained":[{"floor":7,"key":"Lantern"},{"floor":9,"key":"Nunchaku"},{"floor":12,"key":"Mummified Hand"},{"floor":23,"key":"Gremlin Horn"},{"floor":26,"key":"Bronze Scales"}],"event_choices":[{"cards_removed":["Strike_G"],"damage_healed":0,"gold_gain":0,"player_choice":"Offered Basic","damage_taken":0,"max_hp_gain":0,"max_hp_loss":0,"event_name":"Bonfire Elementals","floor":3,"gold_loss":0},{"damage_healed":0,"gold_gain":0,"player_choice":"Got Potions","damage_taken":0,"max_hp_gain":0,"max_hp_loss":0,"event_name":"Lab","floor":13,"gold_loss":0},{"damage_healed":0,"gold_gain":0,"player_choice":"Rummage","damage_taken":0,"relics_obtained":["WarpedTongs"],"max_hp_gain":0,"max_hp_loss":0,"event_name":"Accursed Blacksmith","floor":19,"gold_loss":0,"cards_obtained":["Pain"]},{"damage_healed":0,"gold_gain":0,"player_choice":"Ignored","damage_taken":0,"max_hp_gain":0,"max_hp_loss":0,"event_name":"N\u0027loth","floor":21,"gold_loss":0}],"is_beta":false,"boss_relics":[{"not_picked":["Ectoplasm","SlaversCollar"],"picked":"Busted Crown"}],"items_purged_floors":[22],"is_endless":false,"potions_floor_spawned":[1,6,10,11,12,20,23,25],"killed_by":"Book of Stabbing","ascension_level":17}}