{"host":"vumwfieg2b2mnrfl","time":1608324516,"event":{"mods":["AchievementEnabler","BaseMod","Minty Spire (QoL Compilation)","Rare Cards Sparkle","Relic Stats"],"gold_per_floor":[409,24,39,51,70,97,109,109,109,119,153,165,165,185,185,289,289,307,307,323,323,323,348,348,378,401,416,433,433,461,168,168,265,265,283,283,283,295,314,314,346,346,372,406,149,173,133,145,145,145],"floor_reached":51,"playtime":2561,"items_purged":["Strike_G","Injury"],"score":1278,"play_id":"b5b5de7a-16a5-49b4-bac5-bead28255bc9","local_time":"20201218144836","is_ascension_mode":true,"campfire_choices":[{"floor":8.0,"key":"REST"},{"floor":15.0,"key":"REST"},{"floor":24.0,"key":"REST"},{"floor":29,"key":"REST"},{"floor":32,"key":"REST"},{"floor":40,"key":"REST"},{"floor":42,"key":"REST"},{"floor":49,"key":"REST"}],"circlet_count":0,"master_deck":["AscendersBane","Survivor","Catalyst+1","Bouncing Flask","Calculated Gamble","Dagger Spray","Noxious Fumes","Quick Slash","All Out Attack","Dash","Noxious Fumes","Well Laid Plans","Unload","Acrobatics+1","Backflip+1","Backflip+1","PiercingWail+1","Poisoned Stab","Venomology+1","Master of Strategy+1","Cloak And Dagger+1","Malaise+1","Terror+1","Dodge and Roll+1","Unload","Burst+1","Bouncing Flask+1","Reflex+1","After Image","Corpse Explosion+1","PiercingWail+1","Sucker Punch+1","Malaise+1"],"relics":["Ring of the Snake","Old Coin","Mummified Hand","Strange Spoon","Blood Vial","Sundial","Toxic Egg 2","WarpedTongs","Fusion Hammer","Tiny Chest","Regal Pillow","Centennial Puzzle","Pandora\u0027s Box","Paper Crane","Potion Belt","Juzu Bracelet","Strawberry","PreservedInsect"],"acts_visited":["Exordium","TheCity","TheBeyond"],"potions_floor_usage":[30,33,33,35,38,39,41,44,48,50,50,50],"damage_taken":[{"damage":8.0,"enemies":"Jaw Worm","floor":1.0,"turns":6.0},{"damage":8.0,"enemies":"Cultist","floor":3.0,"turns":5.0},{"damage":1.0,"enemies":"Small Slimes","floor":4.0,"turns":4.0},{"damage":8.0,"enemies":"Red Slaver","floor":5.0,"turns":6.0},{"damage":17.0,"enemies":"Lagavulin","floor":6.0,"turns":6.0},{"damage":13.0,"enemies":"Looter","floor":7.0,"turns":4.0},{"damage":13.0,"enemies":"Lots of Slimes","floor":10.0,"turns":4.0},{"damage":19.0,"enemies":"Gremlin Nob","floor":11.0,"turns":4.0},{"damage":0.0,"enemies":"2 Fungi Beasts","floor":12.0,"turns":2.0},{"damage":15.0,"enemies":"Gremlin Gang","floor":14.0,"turns":4.0},{"damage":16.0,"enemies":"Slime Boss","floor":16.0,"turns":5.0},{"damage":22.0,"enemies":"Chosen","floor":18.0,"turns":5.0},{"damage":2.0,"enemies":"3 Byrds","floor":20.0,"turns":5.0},{"damage":13.0,"enemies":"Gremlin Leader","floor":23.0,"turns":9.0},{"damage":20.0,"enemies":"Book of Stabbing","floor":25.0,"turns":6.0},{"damage":7.0,"enemies":"Centurion and Healer","floor":27.0,"turns":7.0},{"damage":7,"enemies":"Cultist and Chosen","floor":28,"turns":3},{"damage":33,"enemies":"Gremlin Leader","floor":30,"turns":9},{"damage":39,"enemies":"Champ","floor":33,"turns":12},{"damage":3,"enemies":"3 Shapes","floor":35,"turns":4},{"damage":2,"enemies":"Orb Walker","floor":38,"turns":4},{"damage":10,"enemies":"Spire Growth","floor":39,"turns":3},{"damage":29,"enemies":"Giant Head","floor":41,"turns":6},{"damage":12,"enemies":"Reptomancer","floor":44,"turns":6},{"damage":6,"enemies":"Sphere and 2 Shapes","floor":48,"turns":6},{"damage":9,"enemies":"Time Eater","floor":50,"turns":9}],"seed_played":"-6916475281546405943","potions_obtained":[{"floor":1.0,"key":"Block Potion"},{"floor":3.0,"key":"Regen Potion"},{"floor":7.0,"key":"Swift Potion"},{"floor":10.0,"key":"AttackPotion"},{"floor":14.0,"key":"Dexterity Potion"},{"floor":20.0,"key":"LiquidMemories"},{"floor":23.0,"key":"Dexterity Potion"},{"floor":28,"key":"Energy Potion"},{"floor":30,"key":"Regen Potion"},{"floor":33,"key":"Explosive Potion"},{"floor":44,"key":"BlessingOfTheForge"}],"is_trial":false,"path_per_floor":["M","$","M","M","M","E","M","R","T","M","E","M","?","M","R","B",null,"M","?","M","?","?","E","R","E","T","M","M","R","E","$","R","B",null,"M","?","?","M","M","R","E","R","T","E","$","T","?","M","R","B",null],"character_chosen":"THE_SILENT","items_purchased":["Mummified Hand","Strange Spoon","Master of Strategy+1","Cloak And Dagger+1","Strawberry"],"campfire_rested":8,"item_purchase_floors":[2,2,31,31,45],"current_hp_per_floor":[55,55,47,46,38,36,25,46,46,35,18,20,20,7,28,14,56,36,36,36,36,36,25,46,28,28,23,18,54,23,23,59,37,62,61,61,70,68,60,70,41,70,70,58,65,65,65,61,77,68],"gold":145,"neow_bonus":"ONE_RARE_RELIC","is_daily":false,"chose_seed":false,"campfire_upgraded":0,"win_rate":0.0,"timestamp":1608324516,"path_taken":["M","$","M","M","M","E","M","R","T","M","E","M","?","M","R","BOSS","M","?","M","?","?","E","R","E","T","M","M","R","E","$","R","BOSS","M","?","?","M","?","R","E","R","T","E","$","?","?","M","R","BOSS"],"items_purchased_type":["Relic","Relic","Card","Card","Relic"],"build_version":"2020-12-13","purchased_purges":2,"victory":true,"max_hp_per_floor":[70,70,70,70,70,70,70,70,70,70,70,70,70,70,70,70,70,70,70,70,70,70,70,70,70,70,70,70,70,70,70,70,70,70,70,70,70,70,70,70,70,70,70,70,77,77,77,77,77,77],"relic_stats":{"Regal Pillow":38,"counters":[26,144],"PreservedInsect":0,"Juzu Bracelet":0,"WarpedTongs":[102],"Blood Vial":34,"Strange Spoon":[41],"Centennial Puzzle":[24],"Mummified Hand":[49],"Sundial":[12],"Tiny Chest":1,"Pandora\u0027s Box":["Terror","Dodge and Roll","Unload","Burst","Eviscerate","Bouncing Flask","Reflex","After Image","Corpse Explosion"],"obtain_stats":[{"Potion Belt":43,"Regal Pillow":26,"PreservedInsect":46,"Juzu Bracelet":44,"Paper Crane":41,"Old Coin":0,"WarpedTongs":13,"Blood Vial":6,"Strange Spoon":2,"Centennial Puzzle":30,"Mummified Hand":2,"Sundial":9,"Strawberry":45,"Tiny Chest":25,"Pandora\u0027s Box":34,"Fusion Hammer":17,"Toxic Egg 2":11,"Ring of the Snake":0},{"Potion Belt":23,"Regal Pillow":15,"PreservedInsect":24,"Juzu Bracelet":24,"Paper Crane":23,"Old Coin":0,"WarpedTongs":9,"Blood Vial":5,"Strange Spoon":1,"Centennial Puzzle":18,"Mummified Hand":1,"Sundial":6,"Strawberry":24,"Tiny Chest":15,"Pandora\u0027s Box":19,"Fusion Hammer":11,"Toxic Egg 2":8,"Ring of the Snake":0},{"Potion Belt":123,"Regal Pillow":75,"PreservedInsect":129,"Juzu Bracelet":129,"Paper Crane":123,"Old Coin":0,"WarpedTongs":41,"Blood Vial":27,"Strange Spoon":6,"Centennial Puzzle":94,"Mummified Hand":6,"Sundial":31,"Strawberry":129,"Tiny Chest":75,"Pandora\u0027s Box":106,"Fusion Hammer":50,"Toxic Egg 2":39,"Ring of the Snake":0}],"Ring of the Snake":[52]},"card_choices":[{"not_picked":["Cloak And Dagger","Tactician"],"picked":"Catalyst","floor":1.0},{"not_picked":["Outmaneuver","Predator"],"picked":"Bouncing Flask","floor":3.0},{"not_picked":["Eviscerate","Cloak And Dagger"],"picked":"Calculated Gamble","floor":4.0},{"not_picked":["Setup","Prepared"],"picked":"Dagger Spray","floor":5.0},{"not_picked":["Flying Knee","Escape Plan"],"picked":"Noxious Fumes","floor":6.0},{"not_picked":["Flechettes","Deflect"],"picked":"Quick Slash","floor":7.0},{"not_picked":["Deflect","Backstab"],"picked":"All Out Attack","floor":10.0},{"not_picked":["Bane","Glass Knife"],"picked":"Dash","floor":11.0},{"not_picked":["Heel Hook","Poisoned Stab"],"picked":"Noxious Fumes","floor":12.0},{"not_picked":["Predator","Bane"],"picked":"Well Laid Plans","floor":14.0},{"not_picked":["Doppelganger+1","Die Die Die"],"picked":"Unload","floor":16.0},{"not_picked":["Backflip+1","Well Laid Plans+1"],"picked":"Acrobatics+1","floor":18.0},{"not_picked":["Sucker Punch","Dagger Spray"],"picked":"Backflip+1","floor":20.0},{"not_picked":["Backstab","Blade Dance+1"],"picked":"Backflip+1","floor":23.0},{"not_picked":["Cloak And Dagger+1","Bane"],"picked":"PiercingWail+1","floor":25.0},{"not_picked":["Acrobatics+1","Quick Slash"],"picked":"Poisoned Stab","floor":27.0},{"not_picked":["Blade Dance+1","Dagger Spray"],"picked":"Venomology+1","floor":28},{"not_picked":["Masterful Stab","Sucker Punch","Underhanded Strike"],"picked":"SKIP","floor":30},{"not_picked":["Adrenaline+1","Unload"],"picked":"Malaise+1","floor":33},{"not_picked":["Dodge and Roll+1","Quick Slash"],"picked":"PiercingWail+1","floor":35},{"not_picked":["PiercingWail+1","Dagger Throw","Infinite Blades+1"],"picked":"SKIP","floor":38},{"not_picked":["Bane","Poisoned Stab","Slice"],"picked":"SKIP","floor":39},{"not_picked":["Cloak And Dagger+1","Blade Dance+1"],"picked":"Sucker Punch+1","floor":41},{"not_picked":["Prepared+1","Deadly Poison+1"],"picked":"Malaise+1","floor":44},{"not_picked":["Cloak And Dagger+1","Slice","Bane"],"picked":"SKIP","floor":48}],"player_experience":239710,"relics_obtained":[{"floor":6.0,"key":"Blood Vial"},{"floor":9.0,"key":"Sundial"},{"floor":11.0,"key":"Toxic Egg 2"},{"floor":25.0,"key":"Tiny Chest"},{"floor":26.0,"key":"Regal Pillow"},{"floor":30,"key":"Centennial Puzzle"},{"floor":41,"key":"Paper Crane"},{"floor":43,"key":"Potion Belt"},{"floor":44,"key":"Juzu Bracelet"},{"floor":46,"key":"PreservedInsect"}],"event_choices":[{"damage_healed":0.0,"max_hp_gain":0.0,"max_hp_loss":0.0,"gold_gain":0.0,"event_name":"Accursed Blacksmith","player_choice":"Rummage","floor":13.0,"gold_loss":0.0,"damage_taken":0.0,"relics_obtained":["WarpedTongs"],"cards_obtained":["Pain"]},{"cards_removed":["Pain"],"damage_healed":0.0,"max_hp_gain":0.0,"max_hp_loss":0.0,"gold_gain":0.0,"event_name":"Back to Basics","player_choice":"Elegance","floor":19.0,"gold_loss":0.0,"damage_taken":0.0},{"damage_healed":0.0,"max_hp_gain":0.0,"max_hp_loss":0.0,"gold_gain":0.0,"event_name":"Cursed Tome","player_choice":"Ignored","floor":21.0,"gold_loss":0.0,"damage_taken":0.0},{"damage_healed":0.0,"max_hp_gain":0.0,"max_hp_loss":0.0,"gold_gain":0.0,"event_name":"FaceTrader","player_choice":"Leave","floor":22.0,"gold_loss":0.0,"damage_taken":0.0},{"cards_removed":["Neutralize"],"damage_healed":0,"gold_gain":0,"player_choice":"Removed Attack","damage_taken":0,"max_hp_gain":0,"max_hp_loss":0,"event_name":"Falling","floor":36,"gold_loss":0},{"cards_removed":["Eviscerate"],"damage_healed":9,"gold_gain":0,"player_choice":"Offered Uncommon","damage_taken":0,"max_hp_gain":0,"max_hp_loss":0,"event_name":"Bonfire Elementals","floor":37,"gold_loss":0},{"damage_healed":0,"gold_gain":0,"player_choice":"Upgrade","damage_taken":0,"max_hp_gain":0,"max_hp_loss":0,"event_name":"Designer","floor":47,"gold_loss":40,"cards_upgraded":["Catalyst"]}],"is_beta":false,"boss_relics":[{"not_picked":["Cursed Key","Tiny House"],"picked":"Fusion Hammer"},{"not_picked":["Coffee Dripper","Velvet Choker"],"picked":"Pandora\u0027s Box"}],"items_purged_floors":[31,45],"is_endless":false,"potions_floor_spawned":[1,3,7,10,14,20,23,28,30,33,38,39,44],"ascension_level":12}}