{"host":"ljavmhyz2e552xgo","time":1608323479,"event":{"mods":["BaseMod","Better Third Choice","Friendly Minions","GungeonMod","Minty Spire (QoL Compilation)","Permanent Neow","Spicy Shops","StSLib"],"gold_per_floor":[118,137,150,160,45,45,80,80,80,100,100,113,125,125,125,230,280,292,30,47,67,90,90,90,90],"floor_reached":24,"playtime":1735,"items_purged":["DemoMod:Strike_Huntress"],"score":252,"play_id":"d64f18ee-3543-48b3-9b07-c6731e798dfd","local_time":"20201218143119","is_ascension_mode":false,"campfire_choices":[{"data":"DemoMod:BlankBullets","floor":6,"key":"SMITH"},{"data":"DemoMod:PotionOfGunFriendShip","floor":8,"key":"SMITH"},{"data":"DemoMod:ManualReload","floor":11,"key":"SMITH"},{"floor":15,"key":"REST"},{"floor":23,"key":"REST"}],"circlet_count":0,"master_deck":["DemoMod:Strike_Huntress","DemoMod:Strike_Huntress","DemoMod:Defend_Huntress","DemoMod:Defend_Huntress+1","DemoMod:Defend_Huntress","DemoMod:Defend_Huntress+1","DemoMod:Roll","DemoMod:ManualReload+1","DemoMod:RustySidearm","DemoMod:CrossBow","DemoMod:BlankBullets+1","DemoMod:JK47","DemoMod:StickyCrossBow","DemoMod:PotionOfGunFriendShip+1","DemoMod:GunstockTap+1","DemoMod:GunShield","DemoMod:Camera","DemoMod:ZorGun","DemoMod:HungryBullets","DemoMod:BulletBore","DemoMod:TableSutra","DemoMod:SkilledReload","DemoMod:CombinedRifle","DemoMod:Slinger"],"relics":["DemoMod:Dog","DemoMod:GnawedKey","DemoMod:ClearGuonStone","Toy Ornithopter","Pen Nib","Tiny House","War Paint"],"acts_visited":["Exordium","TheCity"],"potions_floor_usage":[16,16,16,21,22,24,24],"damage_taken":[{"damage":1.0,"enemies":"Cultist","floor":1.0,"turns":3.0},{"damage":1.0,"enemies":"Jaw Worm","floor":2.0,"turns":5.0},{"damage":0.0,"enemies":"2 Louse","floor":3.0,"turns":3.0},{"damage":5.0,"enemies":"Red Slaver","floor":4.0,"turns":4.0},{"damage":18,"enemies":"Lagavulin","floor":7,"turns":5},{"damage":0,"enemies":"Large Slime","floor":10,"turns":4},{"damage":6,"enemies":"3 Louse","floor":12,"turns":4},{"damage":0,"enemies":"Looter","floor":13,"turns":3},{"damage":0,"enemies":"Slime Boss","floor":16,"turns":6},{"damage":28,"enemies":"3 Byrds","floor":18,"turns":6},{"damage":0,"enemies":"Shell Parasite","floor":20,"turns":9},{"damage":24,"enemies":"Centurion and Healer","floor":21,"turns":7},{"damage":13,"enemies":"Snake Plant","floor":22,"turns":6},{"damage":57,"enemies":"Book of Stabbing","floor":24,"turns":5}],"seed_played":"-385910922001976823","potions_obtained":[{"floor":7,"key":"PowerPotion"},{"floor":10,"key":"CultistPotion"},{"floor":12,"key":"Swift Potion"},{"floor":17,"key":"BlessingOfTheForge"},{"floor":18,"key":"Ancient Potion"},{"floor":21,"key":"Swift Potion"},{"floor":22,"key":"GamblersBrew"}],"is_trial":false,"path_per_floor":["M","M","M","M","$","R","E","R","T","M","R","M","M","?","R","B",null,"M","$","M","M","M","R","E"],"character_chosen":"HUNTRESS","items_purchased":["DemoMod:GnawedKey","War Paint","DemoMod:SkilledReload"],"campfire_rested":2,"item_purchase_floors":[5,19,19],"current_hp_per_floor":[69,68,68,63,63,63,45,45,45,45,45,39,39,14,35,50,75,47,47,47,28,20,42,0,0],"gold":90,"neow_bonus":"ONE_RANDOM_RARE_CARD","is_daily":false,"chose_seed":false,"campfire_upgraded":3,"win_rate":0.0,"timestamp":1608323479,"path_taken":["M","M","M","M","?","R","E","R","T","M","R","M","M","?","R","BOSS","M","$","M","M","M","R","E"],"items_purchased_type":["Relic","Relic","Card"],"build_version":"2020-12-13","purchased_purges":1,"victory":false,"max_hp_per_floor":[70,70,70,70,70,70,70,70,70,70,70,70,70,70,70,70,75,75,75,75,75,75,75,75,75],"card_choices":[{"not_picked":["DemoMod:ConditionalReflex","DemoMod:EasyReloadBullets"],"picked":"DemoMod:JK47","floor":1.0},{"not_picked":["DemoMod:ProbeStrike","DemoMod:HuntsMan"],"picked":"DemoMod:StickyCrossBow","floor":2.0},{"not_picked":["DemoMod:RadGun","DemoMod:DoubleSwitch"],"picked":"DemoMod:PotionOfGunFriendShip","floor":3.0},{"not_picked":["DemoMod:MegaHand","DemoMod:JK47"],"picked":"DemoMod:GunstockTap","floor":4.0},{"not_picked":["DemoMod:JK47","DemoMod:LifeOrb"],"picked":"DemoMod:GunShield","floor":7},{"not_picked":["DemoMod:HuntsMan","DemoMod:FeignSurrender"],"picked":"DemoMod:Camera","floor":10},{"not_picked":["DemoMod:DoubleSwitch","DemoMod:HuntsMan"],"picked":"DemoMod:ZorGun","floor":12},{"not_picked":["DemoMod:DirectionalPad","DemoMod:TeaPot"],"picked":"DemoMod:HungryBullets","floor":13},{"not_picked":["DemoMod:SuppressiveFire","DemoMod:ThirdPartyController"],"picked":"DemoMod:BulletBore","floor":16},{"not_picked":["DemoMod:CombinedRifle","DemoMod:AWP"],"picked":"DemoMod:TableSutra","floor":18},{"not_picked":["DemoMod:DoubleSwitch+1","DemoMod:TableSutra"],"picked":"DemoMod:CombinedRifle","floor":20},{"not_picked":["DemoMod:FastSwitch","DemoMod:TeaPot"],"picked":"DemoMod:Slinger","floor":21},{"not_picked":["DemoMod:MachoBrace","DemoMod:ConditionalReflex","DemoMod:FastSwitch"],"picked":"SKIP","floor":22}],"player_experience":1362281,"relics_obtained":[{"floor":7,"key":"DemoMod:ClearGuonStone"},{"floor":9,"key":"Toy Ornithopter"}],"event_choices":[{"damage_healed":0,"gold_gain":0,"player_choice":"Relic ","damage_taken":25,"max_hp_gain":0,"max_hp_loss":0,"event_name":"betterThird:BetterScrap","floor":14,"gold_loss":0,"cards_obtained":["Genetic Algorithm"]}],"is_beta":false,"boss_relics":[{"not_picked":["Fusion Hammer","Black Star"],"picked":"Tiny House"}],"items_purged_floors":[19],"is_endless":false,"potions_floor_spawned":[7,10,12,13,18,21,22],"killed_by":"Book of Stabbing","ascension_level":0}}