{"host":"6p0attdrtjqaih7v","time":1608276763,"event":{"mods":["2.2 Compatiblity","AchievementEnabler","Bard","BaseMod","Better Skull","Better Third Choice","Colored Powertips","Hermit","Highlight Path","Jorbs\u0027s Wanderer Trilogy","Key Reminder","Minty Spire (QoL Compilation)","Permanent Neow","Quick Restart","Random Character Button","Relic Stats","Replay The Spire","StSLib","The Construct"],"gold_per_floor":[113,308,321,149,159,159,194,194,246,274,290,303,322,322,322,322,322],"floor_reached":16,"playtime":596,"items_purged":["Pain"],"score":213,"play_id":"6d9c0a3f-cff8-40e3-b0e1-51fb7e814d55","local_time":"20201218023243","is_ascension_mode":true,"campfire_choices":[{"data":"hermit:WideOpen","floor":6,"key":"SMITH"},{"floor":8,"key":"REST"},{"floor":15,"key":"REST"}],"circlet_count":0,"master_deck":["AscendersBane","hermit:Strike_Hermit","hermit:Strike_Hermit","hermit:Strike_Hermit","hermit:Strike_Hermit","hermit:Defend_Hermit","hermit:Defend_Hermit","hermit:Defend_Hermit","hermit:Snapshot","hermit:Covet","hermit:WideOpen+1","hermit:Snipe","hermit:LowProfile","hermit:PistolWhip","hermit:Headshot","hermit:Vantage","hermit:BlackWind"],"relics":["hermit:Momento","hermit:CharredGlove","Blood Vial","Oddly Smooth Stone","Dead Branch"],"acts_visited":["Exordium"],"potions_floor_usage":[7,7,16],"damage_taken":[{"damage":0,"enemies":"Jaw Worm","floor":1,"turns":3},{"damage":0,"enemies":"2 Louse","floor":3,"turns":2},{"damage":0,"enemies":"Cultist","floor":5,"turns":2},{"damage":28,"enemies":"Lagavulin","floor":7,"turns":5},{"damage":38,"enemies":"3 Sentries","floor":10,"turns":10},{"damage":0,"enemies":"Large Slime","floor":11,"turns":3},{"damage":1,"enemies":"3 Louse","floor":12,"turns":2},{"damage":0,"enemies":"Exordium Wildlife","floor":13,"turns":2},{"damage":42,"enemies":"Slime Boss","floor":16,"turns":5}],"seed_played":"9124856362407415273","potions_obtained":[{"floor":3,"key":"FearPotion"},{"floor":5,"key":"Swift Potion"},{"floor":13,"key":"SkillPotion"}],"is_trial":false,"path_per_floor":["M","?","M","$","M","R","E","R","T","E","M","M","M","?","R","B"],"character_chosen":"HERMIT","items_purchased":["hermit:PistolWhip","Energy Potion"],"campfire_rested":2,"item_purchase_floors":[4,4],"current_hp_per_floor":[46,46,46,46,46,46,18,39,39,3,5,6,8,8,29,0,0],"gold":322,"neow_bonus":"ONE_RARE_RELIC","is_daily":false,"chose_seed":false,"campfire_upgraded":1,"win_rate":0.0,"timestamp":1608276763,"path_taken":["M","?","M","$","M","R","E","R","T","E","M","M","?","?","R","BOSS"],"items_purchased_type":["Card","Potion"],"build_version":"2020-12-13","purchased_purges":1,"victory":false,"max_hp_per_floor":[71,71,71,71,71,71,71,71,71,71,71,71,71,71,71,71,71],"relic_stats":{"Blood Vial":10,"counters":[9,34],"Dead Branch":[9],"obtain_stats":[{"Blood Vial":7,"hermit:CharredGlove":0,"Dead Branch":10,"Oddly Smooth Stone":9,"hermit:Momento":0},{"Blood Vial":4,"hermit:CharredGlove":0,"Dead Branch":5,"Oddly Smooth Stone":4,"hermit:Momento":0},{"Blood Vial":12,"hermit:CharredGlove":0,"Dead Branch":22,"Oddly Smooth Stone":12,"hermit:Momento":0}]},"card_choices":[{"not_picked":["hermit:Coalescence","hermit:Glare"],"picked":"hermit:WideOpen","floor":1},{"not_picked":["hermit:SprayPray","hermit:Dive"],"picked":"hermit:Snipe","floor":2},{"not_picked":["hermit:Manifest","hermit:Ricochet"],"picked":"hermit:LowProfile","floor":3},{"not_picked":["hermit:Feint","hermit:GoldenBullet","hermit:Showdown"],"picked":"SKIP","floor":5},{"not_picked":["hermit:SprayPray","hermit:BodyArmor"],"picked":"hermit:Headshot","floor":7},{"not_picked":["hermit:WideOpen","hermit:Glare","hermit:Feint"],"picked":"SKIP","floor":10},{"not_picked":["hermit:Misfire","hermit:Desperado"],"picked":"hermit:Vantage","floor":11},{"not_picked":["hermit:Headshot","hermit:BodyArmor","hermit:Ricochet"],"picked":"SKIP","floor":12},{"not_picked":["hermit:Deadeye","hermit:Maintenance"],"picked":"hermit:BlackWind","floor":13}],"player_experience":871723,"relics_obtained":[{"floor":7,"key":"Blood Vial"},{"floor":9,"key":"Oddly Smooth Stone"},{"floor":10,"key":"Dead Branch"}],"event_choices":[],"is_beta":false,"boss_relics":[],"items_purged_floors":[4],"is_endless":false,"potions_floor_spawned":[3,5,13],"killed_by":"Slime Boss","ascension_level":18}}