{"host":"41zuqv3z4fqqx8y0","time":1608328369,"event":{"mods":["BaseMod","Duelist Mod","Minty Spire (QoL Compilation)","Replay The Spire","StSLib"],"gold_per_floor":[138,151,170,170,186,186,221,221,221,221,241,259,74,89,89,193,193,211,228,128,227,227,227,257,257,257,132,132,164,164,177,177,277,277,295,311,69,69,69,69,97,97,120,120,130,149,149,149],"floor_reached":47,"playtime":4517,"items_purged":["theDuelist:ClownZombie","theDuelist:ArmoredZombie","theDuelist:ArmoredZombie"],"score":648,"play_id":"5cbc1700-5638-4145-9901-dc1022c1d5b6","local_time":"20201218225249","is_ascension_mode":true,"campfire_choices":[{"data":"theDuelist:BrilliantFusion","floor":6.0,"key":"SMITH"},{"data":"theDuelist:FlameGhost","floor":8,"key":"SMITH"},{"data":"theDuelist:ShallowGrave","floor":10,"key":"SMITH"},{"floor":15,"key":"REST"},{"data":"theDuelist:MonsterReborn","floor":23,"key":"SMITH"},{"floor":28,"key":"REST"},{"floor":30,"key":"REST"},{"data":"theDuelist:TrapHole","floor":32,"key":"SMITH"},{"data":"theDuelist:OverpoweringEye","floor":40,"key":"SMITH"},{"floor":42,"key":"REST"},{"data":"theDuelist:BurningSkullHead","floor":44,"key":"SMITH"}],"circlet_count":0,"master_deck":["theDuelist:PatricianDarkness","theDuelist:ShallowGrave+1","theDuelist:TutanMask","Impatience","theDuelist:AshBlossom","theDuelist:BrilliantFusion+1","theDuelist:SoulAbsorbingBone","theDuelist:BookMoon","theDuelist:GhostrickWarwolf","theDuelist:TrapHole+1","theDuelist:MonsterReborn+1","theDuelist:RedMedicine+1","theDuelist:BurningSkullHead+1","theDuelist:OverpoweringEye+1","theDuelist:GhostrickScare","theDuelist:PsiCurse","theDuelist:GhostrickMummy+1","theDuelist:OneForOne+2"],"relics":["theDuelist:MillenniumPuzzle","theDuelist:CardPoolRelic","theDuelist:CardPoolBasicRelic","theDuelist:BoosterPackPoolRelic","theDuelist:CardPoolAddRelic","theDuelist:CardPoolMinusRelic","theDuelist:CardPoolSaveRelic","theDuelist:CardPoolOptionsRelic","theDuelist:ZoneToken","Onion Ring","Ring of Chaos","theDuelist:CursedHealer","Du-Vu Doll","theDuelist:ResummonerMight","theDuelist:SolderToken","Mark of Pain","Mirror","theDuelist:MillenniumNecklace","Peace Pipe","Omamori"],"acts_visited":["Exordium","TheCity","TheBeyond"],"potions_floor_usage":[24,33,45,47,47],"damage_taken":[{"damage":2.0,"enemies":"2 Louse","floor":1.0,"turns":2.0},{"damage":6.0,"enemies":"Cultist","floor":2.0,"turns":3.0},{"damage":6.0,"enemies":"Jaw Worm","floor":3.0,"turns":3.0},{"damage":0.0,"enemies":"Exordium Wildlife","floor":5.0,"turns":4.0},{"damage":17.0,"enemies":"Gremlin Nob","floor":7.0,"turns":4.0},{"damage":0,"enemies":"Looter","floor":11,"turns":1},{"damage":16,"enemies":"Blue Slaver","floor":12,"turns":5},{"damage":1,"enemies":"Large Slime","floor":14,"turns":4},{"damage":31,"enemies":"Hexaghost","floor":16,"turns":5},{"damage":0,"enemies":"2 Thieves","floor":18,"turns":2},{"damage":0,"enemies":"Chosen","floor":19,"turns":2},{"damage":66,"enemies":"Book of Stabbing","floor":24,"turns":5},{"damage":0,"enemies":"theDuelist:KaibaA2","floor":29,"turns":2},{"damage":7,"enemies":"Snecko","floor":31,"turns":3},{"damage":37,"enemies":"Automaton","floor":33,"turns":6},{"damage":31,"enemies":"3 Darklings","floor":35,"turns":3},{"damage":11,"enemies":"3 Shapes","floor":36,"turns":2},{"damage":44,"enemies":"Giant Head","floor":41,"turns":6},{"damage":11,"enemies":"Jaw Worm Horde","floor":45,"turns":2},{"damage":21,"enemies":"3 Darklings","floor":46,"turns":3},{"damage":15,"enemies":"Sphere and 2 Shapes","floor":47,"turns":2}],"seed_played":"3700155566684281447","potions_obtained":[{"floor":3.0,"key":"Toxic Potion"},{"floor":14,"key":"theDuelist:DebuffFuryPotion"},{"floor":16,"key":"theDuelist:SolderPotionB"},{"floor":24,"key":"theDuelist:SealedPack"},{"floor":31,"key":"theDuelist:FlamingBottle"},{"floor":41,"key":"SmokeBomb"},{"floor":45,"key":"theDuelist:SolderPotionB"},{"floor":45,"key":"theDuelist:MegaupgradePotion"}],"is_trial":false,"path_per_floor":["M","M","M","?","M","R","E","R","T","R","M","M","$","M","R","B",null,"M","M","$","?","?","R","E","?","T","$","R","E","R","M","R","B",null,"M","M","$","?","?","R","E","R","T","R","M","M","M"],"character_chosen":"THE_DUELIST","items_purchased":["theDuelist:BookMoon","theDuelist:GhostrickWarwolf","Mirror"],"campfire_rested":4,"item_purchase_floors":[13,13,37],"current_hp_per_floor":[78,72,66,71,71,71,54,54,54,54,54,38,38,37,61,30,68,68,68,68,68,80,80,14,14,14,14,38,38,62,55,55,18,65,34,23,23,23,70,70,26,47,47,47,36,15,0,0],"gold":149,"neow_bonus":"RANDOM_COLORLESS","is_daily":false,"chose_seed":false,"campfire_upgraded":7,"win_rate":0.0,"timestamp":1608328369,"path_taken":["M","M","M","?","M","R","E","R","T","R","M","?","$","M","R","BOSS","M","M","$","?","?","R","E","?","T","?","R","E","R","M","R","BOSS","M","M","$","?","?","R","E","R","T","R","M","M","M"],"items_purchased_type":["Card","Card","Relic"],"build_version":"2020-12-13","purchased_purges":3,"victory":false,"max_hp_per_floor":[80,80,80,80,80,80,80,80,80,80,80,80,80,80,80,80,80,80,80,80,80,80,80,80,80,80,80,80,80,80,80,80,80,80,80,80,80,80,70,70,70,70,70,70,70,70,70,70],"card_choices":[{"not_picked":["Trip","Deep Breath"],"picked":"Impatience","floor":0.0},{"not_picked":["theDuelist:VendreadCore","theDuelist:GhostrickMuseum","theDuelist:VampireLady","theDuelist:FusionTag"],"picked":"theDuelist:ZombieTiger","floor":1.0},{"not_picked":["theDuelist:OvertexQoatlus","theDuelist:MechMoleZombie","theDuelist:Kasha","theDuelist:GhostrickAlucard"],"picked":"theDuelist:AshBlossom","floor":2.0},{"not_picked":["theDuelist:ZombieWarrior","theDuelist:VendreadNights","theDuelist:Gashadokuro","theDuelist:RedEyesZombie"],"picked":"theDuelist:BrilliantFusion","floor":3.0},{"not_picked":["theDuelist:OvertexQoatlus","theDuelist:Yasha","theDuelist:GhostrickSpecter","theDuelist:DesLacooda"],"picked":"theDuelist:SoulAbsorbingBone","floor":5.0},{"not_picked":["theDuelist:FossilDragon","theDuelist:RebornZombie","theDuelist:ShiranuiSwordmaster","theDuelist:PMCaptor"],"picked":"theDuelist:FlameGhost","floor":7},{"not_picked":["theDuelist:FireReaper","theDuelist:VampireFraulein","theDuelist:DoubleCoston","theDuelist:VampireGrimson","theDuelist:SpiritReaper"],"picked":"SKIP","floor":11},{"not_picked":["theDuelist:Skelesaurus","theDuelist:OvertexQoatlus","theDuelist:Miscellaneousaurus","theDuelist:FossilSkullKing","theDuelist:Chewbone"],"picked":"SKIP","floor":12},{"not_picked":["theDuelist:ShiranuiSpectralsword","theDuelist:ShiranuiShogunsaga","theDuelist:SphereChaos","theDuelist:CalledByGrave"],"picked":"theDuelist:TrapHole","floor":14},{"not_picked":["theDuelist:VendreadStriges","theDuelist:VendreadNightmare","theDuelist:VampireGrace","theDuelist:MayakashiWinter"],"picked":"theDuelist:MonsterReborn","floor":16},{"not_picked":["theDuelist:AshBlossom","theDuelist:VampireDuke","theDuelist:VampireLady","theDuelist:FusionTag","theDuelist:MechMoleZombie"],"picked":"SKIP","floor":18},{"not_picked":["theDuelist:DarkFusion+1","theDuelist:MagicalGhost","theDuelist:OneForOne+1","theDuelist:DestructPotion"],"picked":"theDuelist:RedMedicine+1","floor":19},{"not_picked":["theDuelist:FlameGhost","theDuelist:RebornZombie","theDuelist:FusionFire","theDuelist:ImperialTomb"],"picked":"theDuelist:BurningSkullHead","floor":24},{"not_picked":["theDuelist:DimensionBurial+1","theDuelist:FuryFire+1","theDuelist:MagicalGhost","theDuelist:BloodSucker","theDuelist:DestructPotion"],"picked":"SKIP","floor":29},{"not_picked":["theDuelist:FuryFire","theDuelist:FlameGhost+1","theDuelist:ShiranuiSwordmaster","theDuelist:Skullgios","theDuelist:PMCaptor"],"picked":"SKIP","floor":31},{"not_picked":["theDuelist:VendreadNightmare","theDuelist:Scapeghost","theDuelist:RobbinZombie","theDuelist:MayakashiWinter+1"],"picked":"theDuelist:OverpoweringEye","floor":33},{"not_picked":["theDuelist:GhostrickSpecter+1","theDuelist:GhostrickMummy","theDuelist:GhostrickJackfrost+1","theDuelist:GhostrickGhoul+1","theDuelist:GhostrickAlucard+1"],"picked":"SKIP","floor":35},{"not_picked":["theDuelist:MayakashiReturn+1","theDuelist:BookMoon","theDuelist:AntiFusionDevice"],"picked":"theDuelist:GhostrickScare","floor":36},{"not_picked":["theDuelist:WightLady","theDuelist:Pumpking","theDuelist:FossilSkullknight+1","theDuelist:Chopman"],"picked":"theDuelist:GhostrickMummy+1","floor":41},{"not_picked":["theDuelist:VampireScarletScourge","theDuelist:VampireLady","theDuelist:VampireGrimson+1","theDuelist:VampireFraulein","theDuelist:VampireDuke+1"],"picked":"SKIP","floor":45},{"not_picked":["theDuelist:DimensionBurial+1","theDuelist:FuryFire+2","theDuelist:BloodSucker","theDuelist:ForbiddenLance+1"],"picked":"theDuelist:OneForOne+2","floor":46}],"player_experience":649134,"relics_obtained":[{"floor":7,"key":"theDuelist:ZoneToken"},{"floor":9,"key":"Onion Ring"},{"floor":24,"key":"Du-Vu Doll"},{"floor":26,"key":"theDuelist:ResummonerMight"},{"floor":29,"key":"theDuelist:SolderToken"},{"floor":41,"key":"Peace Pipe"},{"floor":43,"key":"Omamori"}],"event_choices":[{"cards_removed":["theDuelist:ClownZombie"],"damage_healed":5.0,"max_hp_gain":0.0,"max_hp_loss":0.0,"gold_gain":0.0,"event_name":"Bonfire Elementals","player_choice":"Offered Common","floor":4.0,"gold_loss":0.0,"damage_taken":0.0},{"cards_removed":["theDuelist:ClownZombie"],"damage_healed":5.0,"max_hp_gain":0.0,"max_hp_loss":0.0,"gold_gain":0.0,"event_name":"Bonfire Elementals","player_choice":"Offered Special","floor":4.0,"gold_loss":0.0,"damage_taken":0.0},{"damage_healed":0,"gold_gain":99,"player_choice":"Stole From Cult","damage_taken":0,"max_hp_gain":0,"max_hp_loss":0,"event_name":"Nest","floor":21,"gold_loss":0},{"damage_healed":0,"gold_gain":0,"player_choice":"Succumb - +25HP/Cursed Relic","duelist":true,"damage_taken":0,"max_hp_gain":0,"max_hp_loss":0,"event_name":"Tomb of the Nameless","floor":22,"gold_loss":0},{"damage_healed":0,"gold_gain":0,"player_choice":"Leave","duelist":true,"damage_taken":0,"max_hp_gain":0,"max_hp_loss":0,"event_name":"Relic Duplicator","floor":25,"gold_loss":0},{"damage_healed":0,"gold_gain":0,"player_choice":"Took item - Received: Millennium Necklace","duelist":true,"damage_taken":0,"max_hp_gain":0,"max_hp_loss":0,"event_name":"Millennium Items","floor":38,"gold_loss":0},{"damage_healed":70,"gold_gain":0,"player_choice":"Heal","damage_taken":0,"max_hp_gain":0,"max_hp_loss":10,"event_name":"The Moai Head","floor":39,"gold_loss":0}],"is_beta":false,"boss_relics":[{"not_picked":["Ectoplasm","Snecko Scales"],"picked":"Ring of Chaos"},{"not_picked":["Pandora\u0027s Box","ChewingGum"],"picked":"Mark of Pain"}],"items_purged_floors":[13,20,27],"is_endless":false,"potions_floor_spawned":[3,14,16,19,24,31,45],"killed_by":"Sphere and 2 Shapes","ascension_level":5}}