{"host":"6rmw1q50jy0xmvyl","time":1608287515,"event":{"mods":["BaseMod","BetterRewards","Clockwork Mod","Colored Map","Duelist Mod","Minty Spire (QoL Compilation)","Remove Card Discount Mod","StSLib","??????REMEMod"],"gold_per_floor":[141,151,161,62,62,95,95,120,143,243,263,263,277,293,293,386,386,402,194,209,209,223,223,223],"floor_reached":23,"playtime":1490,"items_purged":["theDuelist:CastleWalls","theDuelist:CastleWalls","theDuelist:Sparks","theDuelist:Deskbot004","theDuelist:Deskbot004","theDuelist:Biofalcon","theDuelist:Deskbot005","theDuelist:Deskbot005","Injury"],"score":446,"play_id":"16ed1a6c-9eb9-43e9-ad2b-740538a2980a","local_time":"20201218113155","is_ascension_mode":true,"campfire_choices":[{"floor":7,"key":"REST"},{"data":"theDuelist:MetalDragon","floor":12,"key":"SMITH"},{"floor":15,"key":"REST"}],"circlet_count":0,"master_deck":["AscendersBane","theDuelist:GreenGadget","theDuelist:TimeWizard","theDuelist:Deskbot001","theDuelist:JunkSpeeder+1","theDuelist:MagicSparks+1","theDuelist:AncientGearChimera","theDuelist:Deskbot001","theDuelist:UnionHangar+1","theDuelist:JunkKuriboh","theDuelist:MetalDragon+1","theDuelist:WonderGarage","theDuelist:TurretWarrior","theDuelist:DoubleTool+6","theDuelist:RevolvingSwitchyard+1","theDuelist:GenexAllyBirdman","theDuelist:MetalDragon+1","theDuelist:JunkKuriboh"],"relics":["theDuelist:MillenniumPuzzle","theDuelist:CardPoolRelic","theDuelist:CardPoolBasicRelic","theDuelist:BoosterPackPoolRelic","theDuelist:CardPoolAddRelic","theDuelist:CardPoolMinusRelic","theDuelist:CardPoolSaveRelic","theDuelist:CardPoolOptionsRelic","REME_ComplimentaryCards","Golden Idol","Pen Nib","Bag of Preparation","Black Star","Whetstone"],"acts_visited":["Exordium","TheCity"],"potions_floor_usage":[6,13,16,22,23],"damage_taken":[{"damage":0,"enemies":"Cultist","floor":1,"turns":3},{"damage":8,"enemies":"Small Slimes","floor":2,"turns":4},{"damage":8,"enemies":"2 Louse","floor":3,"turns":3},{"damage":0,"enemies":"Gremlin Nob","floor":6,"turns":4},{"damage":1,"enemies":"Large Slime","floor":8,"turns":6},{"damage":17,"enemies":"Looter","floor":11,"turns":3},{"damage":17,"enemies":"Lots of Slimes","floor":13,"turns":5},{"damage":15,"enemies":"3 Louse","floor":14,"turns":5},{"damage":0,"enemies":"Slime Boss","floor":16,"turns":10},{"damage":9,"enemies":"Spheric Guardian","floor":18,"turns":5},{"damage":17,"enemies":"Shell Parasite","floor":20,"turns":6},{"damage":28,"enemies":"Shelled Parasite and Fungi","floor":22,"turns":7},{"damage":21,"enemies":"theDuelist:KaibaA2","floor":23,"turns":5}],"seed_played":"-4882411519468555688","potions_obtained":[{"floor":1,"key":"BlessingOfTheForge"},{"floor":2,"key":"Swift Potion"},{"floor":13,"key":"theDuelist:FireBottle"},{"floor":20,"key":"theDuelist:TokenPotion"},{"floor":22,"key":"Weak Potion"}],"is_trial":false,"path_per_floor":["M","M","M","$","?","E","R","M","T","?","M","R","M","M","R","B",null,"M","$","M","?","M","E"],"character_chosen":"THE_DUELIST","items_purchased":["theDuelist:Deskbot001","theDuelist:Deskbot001","theDuelist:UnionHangar","theDuelist:GenexAllyBirdman","Whetstone"],"campfire_rested":2,"item_purchase_floors":[0,4,4,19,19],"current_hp_per_floor":[72,64,56,56,56,56,80,79,79,79,62,62,45,30,54,54,74,65,65,48,48,20,0,0],"gold":223,"neow_bonus":"","is_daily":false,"chose_seed":false,"campfire_upgraded":1,"win_rate":0.0,"timestamp":1608287515,"path_taken":["M","M","M","$","?","E","R","M","T","?","M","R","M","M","R","BOSS","M","$","M","?","?","E"],"items_purchased_type":["Card","Card","Card","Card","Relic"],"build_version":"2020-12-13","purchased_purges":9,"victory":false,"max_hp_per_floor":[80,80,80,80,80,80,80,80,80,80,80,80,80,80,80,80,80,80,80,80,80,80,80,80],"card_choices":[{"not_picked":["theDuelist:BigFire","theDuelist:PowerGiant","theDuelist:WormWarlord","theDuelist:Raigeki"],"picked":"theDuelist:JunkSpeeder","floor":1},{"not_picked":["theDuelist:Deskbot004","theDuelist:Deskbot001","theDuelist:JunkKuriboh","theDuelist:Deskbot005"],"picked":"theDuelist:AncientGearChimera","floor":2},{"not_picked":["theDuelist:BreakDraw","theDuelist:PotDuality","theDuelist:AncientGearExplosive","theDuelist:Geartown"],"picked":"theDuelist:DoubleTool","floor":3},{"not_picked":["theDuelist:BigFire","theDuelist:LightningVortex","theDuelist:BigEye","theDuelist:PotGreed","theDuelist:Terraforming"],"picked":"SKIP","floor":6},{"not_picked":["theDuelist:CoreBlaster","theDuelist:Deskbot003","theDuelist:Deskbot004","theDuelist:DigitalBug"],"picked":"theDuelist:JunkKuriboh","floor":8},{"not_picked":["theDuelist:PotDuality","theDuelist:Deskbot008","theDuelist:AncientGearFist","theDuelist:FlyingPegasus"],"picked":"theDuelist:MetalDragon","floor":11},{"not_picked":["theDuelist:ShortCircuit","theDuelist:RevolvingSwitchyard","theDuelist:CatapultTurtle","theDuelist:Jinzo"],"picked":"theDuelist:WonderGarage","floor":13},{"not_picked":["theDuelist:BlockGolem","theDuelist:GemElephant","theDuelist:LabyrinthWall","theDuelist:LostGuardian","theDuelist:PowerGiant"],"picked":"SKIP","floor":14},{"not_picked":["theDuelist:SteamTrainKing","theDuelist:SolemnWarning","theDuelist:SlotMachine","theDuelist:PlatinumGadget"],"picked":"theDuelist:TurretWarrior","floor":16},{"not_picked":["theDuelist:MetalholdMovingBlockade+1","theDuelist:GravityAxe+1","theDuelist:CatapultTurtle+1","theDuelist:WonderGarage+1"],"picked":"theDuelist:RevolvingSwitchyard+1","floor":18},{"not_picked":["theDuelist:PortableBatteryPack","theDuelist:Flashbang+1","theDuelist:CemetaryBomb","theDuelist:BlastingFuse+1","theDuelist:BlastWithChain+1"],"picked":"SKIP","floor":20},{"not_picked":["theDuelist:Geargiauger","theDuelist:BlastJuggler","theDuelist:Biofalcon","theDuelist:CyberneticOverflow"],"picked":"theDuelist:JunkKuriboh","floor":22}],"player_experience":574382,"relics_obtained":[{"floor":6,"key":"Pen Nib"},{"floor":9,"key":"Bag of Preparation"}],"event_choices":[{"damage_healed":0,"gold_gain":0,"player_choice":"Take Wound","damage_taken":0,"relics_obtained":["Golden Idol"],"max_hp_gain":0,"max_hp_loss":0,"event_name":"Golden Idol","floor":5,"gold_loss":0,"cards_obtained":["Injury"]},{"damage_healed":0,"gold_gain":100,"player_choice":"Gold","damage_taken":0,"max_hp_gain":0,"max_hp_loss":0,"event_name":"Wheel of Change","floor":10,"gold_loss":0},{"damage_healed":0,"gold_gain":0,"player_choice":"Copied","damage_taken":0,"max_hp_gain":0,"max_hp_loss":0,"event_name":"Duplicator","floor":21,"gold_loss":0,"cards_obtained":["theDuelist:MetalDragon"]}],"is_beta":false,"boss_relics":[{"not_picked":["Runic Dome","Ectoplasm"],"picked":"Black Star"}],"items_purged_floors":[0,0,0,4,4,4,4,4,19],"is_endless":false,"potions_floor_spawned":[1,2,13,20,22],"killed_by":"theDuelist:KaibaA2","ascension_level":13}}