{"host":"mvw7i28zi3kj0eu9","time":1608287134,"event":{"mods":["AchievementEnabler","BaseMod","Better Third Choice","BetterRewards","Block Reminder","Conspire","Custom Start","Downfall","Energized Spire","Halation","Hermit","Hubris","Infinite Spire","Jorbs\u0027s Wanderer Trilogy","Minty Spire (QoL Compilation)","Replay The Spire","Shop Mod","Small Relic Pack","Spikes Relics","StSLib","The Blue Laboratory","The Necromancer","The Servant 0.9.4","Virulent Crown"],"gold_per_floor":[117,117,211,228,248,248,267,292,344,148,172,188,200,150,150,264,264,279,279,354,51,51,91,91,108,108,108,108,108,108,127,127,242,242,261,287,287,316,216,255,255,255,301,316,341,385,385,407,407,516,516,540,559,573,594,443,443,443,443,467,467,502,517,517,530,530,651,651,675,775,475,475,502,525,525,516,543,543,566,613,613,642,642,735,735,738,738,738,765,765,546,546,546,546,590,611,611,653,677,677,829,829,841,861,861,871,871,904,904,918,971,971,1005,1028,824,842,842,957,957,980,980,1006,933,949,949,986,1010,1036,1064,1064,1073,1073,1073,1085,1101,1101],"floor_reached":135,"playtime":3067,"items_purged":["Strike_B","Strike_B","Defend_B","Defend_B","Defend_B","Defend_B","Strike_B","Dualcast","Cold Snap"],"score":3389,"play_id":"cfa28a09-5a91-4e29-82fc-d73918fc2165","local_time":"20201218112534","is_ascension_mode":false,"campfire_choices":[{"data":"Zap","floor":6.0,"key":"SMITH"},{"data":"hubris:PowerSurge","floor":15.0,"key":"SMITH"},{"data":"Defragment","floor":24.0,"key":"SMITH"},{"data":"Capacitor","floor":28.0,"key":"SMITH"},{"data":"Rainbow","floor":30.0,"key":"SMITH"},{"data":"Strike_B","floor":32.0,"key":"SMITH"},{"floor":41.0,"key":"DIG"},{"floor":49.0,"key":"DIG"},{"data":"Barrage","floor":57.0,"key":"SMITH"},{"floor":59.0,"key":"DIG"},{"floor":61.0,"key":"DIG"},{"data":"hubris:DoWhile","floor":64.0,"key":"SMITH"},{"floor":66.0,"key":"DIG"},{"floor":75.0,"key":"RECALL"},{"floor":83.0,"key":"REST"},{"floor":93.0,"key":"DIG"},{"floor":97.0,"key":"DIG"},{"floor":100,"key":"DIG"},{"floor":109,"key":"DIG"},{"floor":112,"key":"DIG"},{"floor":117,"key":"DIG"},{"floor":125,"key":"DIG"},{"floor":130,"key":"DIG"},{"floor":132,"key":"DIG"},{"floor":134,"key":"DIG"}],"circlet_count":0,"master_deck":["Zap+1","Capacitor+1","Defragment+1","Ball Lightning","Mirror Shield+1","Rainbow+1","Cold Snap+1","hubris:DoWhile+1","Barrage+1","Barrage+1","Defragment+1"],"relics":["Cracked Core","hubris:OldNail","CeramicFish","conspire:DeflatedDodgeball","hubris:BallOfYels","Shovel","PreservedInsect","SnailShell","Oddly Smooth Stone","Vajra","MerchantsRug","Runic Capacitor","Orichalcum","Gremlin Food","Unceasing Top","Pen Nib","Smiling Mask","Juzu Bracelet","Busted Crown","Replay:Bandana","Bag of Preparation","Boot","Akabeko","halation:WeightlessCrab","relicPack:SpireResearchBook","Incense Burner","ReplayTheSpireMod:Lightbulb","halation:PrussianBluePaint","Replay:Rubber Ducky","Solar Panel","Tiny Chest","Centennial Puzzle","conspire:TopHat","ReplayFunnel","Replay:Baseball","Omamori","Philosopher\u0027s Stone","Membership Card","hubris:TenFootPole","Strawberry","Replay:Antivirus Software","Art of War","hubris:SlimyHat","Blue Doll","halation:EternalFortune","Symbiotic Virus","Inserter","Black Star","Replay:PocketPolymizer","Lantern","relicPack:AllForOne","HornCleat","infinitespire:Lucky Rock","Nunchaku","infinitespire:EmpoweringShard","MealTicket","hubris:Zylophone","Meat on the Bone","Replay:Mystery Machine","halation:SwordOfLegend","hubris:TerracottaHorce","halation:IllGainedPizza","Regal Pillow","hubris:DisguiseKit","CaptainsWheel","infinitespire:PuzzleCube","infinitespire:Beetle Shell","Toy Ornithopter","hubris:ToyBattleship","Chemical X","Rawhide","Bag of Marbles","hubris:HollowSoul","Potion Belt","halation:PromiseList","Blood Vial","Gambling Chip","DataDisk","Dream Catcher","halation:KoshaPiece","MawBank","halation:LettersToHer"],"acts_visited":["Exordium","TheCity","TheBeyond","Exordium","TheCity","TheBeyond","Exordium","TheCity"],"potions_floor_usage":[113],"damage_taken":[{"damage":0.0,"enemies":"Cultist","floor":1.0,"turns":2.0},{"damage":0.0,"enemies":"Small Slimes","floor":4.0,"turns":1.0},{"damage":0.0,"enemies":"2 Louse","floor":5.0,"turns":1.0},{"damage":0.0,"enemies":"Large Slime","floor":7.0,"turns":2.0},{"damage":0.0,"enemies":"Replay:BlueRogue","floor":8.0,"turns":2.0},{"damage":5.0,"enemies":"conspire:2 RoseBushes","floor":11.0,"turns":3.0},{"damage":0.0,"enemies":"Lots of Slimes","floor":12.0,"turns":2.0},{"damage":0.0,"enemies":"Red Slaver","floor":13.0,"turns":2.0},{"damage":0.0,"enemies":"Fading Forest","floor":16.0,"turns":11.0},{"damage":0.0,"enemies":"2 Thieves","floor":18.0,"turns":2.0},{"damage":0.0,"enemies":"conspire:Head Lice","floor":23.0,"turns":3.0},{"damage":0.0,"enemies":"Spheric Guardian","floor":25.0,"turns":2.0},{"damage":0.0,"enemies":"Snecko","floor":31.0,"turns":2.0},{"damage":0.0,"enemies":"Champ","floor":33.0,"turns":5.0},{"damage":0.0,"enemies":"Orb Walker","floor":35.0,"turns":2.0},{"damage":0.0,"enemies":"3 Shapes","floor":36.0,"turns":2.0},{"damage":0.0,"enemies":"Transient","floor":38.0,"turns":5.0},{"damage":3.0,"enemies":"Nemesis","floor":40.0,"turns":2.0},{"damage":0.0,"enemies":"Spire Growth","floor":44.0,"turns":3.0},{"damage":0.0,"enemies":"3 Darklings","floor":45.0,"turns":3.0},{"damage":0.0,"enemies":"Nightmare","floor":46.0,"turns":4.0},{"damage":0.0,"enemies":"Maw","floor":48.0,"turns":5.0},{"damage":0.0,"enemies":"Time Eater","floor":50.0,"turns":8.0},{"damage":0.0,"enemies":"2 Louse","floor":52.0,"turns":1.0},{"damage":0.0,"enemies":"Jaw Worm","floor":53.0,"turns":1.0},{"damage":0.0,"enemies":"Small Slimes","floor":55.0,"turns":1.0},{"damage":0.0,"enemies":"Gremlin Nob","floor":62.0,"turns":1.0},{"damage":0.0,"enemies":"2 Fungi Beasts","floor":63.0,"turns":1.0},{"damage":0.0,"enemies":"Large Slime","floor":65.0,"turns":1.0},{"damage":0.0,"enemies":"The Guardian","floor":67.0,"turns":3.0},{"damage":0.0,"enemies":"2 Thieves","floor":69.0,"turns":1.0},{"damage":36.0,"enemies":"Slavers","floor":74.0,"turns":2.0},{"damage":0.0,"enemies":"3 Byrds","floor":79.0,"turns":2.0},{"damage":53.0,"enemies":"Nightmare_Alpha","floor":80.0,"turns":5.0},{"damage":0.0,"enemies":"Snecko","floor":82.0,"turns":2.0},{"damage":0.0,"enemies":"Collector","floor":84.0,"turns":4.0},{"damage":21.0,"enemies":"3 Shapes","floor":86.0,"turns":3.0},{"damage":0.0,"enemies":"R_Hoarder","floor":95.0,"turns":1.0},{"damage":0.0,"enemies":"Orb Walker","floor":96.0,"turns":1.0},{"damage":0.0,"enemies":"Nightmare","floor":98.0,"turns":3.0},{"damage":0.0,"enemies":"4 Shapes","floor":99.0,"turns":3.0},{"damage":0,"enemies":"infinitespire:MassOfShapes","floor":101,"turns":3},{"damage":0,"enemies":"2 Louse","floor":103,"turns":1},{"damage":0,"enemies":"Small Slimes","floor":104,"turns":1},{"damage":0,"enemies":"Lagavulin","floor":108,"turns":1},{"damage":0,"enemies":"Jaw Worm","floor":110,"turns":1},{"damage":0,"enemies":"3 Sentries","floor":113,"turns":2},{"damage":0,"enemies":"Looter","floor":114,"turns":1},{"damage":0,"enemies":"2 Fungi Beasts","floor":116,"turns":1},{"damage":0,"enemies":"Slime Boss","floor":118,"turns":1},{"damage":0,"enemies":"Shell Parasite","floor":120,"turns":1},{"damage":2,"enemies":"3 Byrds","floor":122,"turns":2},{"damage":0,"enemies":"Snake Plant","floor":124,"turns":1},{"damage":0,"enemies":"Gremlin Leader","floor":126,"turns":1},{"damage":0,"enemies":"Snecko","floor":127,"turns":1},{"damage":0,"enemies":"Cultist and Chosen","floor":129,"turns":1},{"damage":0,"enemies":"infinitespire:LordOfFortification","floor":135,"turns":1}],"seed_played":"7512596115655089893","potions_obtained":[{"floor":4.0,"key":"blueLaboratory:EmptyBottle"},{"floor":8.0,"key":"blueLaboratory:SavagePotion"},{"floor":12.0,"key":"Ancient Potion"},{"floor":13.0,"key":"Dexterity Potion"},{"floor":23.0,"key":"blueLaboratory:PyrophylliteBrew"},{"floor":25.0,"key":"Elixir"},{"floor":63.0,"key":"FocusPotion"},{"floor":82.0,"key":"DuplicationPotion"},{"floor":110,"key":"blueLaboratory:FruitPunch"},{"floor":116,"key":"blueLaboratory:RelayPotion"},{"floor":122,"key":"EntropicBrew"},{"floor":127,"key":"blueLaboratory:PyrophylliteBrew"}],"is_trial":false,"path_per_floor":["M","?","?","M","M","R","M","E","T","$","M","M","M","$","R","B",null,"M","$","?","$","?","E","R","M","T","?","R","?","R","M","R","B",null,"M","M","AVR","M","NS","E","R","?","T","M","M","NM","?","M","R","B",null,"M","M","$","M","$","R","$","R","T","R","E","M","R","M","R","B",null,"M","?","$","?","T","E","R","$","T","?","M","NM","$","M","R","B",null,"M","?","AVR","T","?","$","?","R","T","E","M","R","NM","M","R","B",null,"M","M","AVR","$","T","E","R","M","T","R","E","M","$","M","R","B",null,"M","?","M","$","M","R","E","M","T","M","R","?","R","AVR","R","B"],"character_chosen":"DEFECT","items_purchased":["hubris:OldNail","CeramicFish","conspire:DeflatedDodgeball","hubris:PowerSurge","Capacitor","Replay:Baseball","Defragment","hubris:BallOfYels","Ball Lightning","Cold Snap","Shovel","PreservedInsect","SnailShell","Oddly Smooth Stone","Vajra","hubris:CrystalStatue","MerchantsRug","Strawberry","Runic Capacitor","Matryoshka","Ball Lightning","Orichalcum","Juzu Bracelet","Replay:Bandana","Bag of Preparation","Tiny Chest","Membership Card","hubris:TenFootPole","Strawberry","hubris:SlimyHat","HornCleat","infinitespire:Lucky Rock","Barrage","Chemical X","Rawhide","Potion Belt"],"campfire_rested":1,"item_purchase_floors":[0,0,0,0,0,0,0,0,0,0,0,0,0,0,0,0,0,0,0,0,0,0,10,21,21,56,71,71,71,76,91,91,91,115,115,123],"current_hp_per_floor":[82,82,62,62,62,62,62,62,62,62,57,57,57,57,57,67,82,82,82,74,74,74,74,74,74,74,74,74,74,74,74,74,74,82,82,82,82,82,82,79,79,82,82,82,82,82,82,82,82,82,82,82,82,82,82,82,82,82,82,82,82,82,82,82,82,82,82,82,82,82,89,89,89,55,55,55,55,58,64,15,15,28,56,64,95,76,76,76,76,76,76,76,76,76,80,86,86,90,90,90,90,90,90,90,97,97,97,97,97,97,97,97,102,102,102,102,102,102,102,102,102,102,102,102,102,102,102,102,102,102,102,102,102,102,20,20],"gold":1101,"neow_bonus":"","is_daily":false,"chose_seed":false,"campfire_upgraded":8,"win_rate":0.0,"timestamp":1608287134,"path_taken":["M","?","?","M","M","R","M","E","T","$","M","M","M","$","R","BOSS","M","$","?","?","?","E","R","M","T","?","R","?","R","M","R","BOSS","M","M","AVR","M","NS","E","R","?","T","M","M","NM","?","M","R","BOSS","M","M","$","M","$","R","?","R","T","R","E","M","R","M","R","BOSS","M","?","$","?","?","E","R","?","T","?","M","NM","$","M","R","BOSS","M","?","AVR","?","?","$","?","R","T","E","M","R","NM","M","R","BOSS","M","M","AVR","?","?","E","R","M","T","R","E","M","$","M","R","BOSS","M","?","M","$","M","R","E","M","T","M","R","?","R","AVR","R","BOSS"],"items_purchased_type":["Relic","Relic","Relic","Card","Card","Relic","Card","Relic","Card","Card","Relic","Relic","Relic","Relic","Relic","Relic","Relic","Relic","Relic","Relic","Card","Relic","Relic","Relic","Relic","Relic","Relic","Relic","Relic","Relic","Relic","Relic","Card","Relic","Relic","Relic"],"build_version":"2020-12-13","purchased_purges":9,"victory":false,"max_hp_per_floor":[82,82,82,82,82,82,82,82,82,82,82,82,82,82,82,82,82,82,82,82,82,82,82,82,82,82,82,82,82,82,82,82,82,82,82,82,82,82,82,82,82,82,82,82,82,82,82,82,82,82,82,82,82,82,82,82,82,82,82,82,82,82,82,82,82,82,82,82,82,82,89,89,89,89,89,89,89,92,92,92,92,95,95,95,95,95,90,90,90,90,90,90,90,90,90,90,90,90,90,90,90,90,90,90,97,97,97,97,97,97,97,97,102,102,102,102,102,102,102,102,102,102,102,102,102,102,102,102,102,102,102,102,102,102,20,20],"card_choices":[{"not_picked":["Streamline","Cold Snap","Conserve Battery"],"picked":"SKIP","floor":1.0},{"not_picked":["Conserve Battery","Panic Button","Sunder"],"picked":"SKIP","floor":4.0},{"not_picked":["Steam","Chaos","Reprogram"],"picked":"SKIP","floor":5.0},{"not_picked":["conspire:SharedLibrary","Conserve Battery","Compile Driver"],"picked":"SKIP","floor":7.0},{"not_picked":["Panic Button","Stack","Consume"],"picked":"SKIP","floor":8.0},{"not_picked":["ReplayTheSpireMod:Calculation Training","Hologram"],"picked":"Mirror Shield","floor":11.0},{"not_picked":["ReplayTheSpireMod:Calculation Training","RefreshScreen","Steam"],"picked":"SKIP","floor":12.0},{"not_picked":["BasicCrystalCard","Genetic Algorithm","Gash"],"picked":"SKIP","floor":13.0},{"not_picked":["ReplayTheSpireMod:Omega Cannon","Core Surge"],"picked":"Rainbow","floor":16.0},{"not_picked":["Go for the Eyes"],"picked":"SKIP","floor":18.0},{"not_picked":["Hologram"],"picked":"SKIP","floor":23.0},{"not_picked":["Turbo+1"],"picked":"SKIP","floor":25.0},{"not_picked":["Cold Snap"],"picked":"SKIP","floor":31.0},{"not_picked":["Coolheaded"],"picked":"SKIP","floor":35.0},{"not_picked":["Go for the Eyes"],"picked":"SKIP","floor":36.0},{"not_picked":["Go for the Eyes"],"picked":"SKIP","floor":38.0},{"not_picked":["Reinforced Body"],"picked":"SKIP","floor":40.0},{"not_picked":["Gash"],"picked":"SKIP","floor":44.0},{"not_picked":["Rebound"],"picked":"SKIP","floor":45.0},{"not_picked":[],"picked":"Cold Snap+1","floor":46.0},{"not_picked":["Steam"],"picked":"SKIP","floor":48.0},{"not_picked":[],"picked":"hubris:DoWhile","floor":50.0},{"not_picked":[],"picked":"Barrage","floor":52.0},{"not_picked":["Hologram"],"picked":"SKIP","floor":53.0},{"not_picked":["conspire:SharedLibrary"],"picked":"SKIP","floor":55.0},{"not_picked":["Sweeping Beam"],"picked":"SKIP","floor":62.0},{"not_picked":["Consume"],"picked":"SKIP","floor":63.0},{"not_picked":["Redo"],"picked":"SKIP","floor":65.0},{"not_picked":["Leap"],"picked":"SKIP","floor":69.0},{"not_picked":["Rebound"],"picked":"SKIP","floor":74.0},{"not_picked":["conspire:Rain"],"picked":"SKIP","floor":79.0},{"not_picked":["FTL+1"],"picked":"SKIP","floor":80.0},{"not_picked":["Steam"],"picked":"SKIP","floor":82.0},{"not_picked":["Steam+1"],"picked":"SKIP","floor":86.0},{"not_picked":["Gash"],"picked":"SKIP","floor":95.0},{"not_picked":["ReplayTheSpireMod:GoodbyeWorld+1"],"picked":"SKIP","floor":96.0},{"not_picked":["Leap"],"picked":"SKIP","floor":98.0},{"not_picked":["Gash"],"picked":"SKIP","floor":99.0},{"not_picked":["Lockon"],"picked":"SKIP","floor":103},{"not_picked":["Capacitor"],"picked":"SKIP","floor":104},{"not_picked":["Steam"],"picked":"SKIP","floor":108},{"not_picked":["Barrage","Entrench"],"picked":"SKIP","floor":110},{"not_picked":["Chill","Uppercut"],"picked":"SKIP","floor":113},{"not_picked":["Leap","Invigoration"],"picked":"SKIP","floor":114},{"not_picked":["Leap","Invigoration"],"picked":"SKIP","floor":114},{"not_picked":["ReplayTheSpireMod:Calculation Training","Warcry"],"picked":"SKIP","floor":116},{"not_picked":["Coolheaded+1","Clothesline"],"picked":"SKIP","floor":120},{"not_picked":["Genetic Algorithm","hubris:SharpeningStone"],"picked":"SKIP","floor":122},{"not_picked":["Reprogram+1","Evolve"],"picked":"SKIP","floor":124},{"not_picked":["Ball Lightning","Seeing Red"],"picked":"SKIP","floor":126},{"not_picked":["Compile Driver","Thunderclap"],"picked":"SKIP","floor":127},{"not_picked":["ReplaySort","Sword Boomerang"],"picked":"SKIP","floor":129}],"player_experience":896551,"relics_obtained":[{"floor":3.0,"key":"Gremlin Food"},{"floor":8.0,"key":"Unceasing Top"},{"floor":9.0,"key":"Pen Nib"},{"floor":9.0,"key":"Smiling Mask"},{"floor":23.0,"key":"Boot"},{"floor":26.0,"key":"Akabeko"},{"floor":26.0,"key":"halation:WeightlessCrab"},{"floor":40.0,"key":"Incense Burner"},{"floor":41.0,"key":"ReplayTheSpireMod:Lightbulb"},{"floor":43.0,"key":"halation:PrussianBluePaint"},{"floor":46.0,"key":"Replay:Rubber Ducky"},{"floor":49.0,"key":"Solar Panel"},{"floor":59.0,"key":"Centennial Puzzle"},{"floor":60.0,"key":"conspire:TopHat"},{"floor":61.0,"key":"ReplayFunnel"},{"floor":62.0,"key":"Replay:Baseball"},{"floor":66.0,"key":"Omamori"},{"floor":73.0,"key":"Replay:Antivirus Software"},{"floor":74.0,"key":"Art of War"},{"floor":77.0,"key":"Blue Doll"},{"floor":80.0,"key":"Symbiotic Virus"},{"floor":82.0,"key":"halation:EternalFortune"},{"floor":89.0,"key":"Lantern"},{"floor":93.0,"key":"Nunchaku"},{"floor":94.0,"key":"infinitespire:EmpoweringShard"},{"floor":95.0,"key":"MealTicket"},{"floor":95.0,"key":"hubris:Zylophone"},{"floor":97.0,"key":"Meat on the Bone"},{"floor":98.0,"key":"Replay:Mystery Machine"},{"floor":98.0,"key":"halation:SwordOfLegend"},{"floor":107,"key":"halation:IllGainedPizza"},{"floor":108,"key":"Regal Pillow"},{"floor":108,"key":"hubris:DisguiseKit"},{"floor":109,"key":"CaptainsWheel"},{"floor":111,"key":"infinitespire:PuzzleCube"},{"floor":112,"key":"infinitespire:Beetle Shell"},{"floor":113,"key":"halation:EternalFortune"},{"floor":113,"key":"Toy Ornithopter"},{"floor":113,"key":"hubris:ToyBattleship"},{"floor":117,"key":"Bag of Marbles"},{"floor":125,"key":"halation:PromiseList"},{"floor":126,"key":"Blood Vial"},{"floor":126,"key":"Gambling Chip"},{"floor":128,"key":"DataDisk"},{"floor":130,"key":"Dream Catcher"},{"floor":132,"key":"halation:KoshaPiece"},{"floor":134,"key":"halation:LettersToHer"}],"event_choices":[{"damage_healed":0.0,"max_hp_gain":0.0,"max_hp_loss":0.0,"gold_gain":0.0,"event_name":"betterThird:BetterSerpent","player_choice":"Ignored","floor":2.0,"gold_loss":0.0,"damage_taken":117.0},{"damage_healed":0.0,"max_hp_gain":0.0,"max_hp_loss":0.0,"gold_gain":75.0,"event_name":"FaceTrader","player_choice":"Touch","floor":20.0,"gold_loss":0.0,"damage_taken":8.0},{"damage_healed":0.0,"max_hp_gain":0.0,"max_hp_loss":0.0,"gold_gain":0.0,"event_name":"The Mausoleum","player_choice":"Ignored","floor":22.0,"gold_loss":0.0,"damage_taken":0.0},{"cards_removed":["Ball Lightning"],"damage_healed":5.0,"max_hp_gain":0.0,"max_hp_loss":0.0,"gold_gain":0.0,"event_name":"Bonfire Elementals","player_choice":"Offered Common","floor":42.0,"gold_loss":0.0,"damage_taken":0.0},{"cards_removed":["Ball Lightning"],"damage_healed":5.0,"max_hp_gain":0.0,"max_hp_loss":0.0,"gold_gain":0.0,"event_name":"Bonfire Elementals","player_choice":"Offered Special","floor":42.0,"gold_loss":0.0,"damage_taken":0.0},{"damage_healed":0.0,"max_hp_gain":0.0,"max_hp_loss":0.0,"gold_gain":0.0,"event_name":"Transmorgrifier","player_choice":"Ignored","floor":47.0,"gold_loss":0.0,"damage_taken":0.0},{"damage_healed":0.0,"max_hp_gain":0.0,"max_hp_loss":0.0,"gold_gain":100.0,"event_name":"Golden Shrine","player_choice":"Pray","floor":70.0,"gold_loss":0.0,"damage_taken":0.0},{"damage_healed":0.0,"max_hp_gain":0.0,"max_hp_loss":0.0,"gold_gain":0.0,"event_name":"The Mausoleum","player_choice":"Ignored","floor":72.0,"gold_loss":0.0,"damage_taken":0.0},{"damage_healed":0.0,"max_hp_gain":0.0,"max_hp_loss":5.0,"gold_gain":0.0,"event_name":"Winding Halls","player_choice":"Max HP","floor":87.0,"gold_loss":0.0,"damage_taken":0.0},{"damage_healed":0.0,"max_hp_gain":0.0,"max_hp_loss":0.0,"gold_gain":0.0,"event_name":"Upgrade Shrine","player_choice":"Upgraded","floor":92.0,"gold_loss":0.0,"damage_taken":0.0,"cards_upgraded":["Barrage"]},{"damage_healed":0,"gold_gain":0,"player_choice":"Ignored","damage_taken":0,"max_hp_gain":0,"max_hp_loss":0,"event_name":"Transmorgrifier","floor":121,"gold_loss":0},{"damage_healed":0,"gold_gain":0,"player_choice":"Copied","damage_taken":0,"max_hp_gain":0,"max_hp_loss":0,"event_name":"Duplicator","floor":131,"gold_loss":0,"cards_obtained":["Defragment"]}],"is_beta":false,"boss_relics":[{"not_picked":["AncientExoskeleton","infinitespire:Cupcake"],"picked":"Busted Crown"},{"not_picked":["relicPack:KazumaCape","relicPack:StarArrow","Astrolabe"]},{"not_picked":["hubris:VirtuousBlindfold","halation:LoveArrow","ChewingGum"]},{"not_picked":["energizedSpire:RedRose","halation:HeavySnake"],"picked":"Philosopher\u0027s Stone"},{"not_picked":["Cursed Key","Coffee Dripper"],"picked":"Inserter"},{"not_picked":["energizedSpire:StickyHand","conspire:RoyalGoblet"],"picked":"hubris:TerracottaHorce"},{"not_picked":["Cursed Key","energizedSpire:DeadBattery"],"picked":"hubris:HollowSoul"}],"items_purged_floors":[0,0,0,0,0,10,14,37,54],"is_endless":true,"potions_floor_spawned":[4,8,12,13,23,25,31,35,45,48,52,53,63,67,69,82,96,101,103,104,110,116,122,127],"killed_by":"infinitespire:LordOfFortification","ascension_level":0}}