{"host":"dwyzfvnzfcqffr30","time":1608325268,"event":{"mods":["2.2 Compatiblity","Act Like it!","BaseMod","Beaked The Cultist","Better Altar","Better Sensory Stone","Better Third Choice","Clockwork Mod","Colored Map","Colored Powertips","Conspire","Downfall","Elementarium","GifTheSpireLib","Halation","Hermit","Hubris","Jedi Mod","Menagerie","Mimic Mod","Minty Spire (QoL Compilation)","Permanent Neow","Random Character Button","Replay The Spire","Spicy Shops","StSLib","Stuff the Spire","The Construct","The Druid","TheFirefly","Trackpad","vexMod"],"gold_per_floor":[115,135,135,148,55,86,105,270,270,440,460,605,605,620,620,746,746,760,760,780,125,141,301,301,426,426,591,591,625,770,796,796,919,928,949,973,973,991,1005,1005,1158,1158,1232,1232,1401,1401,888,888,888,888,888,888,153,307,307],"floor_reached":56,"playtime":6648,"items_purged":["beaked:BarbedWire+1","beaked:HuntressSpirit+1","Clockwork:Inspiration+1","beaked:WarriorEssence+1"],"score":2052,"play_id":"e7a85d37-7bb2-4015-9eb5-1f5a213fcc0c","local_time":"20201218130108","is_ascension_mode":true,"campfire_choices":[{"data":"beaked:DesperateSwing+1","floor":13,"key":"SMITH"},{"floor":15,"key":"RECALL"},{"data":"beaked:DarkPact+1","floor":24,"key":"SMITH"},{"data":"beaked:SacrificialAttack+1","floor":32,"key":"SMITH"},{"data":"beaked:SacrificialAttack+2","floor":40,"key":"SMITH"},{"data":"beaked:SacrificialAttack+4","floor":46,"key":"SMITH"},{"data":"beaked:DarkPact+2","floor":49,"key":"SMITH"},{"data":"beaked:DesperateSwing+2","floor":52,"key":"SMITH"}],"circlet_count":0,"master_deck":["hermit:Maintenance+1","beaked:Strike_Y+1","beaked:Strike_Y+1","beaked:Strike_Y+1","beaked:Strike_Y+1","beaked:Strike_Y+1","beaked:Strike_Y+1","beaked:Defend_Y+1","beaked:Defend_Y+1","beaked:Defend_Y+1","beaked:Defend_Y+1","beaked:Ceremony+1","beaked:Ceremony+1","beaked:Ceremony+1","MasterReality+1","beaked:Evade+1","beaked:CursingBlood+1","beaked:MaddeningMurmurs+1","beaked:Hexing+1","beaked:SacrificialAttack+5","beaked:DesperateSwing+3","beaked:Tweet+1","beaked:DarkPact+3","beaked:MachineEssence+1","expansioncontent:QuickStudy+1","beaked:MaddeningMurmurs+1","beaked:KnowThyFoe+1","Clockwork:RevUp+1","AscendersBane","beaked:AwakenedForm+1","Clockwork:Enhance+1"],"relics":["beaked:MendingPlumage","Tiny Chest","Golden Idol","Juzu Bracelet","Black Star","Molten Egg 2","Toxic Egg 2","Frozen Egg 2","Quantum Egg","Bottled Tornado","hubris:Towel","conspire:InfiniteJournal","StuffTheSpire:TintedRock","trackpad:SappingStone","halation:TwoAmDonut","Replay:Baseball","halation:LettersToHer","StuffTheSpire:Gunfinga","hubris:BundleOfHerbs","jedi:heavyjacket","ReplayTheSpireMod:DimensionalGlitch","hubris:OldNail","hubris:TenFootPole","Bottled Tornado","Pantograph","jedi:archwizardhat","Replay:Winged Headress","hubris:DisguiseKit","halation:QuantumPhysicsTextbook","Kunai","CeramicFish","Elementarium:FlickeringLantern","trackpad:Mousetrap","Elementarium:ElementariumTrophy","Replay:Grab Bag","trackpad:Coffee","ReplayTheSpireMod:Onyx Gauntlets","beaked:SacredDeck","trackpad:PetRock","beaked:ShinyBauble","trackpad:CultistFigurine","Replay:WaspNest","PreservedInsect","StuffTheSpire:GrapeVine","trackpad:BiPhaseBiplane","trackpad:AdjectivePendant","jedi:HeartOfTheCards","Anchor","StuffTheSpire:BottledEssence","Pen Nib","ReplayFunnel"],"acts_visited":["Menagerie:Menagerie","Elementarium:Elementarium","TheBeyond","TheEnding"],"potions_floor_usage":[16,23,29,45,50,55],"damage_taken":[{"damage":0.0,"enemies":"Menagerie:StygianBoar","floor":1.0,"turns":3.0},{"damage":0.0,"enemies":"Menagerie:2_RABBITS","floor":2.0,"turns":4.0},{"damage":0.0,"enemies":"Menagerie:MonstrousExperiment","floor":4.0,"turns":4.0},{"damage":27.0,"enemies":"Menagerie:VoidReaper","floor":6.0,"turns":5.0},{"damage":6.0,"enemies":"Menagerie:STYGIAN_BOAR_AND_RABBIT","floor":7.0,"turns":6.0},{"damage":65.0,"enemies":"Menagerie:MaskedSummoner","floor":8.0,"turns":9.0},{"damage":16.0,"enemies":"Menagerie:Hydra","floor":10.0,"turns":5.0},{"damage":15.0,"enemies":"Menagerie:3_RABBITS","floor":11.0,"turns":5.0},{"damage":17.0,"enemies":"Menagerie:VoidReaper","floor":12.0,"turns":5.0},{"damage":0,"enemies":"Menagerie:MeltingSalamander","floor":14,"turns":4},{"damage":0,"enemies":"Menagerie:Chimera","floor":16,"turns":7},{"damage":6,"enemies":"Elementarium:MUD_AND_TAR_GOLEMS","floor":18,"turns":5},{"damage":6,"enemies":"Elementarium:2_ELEMENTALS","floor":20,"turns":6},{"damage":21,"enemies":"Elementarium:VoidBeast","floor":22,"turns":5},{"damage":4,"enemies":"Elementarium:ElementalPortal","floor":23,"turns":9},{"damage":1,"enemies":"Elementarium:WarGolem","floor":25,"turns":6},{"damage":8,"enemies":"Elementarium:ElementalPortal","floor":27,"turns":6},{"damage":0,"enemies":"Elementarium:RubyGolem","floor":29,"turns":3},{"damage":4,"enemies":"Elementarium:WarGolem","floor":30,"turns":3},{"damage":7,"enemies":"Elementarium:GolemEmperor","floor":33,"turns":10},{"damage":3,"enemies":"Orb Walker","floor":35,"turns":5},{"damage":12,"enemies":"3 Darklings","floor":36,"turns":6},{"damage":6,"enemies":"Sphere and 2 Shapes","floor":39,"turns":4},{"damage":1,"enemies":"R_Hoarder","floor":41,"turns":9},{"damage":0,"enemies":"Giant Head","floor":45,"turns":8},{"damage":5,"enemies":"Donu and Deca","floor":50,"turns":6},{"damage":21,"enemies":"Shield and Spear","floor":54,"turns":3},{"damage":92,"enemies":"The Heart","floor":55,"turns":9}],"seed_played":"-4140137183700687597","potions_obtained":[{"floor":2.0,"key":"jedi:holywater"},{"floor":6.0,"key":"FairyPotion"},{"floor":10.0,"key":"Regen Potion"},{"floor":14,"key":"Weak Potion"},{"floor":16,"key":"Venom Potion"},{"floor":23,"key":"Block Potion"},{"floor":33,"key":"LiquidMemories"},{"floor":45,"key":"ColorlessPotion"}],"is_trial":false,"path_per_floor":["M","M","?","M","$","E","M","E","T","E","M","E","R","M","R","B",null,"M","?","M","$","M","E","R","E","T","E","?","M","E","T","R","B",null,"M","M","?","?","M","R","E","?","T","T","E","R","$","?","R","B",null,"R","$","E","B",null],"character_chosen":"BEAKED_THE_CULTIST","items_purchased":["conspire:InfiniteJournal","hubris:TenFootPole","expansioncontent:QuickStudy+1","Bottled Tornado","trackpad:BiPhaseBiplane","trackpad:AdjectivePendant","jedi:HeartOfTheCards","Anchor","StuffTheSpire:BottledEssence","Fire Potion"],"campfire_rested":0,"item_purchase_floors":[5,21,21,21,47,47,53,53,53,53],"current_hp_per_floor":[50,50,50,50,50,49,50,13,13,17,19,43,43,50,50,50,50,50,27,45,45,45,50,50,50,50,50,50,50,56,56,56,56,56,56,56,56,56,56,56,56,56,56,56,56,56,56,56,56,56,56,56,56,39,56],"gold":307,"neow_bonus":"RANDOM_COMMON_RELIC","is_daily":false,"chose_seed":false,"campfire_upgraded":7,"win_rate":0.0,"timestamp":1608325268,"path_taken":["M","M","?","M","$","E","M","E","T","E","M","E","R","M","R","BOSS","M","?","M","$","M","E","R","E","T","E","?","M","E","?","R","BOSS","M","M","?","?","M","R","E","?","T","?","E","R","$","?","R","BOSS","R","$","E","BOSS"],"items_purchased_type":["Relic","Relic","Card","Relic","Relic","Relic","Relic","Relic","Relic","Potion"],"build_version":"2020-12-13","purchased_purges":4,"victory":true,"max_hp_per_floor":[50,50,50,50,50,50,50,50,50,50,50,50,50,50,50,50,50,50,50,50,50,50,50,50,50,50,50,50,50,56,56,56,56,56,56,56,56,56,56,56,56,56,56,56,56,56,56,56,56,56,56,56,56,56,56],"card_choices":[{"not_picked":["beaked:Redirect+1","beaked:Foresight+1"],"picked":"beaked:WarriorEssence+1","floor":1.0},{"not_picked":["beaked:Molting+1","beaked:DigDeeper+1"],"picked":"beaked:BarbedWire+1","floor":2.0},{"not_picked":["beaked:SurvivalInstinct+1","beaked:BarbedWire+1"],"picked":"beaked:Evade+1","floor":4.0},{"not_picked":["beaked:FeelMyPain+1","beaked:Resilience+1"],"picked":"beaked:CursingBlood+1","floor":6.0},{"not_picked":["beaked:Poke+1","beaked:LiftOff+1"],"picked":"beaked:MaddeningMurmurs+1","floor":7.0},{"not_picked":["beaked:Insight+1","beaked:DesperateSwing+1"],"picked":"beaked:Hexing+1","floor":8.0},{"not_picked":["beaked:CursingBlood+1","beaked:SurvivalInstinct+1"],"picked":"beaked:SacrificialAttack+1","floor":10.0},{"not_picked":["beaked:Pecker+1","beaked:WarriorEssence+1","beaked:SurvivalInstinct+1"],"picked":"SKIP","floor":11.0},{"not_picked":["beaked:CursingBlood+1","beaked:Tradeoff+1"],"picked":"beaked:DesperateSwing+1","floor":12.0},{"not_picked":["beaked:Cower+1","ReplayTheSpireMod:Wings of Steel+1"],"picked":"beaked:Tweet+1","floor":14},{"not_picked":["beaked:Caw+1","ReplayTheSpireMod:Owlgaze+1"],"picked":"beaked:DarkPact+1","floor":16},{"not_picked":["beaked:BloodForTheGods+1","beaked:Resilience+1","beaked:Brace+1"],"picked":"SKIP","floor":18},{"not_picked":["beaked:Foresight+1","beaked:WarriorEssence+1"],"picked":"beaked:MachineEssence+1","floor":20},{"not_picked":["beaked:Windmill+1","beaked:Replenish+1","beaked:Foresight+1"],"picked":"SKIP","floor":22},{"not_picked":["beaked:Tweet+1","beaked:Daydream+1"],"picked":"beaked:MaddeningMurmurs+1","floor":23},{"not_picked":["beaked:Brace+1","beaked:MimicMachine+1"],"picked":"beaked:KnowThyFoe+1","floor":25},{"not_picked":["beaked:FeelMyPain+1","beaked:Molting+1","beaked:RuinSticks+1","Clockwork:DefectiveParts"],"picked":"SKIP","floor":27},{"not_picked":["beaked:RitualOfBody+1","beaked:MachineSpirit+1","beaked:Recite+1"],"picked":"Clockwork:Inspiration","floor":29},{"not_picked":["beaked:WarriorSpirit+1","beaked:Resilience+1","beaked:MachineEssence+1","Clockwork:HeadStart"],"picked":"SKIP","floor":30},{"not_picked":["beaked:MachineSpirit+1","beaked:Tradeoff+1","beaked:Windmill+1","Clockwork:Pluck"],"picked":"SKIP","floor":35},{"not_picked":["beaked:DarkPact+1","beaked:Recite+1","beaked:Brace+1","Clockwork:ChargingShield"],"picked":"SKIP","floor":36},{"not_picked":["beaked:SurvivalInstinct+1","beaked:Foresight+1","beaked:Tweet+1","Clockwork:CogBarrier"],"picked":"SKIP","floor":39},{"not_picked":["beaked:Evade+1","beaked:Windmill+1","beaked:MimicWarrior+1","Clockwork:SnapKeep"],"picked":"SKIP","floor":41},{"not_picked":["beaked:SacrificialScars+1","beaked:MachineSpirit+1","Clockwork:SnapKeep"],"picked":"beaked:HuntressSpirit+1","floor":45},{"not_picked":["beaked:FeelMyPain+1","beaked:Redirect+1","beaked:Insight+1"],"picked":"Clockwork:Enhance","floor":54}],"player_experience":2058158,"relics_obtained":[{"floor":6.0,"key":"StuffTheSpire:TintedRock"},{"floor":6.0,"key":"trackpad:SappingStone"},{"floor":8.0,"key":"halation:TwoAmDonut"},{"floor":8.0,"key":"Replay:Baseball"},{"floor":10.0,"key":"halation:LettersToHer"},{"floor":10.0,"key":"StuffTheSpire:Gunfinga"},{"floor":12.0,"key":"hubris:BundleOfHerbs"},{"floor":12.0,"key":"jedi:heavyjacket"},{"floor":23,"key":"Pantograph"},{"floor":23,"key":"jedi:archwizardhat"},{"floor":25,"key":"Replay:Winged Headress"},{"floor":25,"key":"hubris:DisguiseKit"},{"floor":26,"key":"halation:LettersToHer"},{"floor":26,"key":"halation:QuantumPhysicsTextbook"},{"floor":27,"key":"Kunai"},{"floor":27,"key":"CeramicFish"},{"floor":30,"key":"trackpad:Mousetrap"},{"floor":30,"key":"vexMod:BerryBomb"},{"floor":31,"key":"halation:LettersToHer"},{"floor":41,"key":"trackpad:PetRock"},{"floor":43,"key":"halation:LettersToHer"},{"floor":43,"key":"beaked:ShinyBauble"},{"floor":44,"key":"trackpad:CultistFigurine"},{"floor":44,"key":"Replay:WaspNest"},{"floor":45,"key":"PreservedInsect"},{"floor":45,"key":"StuffTheSpire:GrapeVine"},{"floor":54,"key":"Pen Nib"},{"floor":54,"key":"ReplayFunnel"}],"event_choices":[{"damage_healed":0.0,"max_hp_gain":0.0,"max_hp_loss":10.0,"gold_gain":0.0,"event_name":"betterThird:BetterWriting","player_choice":"Simplicity","floor":0.0,"gold_loss":0.0,"damage_taken":0.0},{"damage_healed":0.0,"max_hp_gain":0.0,"max_hp_loss":0.0,"gold_gain":0.0,"event_name":"Upgrade Shrine","player_choice":"Upgraded","floor":0.0,"gold_loss":0.0,"damage_taken":0.0,"cards_upgraded":["beaked:Ceremony"]},{"damage_healed":0.0,"max_hp_gain":0.0,"max_hp_loss":0.0,"gold_gain":0.0,"event_name":"Upgrade Shrine","player_choice":"Upgraded","floor":0.0,"gold_loss":0.0,"damage_taken":0.0,"cards_upgraded":["beaked:Ceremony"]},{"damage_healed":0.0,"max_hp_gain":0.0,"max_hp_loss":0.0,"gold_gain":0.0,"event_name":"Upgrade Shrine","player_choice":"Upgraded","floor":0.0,"gold_loss":0.0,"damage_taken":0.0,"cards_upgraded":["beaked:Ceremony"]},{"damage_healed":0,"gold_gain":0,"player_choice":"Take","damage_taken":0,"relics_obtained":["Elementarium:FlickeringLantern"],"max_hp_gain":0,"max_hp_loss":0,"event_name":"Elementarium:HeartOfTheVoid","floor":28,"gold_loss":0},{"damage_healed":0,"gold_gain":0,"player_choice":"Ignored","damage_taken":0,"max_hp_gain":0,"max_hp_loss":0,"event_name":"The Moai Head","floor":37,"gold_loss":0},{"damage_healed":0,"gold_gain":3,"player_choice":"3","damage_taken":0,"max_hp_gain":0,"max_hp_loss":0,"event_name":"betterStone:BetterStone","floor":38,"gold_loss":0,"cards_obtained":["beaked:AwakenedForm"]},{"damage_healed":0,"gold_gain":0,"player_choice":"Upgraded","damage_taken":0,"max_hp_gain":0,"max_hp_loss":0,"event_name":"Upgrade Shrine","floor":42,"gold_loss":0,"cards_upgraded":["beaked:SacrificialAttack"]},{"damage_healed":0,"gold_gain":0,"player_choice":"Leave","damage_taken":0,"max_hp_gain":0,"max_hp_loss":0,"event_name":"conspire:Investor","floor":48,"gold_loss":0}],"is_beta":false,"boss_relics":[{"not_picked":["Astrolabe","halation:LoveArrow"],"picked":"ReplayTheSpireMod:DimensionalGlitch"},{"not_picked":["vexMod:RockOfEvil","hubris:HollowSoul"],"picked":"Replay:Grab Bag"},{"not_picked":["Fusion Hammer","conspire:SeveredTorchhead"],"picked":"trackpad:Coffee"},{"not_picked":["conspire:SlowCooker","Replay:Wanted Poster"],"picked":"ReplayTheSpireMod:Onyx Gauntlets"},{"not_picked":["conspire:RunicOctahedron","Snecko Eye"],"picked":"beaked:SacredDeck"}],"items_purged_floors":[21,47,47,53],"is_endless":false,"potions_floor_spawned":[2,6,10,14,16,22,23,30,33,35,36,45],"ascension_level":9}}