{"host":"mmqs5ul2bvb60kyc","time":1608290618,"event":{"mods":["BaseMod","Downfall","Minty Spire (QoL Compilation)","StSLib"],"gold_per_floor":[99,99,99,133,148,168,195,195,45,79,96,109,19,35,47,150,150,150,168,183,216,234,245,545,267,277,302,402,402,402,28,47,145,145,70,88,88,88,88,98,98,98,118,118,47,63,81,43,71,71,71,96,15,15,15],"floor_reached":56,"playtime":5646,"items_purged":["Regret","sneckomod:IronFang","sneckomod:TailWhip"],"score":1351,"play_id":"6dcf470c-4a57-4836-b70c-3529715db4f1","local_time":"20201218192338","is_ascension_mode":false,"campfire_choices":[{"floor":1.0,"key":"RECALL"},{"data":"sneckomod:QuickMove","floor":9.0,"key":"SMITH"},{"data":"sneckomod:MasterEye","floor":18.0,"key":"SMITH"},{"data":"sneckomod:CheapStock","floor":35,"key":"SMITH"},{"data":"sneckomod:SnakeSap","floor":37,"key":"SMITH"},{"data":"expansioncontent:Hexaburn","floor":39,"key":"SMITH"},{"data":"sneckomod:SnekBite","floor":44,"key":"SMITH"},{"data":"sneckomod:UnknownUncommonPower","floor":54,"key":"SMITH"}],"circlet_count":0,"master_deck":["sneckomod:SnekBite+1","sneckomod:Unknown+1","sneckomod:Unknown","sneckomod:QuickMove+1","sneckomod:SoulDraw+1","sneckomod:SlitherStrike","sneckomod:UnknownUncommonPower","sneckomod:Unknown2Cost","sneckomod:UnknownClassPURPLE+1","sneckomod:SoulDraw+1","sneckomod:UnknownWeak+1","sneckomod:UnknownClassPURPLE+1","sneckomod:SnakeSap+1","sneckomod:DiceBlock+1","sneckomod:Restock+1","sneckomod:Unknown0Cost+1","sneckomod:UnknownCommonAttack","sneckomod:Unknown2Cost+1","sneckomod:MasterEye+1","sneckomod:UnknownX+1","sneckomod:UnknownCommonSkill+1","sneckomod:SnakeSap+1","sneckomod:DefensiveFlair+1","sneckomod:SerpentIdol+1","sneckomod:DiceCrush+1","sneckomod:Restock+1","sneckomod:UnknownExhaust+1","sneckomod:UnknownUncommonPower","expansioncontent:DonusPower+1","sneckomod:SoulRoll+1","sneckomod:SoulExchange+1","sneckomod:SoulCleanse+1","sneckomod:UnknownClassGUARDIAN+1","expansioncontent:PrepareCrush+1","sneckomod:CheapStock+1","sneckomod:Nope+1","sneckomod:SoulExchange+1","sneckomod:QuickBite+1","expansioncontent:YouAreMine+1","expansioncontent:BronzeBeam","expansioncontent:Hexaburn+1","sneckomod:DiceBlock+1","sneckomod:UnknownClassTHE_CHAMP_GRAY+1","sneckomod:UnknownUncommonPower+1","sneckomod:UnknownUncommonPower+1","sneckomod:UnknownClassGREEN+1","Parasite","sneckomod:SoulDraw+1","sneckomod:UnknownClassRED+1","sneckomod:UnknownRareSkill+1"],"relics":["sneckomod:SneckoSoul","downfall:HeartsMalice","Bag of Marbles","downfall:HeartBlessingRed","downfall:HeartBlessingBlue","Toxic Egg 2","Pandora\u0027s Box","Du-Vu Doll","Old Coin","Matryoshka","CaptainsWheel","StrikeDummy","MealTicket","Mango","Sling","Snecko Eye","downfall:HeartBlessingGreen","Ancient Tea Set","Darkstone Periapt","Whetstone","StoneCalendar","Bag of Preparation"],"acts_visited":["Exordium","TheCity","TheBeyond","TheEnding"],"potions_floor_usage":[33,50],"damage_taken":[{"damage":0.0,"enemies":"Small Slimes","floor":2.0,"turns":1.0},{"damage":0.0,"enemies":"2 Louse","floor":3.0,"turns":1.0},{"damage":0.0,"enemies":"Gremlin Nob","floor":4.0,"turns":1.0},{"damage":6.0,"enemies":"Jaw Worm","floor":5.0,"turns":2.0},{"damage":9.0,"enemies":"Exordium Wildlife","floor":6.0,"turns":6.0},{"damage":11.0,"enemies":"3 Sentries","floor":10.0,"turns":7.0},{"damage":16.0,"enemies":"Exordium Thugs","floor":11.0,"turns":5.0},{"damage":2.0,"enemies":"Blue Slaver","floor":12.0,"turns":3.0},{"damage":19.0,"enemies":"downfall:FleeingMerchant","floor":13.0,"turns":4.0},{"damage":0.0,"enemies":"Lots of Slimes","floor":14.0,"turns":2.0},{"damage":0.0,"enemies":"Red Slaver","floor":15.0,"turns":1.0},{"damage":23.0,"enemies":"downfall:Silent","floor":16.0,"turns":8.0},{"damage":7.0,"enemies":"Shell Parasite","floor":19.0,"turns":4.0},{"damage":15.0,"enemies":"Centurion and Healer","floor":20.0,"turns":5.0},{"damage":14.0,"enemies":"Slavers","floor":21.0,"turns":4.0},{"damage":7.0,"enemies":"Snake Plant","floor":22.0,"turns":3.0},{"damage":0.0,"enemies":"Sentry and Sphere","floor":23.0,"turns":6.0},{"damage":5.0,"enemies":"downfall:FleeingMerchant","floor":25.0,"turns":4.0},{"damage":9.0,"enemies":"Shelled Parasite and Fungi","floor":26.0,"turns":4.0},{"damage":27.0,"enemies":"Gremlin Leader","floor":27.0,"turns":3.0},{"damage":7.0,"enemies":"downfall:Defect","floor":28.0,"turns":3.0},{"damage":0,"enemies":"downfall:FleeingMerchant","floor":31,"turns":1},{"damage":6,"enemies":"Snecko","floor":32,"turns":3},{"damage":6,"enemies":"downfall:Watcher","floor":33,"turns":4},{"damage":8,"enemies":"3 Darklings","floor":36,"turns":5},{"damage":0,"enemies":"Orb Walker","floor":40,"turns":3},{"damage":14,"enemies":"4 Shapes","floor":43,"turns":4},{"damage":0,"enemies":"Sphere and 2 Shapes","floor":46,"turns":4},{"damage":32,"enemies":"Transient","floor":47,"turns":5},{"damage":9,"enemies":"Writhing Mass","floor":49,"turns":3},{"damage":25,"enemies":"downfall:Defect","floor":50,"turns":5},{"damage":2,"enemies":"downfall:CharBossMerchant","floor":52,"turns":6},{"damage":33,"enemies":"downfall:NeowBoss","floor":55,"turns":15}],"seed_played":"8155391377799432836","potions_obtained":[{"floor":5.0,"key":"SpeedPotion"},{"floor":11.0,"key":"Energy Potion"},{"floor":12.0,"key":"Block Potion"},{"floor":14.0,"key":"sneckomod:CheatPotion"},{"floor":23.0,"key":"hexamod:EctoCoolerPotion"},{"floor":36,"key":"ColorlessPotion"},{"floor":46,"key":"PowerPotion"},{"floor":49,"key":"DuplicationPotion"}],"is_trial":false,"path_per_floor":["R","M","M","E","M","M","T","?","R","E","M","M","$","M","M","B",null,"R","M","M","E","M","M","T","$","M","E","?","?","?","$","M","B",null,"R","M","R","?","R","M","T","T","M","R","$","M","M","$","M","B",null,"E","$","R","B",null],"character_chosen":"THE_SNECKO","items_purchased":["sneckomod:UnknownUncommonPower","expansioncontent:DonusPower+1","Mango","expansioncontent:PrepareCrush+1","sneckomod:CheapStock","Sling","sneckomod:UnknownUncommonPower","sneckomod:UnknownClassGREEN+1","sneckomod:UnknownRareSkill+1"],"campfire_rested":0,"item_purchase_floors":[25,25,31,31,31,31,45,48,53],"current_hp_per_floor":[90,90,90,90,85,77,77,77,87,77,61,60,42,42,42,39,109,109,103,88,74,67,67,67,64,55,28,25,25,25,55,49,43,127,127,127,127,117,117,117,117,117,104,104,120,122,130,131,128,113,137,136,139,139,106],"gold":15,"neow_bonus":"THREE_ENEMY_KILL","is_daily":false,"chose_seed":false,"campfire_upgraded":7,"win_rate":0.0,"timestamp":1608290618,"path_taken":["R","M","M","E","M","M","T","?","R","E","M","M","$","M","M","BOSS","R","M","M","E","M","M","T","$","M","E","?","?","?","?","M","BOSS","R","M","R","?","R","M","T","?","M","R","$","M","M","?","M","BOSS","E","$","R","BOSS"],"items_purchased_type":["Card","Card","Relic","Card","Card","Relic","Card","Card","Card"],"build_version":"2020-12-13","purchased_purges":3,"victory":true,"max_hp_per_floor":[90,90,90,90,91,92,92,92,102,103,103,104,105,105,105,105,109,109,110,110,110,110,110,110,112,112,112,112,112,112,127,127,127,127,127,127,127,127,127,127,127,127,128,128,129,129,130,131,137,137,137,138,139,139,139],"card_choices":[{"not_picked":["sneckomod:DefensiveFlair","sneckomod:Nope"],"picked":"sneckomod:QuickMove","floor":2.0},{"not_picked":["sneckomod:UnknownUncommonAttack","sneckomod:SnekBeam"],"picked":"sneckomod:SoulDraw","floor":3.0},{"not_picked":["sneckomod:UnknownCommonAttack","sneckomod:QuickMove"],"picked":"sneckomod:SlitherStrike","floor":4.0},{"not_picked":["sneckomod:UnknownWeak","sneckomod:Unknown0Cost"],"picked":"sneckomod:UnknownUncommonPower","floor":5.0},{"not_picked":["sneckomod:Nope","sneckomod:WideSting"],"picked":"sneckomod:Unknown2Cost","floor":6.0},{"not_picked":["sneckomod:UnknownWeak+1","sneckomod:Unknown2Cost+1"],"picked":"sneckomod:UnknownClassPURPLE+1","floor":10.0},{"not_picked":["sneckomod:UnknownClassTHE_CHAMP_GRAY+1","sneckomod:Unknown1Cost+1"],"picked":"sneckomod:SoulDraw+1","floor":11.0},{"not_picked":["sneckomod:QuickMove+1","sneckomod:UnknownCommonAttack"],"picked":"sneckomod:UnknownWeak+1","floor":12.0},{"not_picked":["sneckomod:SnekBeam","sneckomod:UnknownClassHEXA_GHOST_PURPLE+1"],"picked":"sneckomod:UnknownClassPURPLE+1","floor":13.0},{"not_picked":["sneckomod:QuickMove+1","sneckomod:UnknownClassBLUE+1"],"picked":"sneckomod:SnakeSap","floor":14.0},{"not_picked":["sneckomod:UnknownUncommonAttack","sneckomod:Mudshield"],"picked":"sneckomod:DiceBlock+1","floor":15.0},{"not_picked":["sneckomod:DangerNoodle","sneckomod:UnknownRareAttack"],"picked":"sneckomod:Restock+1","floor":16.0},{"not_picked":["sneckomod:UnknownCommonAttack","sneckomod:RainOfDice"],"picked":"sneckomod:UnknownCommonSkill+1","floor":19.0},{"not_picked":["sneckomod:UnknownClassBLUE+1","sneckomod:MasterEye"],"picked":"sneckomod:SnakeSap","floor":19.0},{"not_picked":["sneckomod:UnknownVulnerable+1","sneckomod:QuickMove+1"],"picked":"sneckomod:DefensiveFlair+1","floor":20.0},{"not_picked":["sneckomod:UnknownStrike","sneckomod:SoulRoll+1"],"picked":"sneckomod:SerpentIdol+1","floor":21.0},{"not_picked":["sneckomod:WideSting","sneckomod:Nope+1"],"picked":"sneckomod:DiceCrush","floor":22.0},{"not_picked":["sneckomod:SlitherStrike","sneckomod:QuickMove+1"],"picked":"sneckomod:Restock+1","floor":23.0},{"not_picked":["sneckomod:QuickBite","sneckomod:ImprovisedAttack+1"],"picked":"sneckomod:UnknownExhaust+1","floor":25.0},{"not_picked":["sneckomod:RainOfDice+1","sneckomod:SnekBeam"],"picked":"sneckomod:SoulRoll+1","floor":26.0},{"not_picked":["sneckomod:UnknownBlock+1","sneckomod:SoulRoll+1"],"picked":"sneckomod:SoulExchange+1","floor":27.0},{"not_picked":["sneckomod:UnknownX+1","sneckomod:UnknownStrike"],"picked":"sneckomod:SoulCleanse+1","floor":28.0},{"not_picked":["sneckomod:UnknownEthereal+1","sneckomod:Nope+1"],"picked":"sneckomod:UnknownClassGUARDIAN+1","floor":31},{"not_picked":["sneckomod:UnknownCommonAttack+1","sneckomod:RainOfDice"],"picked":"sneckomod:Nope+1","floor":32},{"not_picked":["sneckomod:UnknownRareAttack","sneckomod:Restock+1"],"picked":"sneckomod:SoulExchange+1","floor":33},{"not_picked":["sneckomod:QuickMove+1","sneckomod:DiceCrush"],"picked":"sneckomod:QuickBite+1","floor":36},{"not_picked":["expansioncontent:GoopSpray+1","expansioncontent:HyperBeam"],"picked":"expansioncontent:YouAreMine+1","floor":38},{"not_picked":["expansioncontent:Sear","expansioncontent:FaceSlap"],"picked":"expansioncontent:BronzeBeam","floor":38},{"not_picked":["expansioncontent:BronzeBeam","expansioncontent:YouAreMine+1"],"picked":"expansioncontent:Hexaburn","floor":38},{"not_picked":["sneckomod:QuickBite+1","sneckomod:RainOfDice"],"picked":"sneckomod:DiceBlock+1","floor":40},{"not_picked":["sneckomod:UnknownWeak+1","sneckomod:Nope+1"],"picked":"sneckomod:UnknownClassTHE_CHAMP_GRAY+1","floor":43},{"not_picked":["sneckomod:Nope+1","sneckomod:SnekBeam+1","sneckomod:DiceCrush+1"],"picked":"SKIP","floor":46},{"not_picked":["sneckomod:SoulCleanse+1","sneckomod:UnknownClassBLUE+1"],"picked":"sneckomod:UnknownUncommonPower+1","floor":47},{"not_picked":["sneckomod:Unknown1Cost+1","sneckomod:DiceCrush"],"picked":"sneckomod:SoulDraw+1","floor":49},{"not_picked":["sneckomod:SoulRoll+1","sneckomod:IronFang"],"picked":"sneckomod:UnknownClassRED+1","floor":52}],"player_experience":207110,"relics_obtained":[{"floor":4.0,"key":"Bag of Marbles"},{"floor":10.0,"key":"Toxic Egg 2"},{"floor":21.0,"key":"Du-Vu Doll"},{"floor":24.0,"key":"Old Coin"},{"floor":27.0,"key":"Matryoshka"},{"floor":28.0,"key":"CaptainsWheel"},{"floor":28.0,"key":"StrikeDummy"},{"floor":41,"key":"Ancient Tea Set"},{"floor":41,"key":"Darkstone Periapt"},{"floor":42,"key":"Whetstone"},{"floor":42,"key":"StoneCalendar"},{"floor":52,"key":"Bag of Preparation"}],"event_choices":[],"is_beta":false,"boss_relics":[{"not_picked":["Busted Crown","Astrolabe"],"picked":"Pandora\u0027s Box"},{"not_picked":["Cursed Key","Coffee Dripper"],"picked":"Snecko Eye"}],"items_purged_floors":[13,25,31],"is_endless":false,"potions_floor_spawned":[5,11,12,14,20,21,23,32,46,47,49],"ascension_level":0}}