{"host":"coame8l8goqx0svj","time":1608302133,"event":{"mods":["BaseMod","Downfall","Minty Spire (QoL Compilation)","StSLib"],"gold_per_floor":[99,99,129,279,279,304,304,229,258,183,196,196,196,216,226,323,323,323,358,371,0,0,0,27,27,58,70,70,70,83,103,122,227,227,152,152,196,225,266,266,266,321,380,380,380,41,59,68,94,94,94,125,61,61,61],"floor_reached":56,"playtime":3308,"items_purged":["champ:Strike"],"score":2002,"play_id":"18e698bd-6039-41af-98d8-885dc548c885","local_time":"20201218153533","is_ascension_mode":true,"campfire_choices":[{"floor":1,"key":"RECALL"},{"floor":8,"key":"REST"},{"floor":10,"key":"REST"},{"data":"champ:Duel","floor":18,"key":"SMITH"},{"data":"champ:FocusedBerserking","floor":22,"key":"SMITH"},{"data":"champ:EnragedBash","floor":25,"key":"SMITH"},{"data":"champ:Taunt","floor":35,"key":"SMITH"},{"data":"champ:Defend","floor":40,"key":"SMITH"},{"data":"champ:RisingSlash","floor":44,"key":"SMITH"},{"data":"champ:BerserkerStyle","floor":54,"key":"SMITH"}],"circlet_count":0,"master_deck":["champ:Strike","champ:Strike","champ:Defend+1","champ:Defend","champ:Defend","champ:Execute","champ:Taunt+1","champ:RisingSlash+1","champ:EnragedBash+1","Slimebound:Icky","champ:FocusedBerserking+1","champ:Duel+1","champ:RageSigil+1","champ:AdrenalArmor+1","champ:Backstep+1","champ:FocusedBerserking+1","champ:HoldFirm+1","champ:Control+1","champ:AdrenalArmor+1","champ:EnchantShield+1","champ:ArenaPreparation+1","champ:Encircle+1","champ:AdrenalArmor+1","champ:MurderStrike+1","champ:ArenaPreparation+1","champ:VampiricStrike+1","champ:StanceDance+1","champ:SwordThrow+1","champ:TornadoPunch+1","champ:RapidStrikes+1","Secret Technique+1","PanicButton+1","expansioncontent:GoopSpray+1","champ:BerserkerStyle+1","champ:BerserkerStyle+1"],"relics":["champ:ChampionCrown","downfall:HeartsMalice","Akabeko","Ice Cream","Toxic Egg 2","downfall:HeartBlessingRed","Art of War","downfall:HeartBlessingGreen","Smiling Mask","SlaversCollar","Molten Egg 2","Incense Burner","Dream Catcher","Unceasing Top","champ:DefensiveTrainingManual","Sozu","downfall:HeartBlessingBlue","CeramicFish","Anchor","Juzu Bracelet","TungstenRod","Guardian:GemstoneGun","Bag of Marbles"],"acts_visited":["Exordium","TheCity","TheBeyond","TheEnding"],"potions_floor_usage":[9,16,19,19,21,55,55],"damage_taken":[{"damage":0,"enemies":"downfall:FleeingMerchant","floor":2,"turns":1},{"damage":0,"enemies":"Lagavulin","floor":3,"turns":1},{"damage":0,"enemies":"Cultist","floor":5,"turns":1},{"damage":61,"enemies":"Gremlin Nob","floor":6,"turns":5},{"damage":71,"enemies":"Lagavulin","floor":9,"turns":7},{"damage":0,"enemies":"2 Louse","floor":11,"turns":1},{"damage":17,"enemies":"Small Slimes","floor":14,"turns":3},{"damage":2,"enemies":"Exordium Wildlife","floor":15,"turns":3},{"damage":89,"enemies":"downfall:Silent","floor":16,"turns":9},{"damage":36,"enemies":"Slavers","floor":19,"turns":4},{"damage":57,"enemies":"Chosen","floor":20,"turns":6},{"damage":50,"enemies":"downfall:FleeingMerchant","floor":21,"turns":4},{"damage":88,"enemies":"downfall:FleeingMerchant","floor":23,"turns":4},{"damage":24,"enemies":"Book of Stabbing","floor":26,"turns":3},{"damage":15,"enemies":"downfall:FleeingMerchant","floor":27,"turns":3},{"damage":38,"enemies":"3 Byrds","floor":30,"turns":3},{"damage":36,"enemies":"Snake Plant","floor":31,"turns":4},{"damage":46,"enemies":"3 Cultists","floor":32,"turns":3},{"damage":61,"enemies":"downfall:Ironclad","floor":33,"turns":6},{"damage":90,"enemies":"Nemesis","floor":37,"turns":5},{"damage":46,"enemies":"Orb Walker","floor":38,"turns":1},{"damage":99,"enemies":"Giant Head","floor":39,"turns":3},{"damage":46,"enemies":"2 Orb Walkers","floor":42,"turns":3},{"damage":36,"enemies":"Mind Bloom Boss Battle","floor":43,"turns":4},{"damage":36,"enemies":"3 Shapes","floor":47,"turns":2},{"damage":45,"enemies":"Sphere and 2 Shapes","floor":49,"turns":4},{"damage":36,"enemies":"downfall:Defect","floor":50,"turns":6},{"damage":101,"enemies":"downfall:CharBossMerchant","floor":52,"turns":6},{"damage":192,"enemies":"downfall:NeowBoss","floor":55,"turns":18}],"seed_played":"-3597211329090548015","potions_obtained":[{"floor":6,"key":"SkillPotion"},{"floor":9,"key":"Explosive Potion"},{"floor":15,"key":"SkillPotion"},{"floor":16,"key":"SpeedPotion"},{"floor":19,"key":"AttackPotion"},{"floor":20,"key":"champ:UltimateStancePotion"},{"floor":31,"key":"Energy Potion"},{"floor":32,"key":"Ancient Potion"}],"is_trial":false,"path_per_floor":["R","$","E","?","M","E","T","R","E","R","M","?","?","M","M","B",null,"R","E","M","$","R","$","T","R","E","$","?","?","M","M","M","B",null,"R","?","E","M","E","R","T","?","?","R","?","?","M","?","M","B",null,"E","$","R","B",null],"character_chosen":"THE_CHAMP","items_purchased":["Incense Burner","champ:ArenaPreparation+1","Unceasing Top","champ:RapidStrikes+1","Secret Technique+1","PanicButton+1","champ:BerserkerStyle"],"campfire_rested":2,"item_purchase_floors":[21,21,27,46,46,46,53],"current_hp_per_floor":[81,81,81,81,81,48,48,75,35,62,62,55,55,45,45,31,75,75,90,90,90,90,90,90,90,90,90,90,63,90,90,90,90,90,100,100,100,100,100,100,100,100,100,100,100,100,100,100,100,100,100,100,100,100,100],"gold":61,"neow_bonus":"THREE_ENEMY_KILL","is_daily":false,"chose_seed":false,"campfire_upgraded":7,"win_rate":0.0,"timestamp":1608302133,"path_taken":["R","?","E","?","M","E","T","R","E","R","M","?","?","?","M","BOSS","R","E","?","$","R","?","T","R","E","$","?","?","M","?","M","BOSS","R","?","E","M","E","R","T","?","?","R","?","?","M","?","M","BOSS","E","$","R","BOSS"],"items_purchased_type":["Relic","Card","Relic","Card","Card","Card","Card"],"build_version":"2020-12-13","purchased_purges":1,"victory":true,"max_hp_per_floor":[90,90,90,90,90,90,90,90,90,90,90,90,90,90,90,90,90,90,90,90,90,90,90,90,90,90,90,90,90,90,90,90,90,90,100,100,100,100,100,100,100,100,100,100,100,100,100,100,100,100,100,100,100,100,100],"card_choices":[{"not_picked":["champ:FocusedBerserking","champ:SwordSigil"],"picked":"champ:RisingSlash","floor":2},{"not_picked":["champ:Circumvent","champ:FalseCounter"],"picked":"champ:EnragedBash","floor":3},{"not_picked":["champ:SkillfulDodge","champ:FlashCut"],"picked":"champ:FocusedBerserking","floor":5},{"not_picked":["champ:BladeFlurry","champ:Backstep"],"picked":"champ:Duel","floor":6},{"not_picked":["champ:CrookedStrike","champ:Shatter"],"picked":"champ:RageSigil+1","floor":9},{"not_picked":["champ:Haymaker","champ:BringItOn+1"],"picked":"champ:AdrenalArmor+1","floor":11},{"not_picked":["champ:Balance+1","champ:FanOfKnives"],"picked":"champ:Backstep+1","floor":14},{"not_picked":["champ:PreciseThrust","champ:Duel"],"picked":"champ:FocusedBerserking+1","floor":15},{"not_picked":["champ:IgnorePain+1","champ:Devastate"],"picked":"champ:HoldFirm+1","floor":16},{"not_picked":["champ:DefensiveShout+1","champ:StanceDance+1"],"picked":"champ:Control+1","floor":19},{"not_picked":["champ:EnragedBash+1","champ:Circumvent+1"],"picked":"champ:AdrenalArmor+1","floor":20},{"not_picked":["champ:FlashCut+1","champ:BladeFlurry+1"],"picked":"champ:EnchantShield+1","floor":21},{"not_picked":["champ:RageSigil+1","champ:ShieldSigil+1"],"picked":"champ:Encircle+1","floor":23},{"not_picked":["champ:ShieldSigil+1","champ:GladiatorsShout+1"],"picked":"champ:AdrenalArmor+1","floor":26},{"not_picked":["champ:BerserkersShout+1","champ:BladeFlurry+1","champ:CrookedStrike+1"],"picked":"SKIP","floor":27},{"not_picked":["champ:SwordSigil+1","champ:BringItOn+1"],"picked":"champ:MurderStrike+1","floor":30},{"not_picked":["champ:StanceDance+1","champ:DefensiveShout+1","champ:SwordSigil+1"],"picked":"SKIP","floor":31},{"not_picked":["champ:StanceDance+1","champ:EnragedBash+1"],"picked":"champ:ArenaPreparation+1","floor":32},{"not_picked":["champ:PerfectedStrike+1","champ:AdrenalArmor+1"],"picked":"champ:VampiricStrike+1","floor":37},{"not_picked":["champ:Encircle+1","champ:Lariat+1"],"picked":"champ:StanceDance+1","floor":38},{"not_picked":["champ:PreciseThrust+1","champ:Backstep+1"],"picked":"champ:SwordThrow+1","floor":39},{"not_picked":["champ:FlashCut+1","champ:GladiatorsShout+1"],"picked":"champ:TornadoPunch+1","floor":43},{"not_picked":["champ:BladeFlurry+1","champ:BringItOn+1","champ:Backstep+1"],"picked":"SKIP","floor":47},{"not_picked":["expansioncontent:YouAreMine+1","expansioncontent:PrepareCrush+1"],"picked":"expansioncontent:GoopSpray+1","floor":48},{"not_picked":["champ:BringItOn+1","champ:StanceDance+1"],"picked":"champ:BerserkerStyle+1","floor":49},{"not_picked":["champ:FlashCut+1","champ:IronFortress+1","champ:ViciousMockery+1"],"picked":"SKIP","floor":52}],"player_experience":1650028,"relics_obtained":[{"floor":3,"key":"Akabeko"},{"floor":6,"key":"Ice Cream"},{"floor":7,"key":"Toxic Egg 2"},{"floor":9,"key":"Art of War"},{"floor":19,"key":"Molten Egg 2"},{"floor":26,"key":"Dream Catcher"},{"floor":37,"key":"CeramicFish"},{"floor":39,"key":"Anchor"},{"floor":41,"key":"Juzu Bracelet"},{"floor":42,"key":"TungstenRod"},{"floor":43,"key":"Guardian:GemstoneGun"},{"floor":52,"key":"Bag of Marbles"}],"event_choices":[{"damage_healed":0,"gold_gain":0,"player_choice":"Success","damage_taken":7,"relics_obtained":["Smiling Mask"],"max_hp_gain":0,"max_hp_loss":0,"event_name":"Scrap Ooze","floor":12,"gold_loss":0},{"cards_removed":["champ:Defend"],"damage_healed":0,"gold_gain":0,"player_choice":"Removed Skill","damage_taken":0,"max_hp_gain":0,"max_hp_loss":0,"event_name":"Falling","floor":36,"gold_loss":0},{"damage_healed":0,"gold_gain":0,"player_choice":"Fight","damage_taken":0,"max_hp_gain":0,"max_hp_loss":0,"event_name":"Mysterious Sphere","floor":42,"gold_loss":0}],"is_beta":false,"boss_relics":[{"not_picked":["champ:ChampionCrownUpgraded","Astrolabe"],"picked":"SlaversCollar"},{"not_picked":["expansioncontent:StudyCardRelic","Cursed Key"],"picked":"Sozu"}],"items_purged_floors":[46],"is_endless":false,"potions_floor_spawned":[6,9,15,16,19,20,31,32,38,42,47],"ascension_level":8}}