{"host":"fflyk188z5ncxlup","time":1608334750,"event":{"mods":["AchievementEnabler","BaseMod","Bestiary","Better Third Choice","Block Reminder","Colored Map","Colored Powertips","DeckTracker","Googly Eyes","Minty Spire (QoL Compilation)","StSLib","SuperFastMode"],"gold_per_floor":[12,12,12,24,38,55,55,69,92,103,103,118,50,65,65,141,141,156,35,49,324,339,372,382,382,382,393,393,412,9,20,20,20,104,104,114,123,135,135,135],"floor_reached":39,"playtime":1376,"items_purged":["Strike_B","Regret"],"score":698,"play_id":"a47f5a18-16da-47ca-969f-bb306054e648","local_time":"20201219083910","is_ascension_mode":true,"campfire_choices":[{"data":"Dualcast","floor":7.0,"key":"SMITH"},{"data":"Glacier","floor":11.0,"key":"SMITH"},{"floor":15.0,"key":"REST"},{"floor":25.0,"key":"REST"},{"floor":28.0,"key":"REST"},{"floor":32.0,"key":"REST"},{"data":"Creative AI","floor":33.0,"key":"SMITH"}],"circlet_count":0,"master_deck":["AscendersBane","Strike_B","Strike_B","Defend_B","Defend_B","Defend_B","Defend_B","Zap+1","Dualcast+1","Hello World","Glacier+1","Go for the Eyes","Ball Lightning","Consume","Ball Lightning","Electrodynamics","Ball Lightning","Leap+1","Creative AI+1","Core Surge","Fission"],"relics":["Cracked Core","TungstenRod","Regal Pillow","Nuclear Battery","CeramicFish","Bottled Flame","Anchor","SlaversCollar"],"acts_visited":["Exordium","TheCity","TheBeyond"],"potions_floor_usage":[],"damage_taken":[{"damage":0.0,"enemies":"Small Slimes","floor":1.0,"turns":3.0},{"damage":0.0,"enemies":"Cultist","floor":4.0,"turns":3.0},{"damage":1.0,"enemies":"Jaw Worm","floor":5.0,"turns":3.0},{"damage":8.0,"enemies":"Red Slaver","floor":6.0,"turns":3.0},{"damage":0.0,"enemies":"2 Fungi Beasts","floor":8.0,"turns":4.0},{"damage":8.0,"enemies":"Gremlin Gang","floor":10.0,"turns":6.0},{"damage":0.0,"enemies":"Large Slime","floor":12.0,"turns":5.0},{"damage":0.0,"enemies":"Looter","floor":14.0,"turns":4.0},{"damage":53.0,"enemies":"Slime Boss","floor":16.0,"turns":13.0},{"damage":9.0,"enemies":"3 Byrds","floor":18.0,"turns":3.0},{"damage":5.0,"enemies":"Chosen","floor":20.0,"turns":4.0},{"damage":17.0,"enemies":"Snake Plant","floor":22.0,"turns":4.0},{"damage":21.0,"enemies":"Gremlin Leader","floor":23.0,"turns":5.0},{"damage":7.0,"enemies":"Centurion and Healer","floor":24.0,"turns":7.0},{"damage":24.0,"enemies":"Snecko","floor":27.0,"turns":5.0},{"damage":21.0,"enemies":"Chosen and Byrds","floor":29.0,"turns":5.0},{"damage":18.0,"enemies":"Centurion and Healer","floor":31.0,"turns":5.0},{"damage":29.0,"enemies":"Collector","floor":34.0,"turns":10.0},{"damage":10.0,"enemies":"Orb Walker","floor":36.0,"turns":3.0},{"damage":4,"enemies":"3 Darklings","floor":38,"turns":4},{"damage":55,"enemies":"Maw","floor":39,"turns":8}],"seed_played":"-5720107527074757026","potions_obtained":[{"floor":1.0,"key":"Dexterity Potion"},{"floor":4.0,"key":"Energy Potion"},{"floor":8.0,"key":"Regen Potion"},{"floor":24.0,"key":"Dexterity Potion"},{"floor":31.0,"key":"FocusPotion"},{"floor":34.0,"key":"PotionOfCapacity"}],"is_trial":false,"path_per_floor":["M","?","?","M","M","M","R","M","T","M","R","M","$","M","R","B",null,"M","$","M","?","M","E","M","R","T","M","R","M","$","M","R","R","B",null,"M","?","M","M"],"character_chosen":"DEFECT","items_purchased":["Consume","Ball Lightning","Creative AI","Anchor"],"campfire_rested":4,"item_purchase_floors":[13,19,30,30],"current_hp_per_floor":[64,64,64,64,63,55,55,55,55,47,47,47,47,47,71,18,58,49,49,44,44,39,18,11,47,47,23,59,38,38,20,56,56,27,60,50,50,46,0,0],"gold":135,"neow_bonus":"ONE_RARE_RELIC","is_daily":false,"chose_seed":false,"campfire_upgraded":3,"win_rate":0.0,"timestamp":1608334750,"path_taken":["M","?","?","M","?","M","R","M","T","?","R","M","$","M","R","BOSS","M","$","M","?","M","E","M","R","T","M","R","?","$","M","R","R","BOSS","M","?","?","M"],"items_purchased_type":["Card","Card","Card","Relic"],"build_version":"2020-12-13","purchased_purges":2,"victory":false,"max_hp_per_floor":[71,71,71,71,71,71,71,71,71,71,71,71,71,71,71,71,71,71,71,71,71,71,71,71,71,71,71,71,71,71,71,71,71,71,71,71,71,71,71,71],"card_choices":[{"not_picked":["Reprogram","Streamline","Undo"],"picked":"SKIP","floor":1.0},{"not_picked":["Beam Cell","Cold Snap"],"picked":"Hello World","floor":4.0},{"not_picked":["Skim","Chill","Go for the Eyes"],"picked":"SKIP","floor":5.0},{"not_picked":["Gash","Hologram"],"picked":"Glacier","floor":6.0},{"not_picked":["Genetic Algorithm","Stack"],"picked":"Go for the Eyes","floor":8.0},{"not_picked":["Hologram","Reinforced Body"],"picked":"Ball Lightning","floor":10.0},{"not_picked":["Darkness","Double Energy","Redo"],"picked":"SKIP","floor":12.0},{"not_picked":["Lockon","Force Field"],"picked":"Ball Lightning","floor":14.0},{"not_picked":["Thunder Strike","Core Surge"],"picked":"Electrodynamics","floor":16.0},{"not_picked":["Reprogram","Steam","Doom and Gloom"],"picked":"SKIP","floor":18.0},{"not_picked":["Stack","Gash","Redo"],"picked":"SKIP","floor":20.0},{"not_picked":["Coolheaded","Blizzard","Gash"],"picked":"SKIP","floor":22.0},{"not_picked":["Hologram","Scrape+1","Doom and Gloom"],"picked":"SKIP","floor":23.0},{"not_picked":["Rebound","Steam","Go for the Eyes"],"picked":"SKIP","floor":24.0},{"not_picked":["Glacier","Leap","Doom and Gloom"],"picked":"SKIP","floor":27.0},{"not_picked":["Streamline","Steam Power"],"picked":"Leap+1","floor":29.0},{"not_picked":["Redo+1","Coolheaded","Sweeping Beam"],"picked":"SKIP","floor":31.0},{"not_picked":["Multi-Cast","Meteor Strike"],"picked":"Core Surge","floor":34.0},{"not_picked":["Go for the Eyes","Redo+1","Gash"],"picked":"SKIP","floor":36.0},{"not_picked":["Streamline","Reinforced Body","Beam Cell"],"picked":"SKIP","floor":38}],"player_experience":374383,"relics_obtained":[{"floor":9.0,"key":"Regal Pillow"},{"floor":23.0,"key":"CeramicFish"},{"floor":26.0,"key":"Bottled Flame"}],"event_choices":[{"damage_healed":0.0,"max_hp_gain":0.0,"max_hp_loss":0.0,"gold_gain":0.0,"event_name":"Living Wall","player_choice":"Grow","floor":2.0,"gold_loss":0.0,"damage_taken":0.0,"cards_upgraded":["Zap"]},{"cards_removed":["Strike_B"],"damage_healed":0.0,"max_hp_gain":0.0,"max_hp_loss":0.0,"gold_gain":0.0,"event_name":"Bonfire Elementals","player_choice":"Offered Basic","floor":3.0,"gold_loss":0.0,"damage_taken":0.0},{"damage_healed":0.0,"max_hp_gain":0.0,"max_hp_loss":0.0,"gold_gain":275.0,"event_name":"Golden Shrine","player_choice":"Desecrate","floor":21.0,"gold_loss":0.0,"damage_taken":0.0,"cards_obtained":["Regret"]},{"damage_healed":0,"gold_gain":0,"player_choice":"1 cards matched","damage_taken":0,"max_hp_gain":0,"max_hp_loss":0,"event_name":"Match and Keep!","floor":37,"gold_loss":0,"cards_obtained":["Fission"]}],"is_beta":false,"boss_relics":[{"not_picked":["Sozu","Astrolabe"],"picked":"Nuclear Battery"},{"not_picked":["Runic Dome","Black Star"],"picked":"SlaversCollar"}],"items_purged_floors":[19,30],"is_endless":false,"potions_floor_spawned":[1,4,8,16,18,24,27,31,34,36],"killed_by":"Maw","ascension_level":15}}