{"host":"3asmp5aovk69ekg9","time":1608280219,"event":{"mods":["BaseMod","BetterRewards","Colored Powertips","Hermit","Koishi","Magitek Elite","Minty Spire (QoL Compilation)","Permanent Neow","Remove Card Discount Mod","Shade Mod","StSLib","The Alterego","The Cursed","The Death Knight","The Fake Hero","The IronCluck","The Senshi","The Wild Card"],"gold_per_floor":[114,114,132,151,54,54,88,88,88,104,136,156,183,458,458,562,562,573,593,525,540,550,584,598,263,288,288,288,316,336,361,361,460,460,480,493,255,267,267,293,293,326,326,353,353,99,99,110,110,110,110,110,62,93,93],"floor_reached":56,"playtime":5398,"items_purged":["TheCursedMod:Dregs","TheCursedMod:CursedWand","TheCursedMod:CleanUpWorkshop","TheCursedMod:Strike_TheCursed","TheCursedMod:Strike_TheCursed","TheCursedMod:Strike_TheCursed","TheCursedMod:Defend_TheCursed","TheCursedMod:Strike_TheCursed","TheCursedMod:ReleasedKnowledge","Regret","TheCursedMod:CircleOfFlame","TheCursedMod:CircleOfFlame","TheCursedMod:CircleOfBlood","TheCursedMod:Mangle","TheCursedMod:Stigma","TheCursedMod:Stigma","TheCursedMod:StingEye","TheCursedMod:Mangle","TheCursedMod:Defend_TheCursed","TheCursedMod:Defend_TheCursed","TheCursedMod:Defend_TheCursed"],"score":1905,"play_id":"36f7364d-dad5-434f-9556-459e080719c3","local_time":"20201218003019","is_ascension_mode":true,"campfire_choices":[{"floor":6.0,"key":"REST"},{"floor":8.0,"key":"REST"},{"floor":15.0,"key":"REST"},{"floor":28.0,"key":"REST"},{"floor":32,"key":"REST"},{"floor":41,"key":"REST"},{"floor":45,"key":"RECALL"},{"data":"Panacea","floor":47,"key":"SMITH"},{"data":"TheCursedMod:CircleOfWindfury","floor":49,"key":"SMITH"},{"data":"TheCursedMod:CircleOfWindfury","floor":52,"key":"SMITH"}],"circlet_count":0,"master_deck":["TheCursedMod:Hemoplague","Panacea+1","TheCursedMod:CircleOfCorruption","TheCursedMod:SpreadPlague","TheCursedMod:CircleOfCorruption","Sadistic Nature","Good Instincts","TheCursedMod:CircleOfCorruption","TheCursedMod:CircleOfCorruption","TheCursedMod:Stretching","TheCursedMod:CircleOfCorruption","TheCursedMod:SaltUponWound","TheCursedMod:CircleOfWindfury+1","TheCursedMod:CircleOfWindfury+1","TheCursedMod:SpreadPlague","TheCursedMod:CircleOfAmplification","TheCursedMod:NeowsMight","TheCursedMod:Hemoplague","TheCursedMod:SpreadPlague","TheCursedMod:NeowsMight","TheCursedMod:Hemoplague","Good Instincts","TheCursedMod:CircleOfAbyss","TheCursedMod:Torture","TheCursedMod:Stretching","TheCursedMod:Stretching","CurseOfTheBell","TheCursedMod:WearCloak","Bandage Up","Bandage Up","Good Instincts","Good Instincts","TheCursedMod:CircleOfCorruption+1","TheCursedMod:Hemoplague+1","TheCursedMod:CircleOfWindfury+1"],"relics":["TheCursedMod:BlackMagic101","Oddly Smooth Stone","DeathKnight:SindragosasSkull","TheCursedMod:BloodyHarpoon","theSenshi:SuperSailorFukuRelic","Strawberry","Ancient Tea Set","SlaversCollar","Juzu Bracelet","Letter Opener","Happy Flower","Thread and Needle","DeathKnight:PutricidesVial","Calling Bell","Toy Ornithopter","Mercury Hourglass","TheCursedMod:MagicCandle","TheCursedMod:Tack","PreservedInsect","Mummified Hand","MealTicket","Lantern","Lee\u0027s Waffle","HornCleat"],"acts_visited":["Exordium","TheCity","TheBeyond","TheEnding"],"potions_floor_usage":[29,33,38,42,50,50,54,55,55,55],"damage_taken":[{"damage":0.0,"enemies":"2 Louse","floor":1.0,"turns":1.0},{"damage":6.0,"enemies":"Jaw Worm","floor":3.0,"turns":3.0},{"damage":0.0,"enemies":"Cultist","floor":4.0,"turns":2.0},{"damage":25.0,"enemies":"Lagavulin","floor":7.0,"turns":4.0},{"damage":0.0,"enemies":"2 Fungi Beasts","floor":10.0,"turns":3.0},{"damage":16.0,"enemies":"Gremlin Nob","floor":11.0,"turns":3.0},{"damage":0.0,"enemies":"Exordium Thugs","floor":12.0,"turns":3.0},{"damage":4.0,"enemies":"Lagavulin","floor":13.0,"turns":4.0},{"damage":0.0,"enemies":"The Guardian","floor":16.0,"turns":6.0},{"damage":25.0,"enemies":"2 Thieves","floor":18.0,"turns":4.0},{"damage":29.0,"enemies":"Spheric Guardian","floor":19.0,"turns":4.0},{"damage":0.0,"enemies":"Snake Plant","floor":21.0,"turns":2.0},{"damage":3.0,"enemies":"Sentry and Sphere","floor":22.0,"turns":3.0},{"damage":13.0,"enemies":"Gremlin Leader","floor":23.0,"turns":6.0},{"damage":5.0,"enemies":"Snecko","floor":24.0,"turns":3.0},{"damage":0,"enemies":"Book of Stabbing","floor":29,"turns":3},{"damage":0,"enemies":"3 Cultists","floor":30,"turns":4},{"damage":13,"enemies":"Slavers","floor":31,"turns":3},{"damage":0,"enemies":"Collector","floor":33,"turns":8},{"damage":0,"enemies":"3 Shapes","floor":35,"turns":3},{"damage":0,"enemies":"Orb Walker","floor":36,"turns":3},{"damage":0,"enemies":"Writhing Mass","floor":38,"turns":4},{"damage":25,"enemies":"Giant Head","floor":40,"turns":6},{"damage":1,"enemies":"Reptomancer","floor":42,"turns":3},{"damage":30,"enemies":"Giant Head","floor":44,"turns":7},{"damage":0,"enemies":"4 Shapes","floor":48,"turns":3},{"damage":15,"enemies":"Donu and Deca","floor":50,"turns":5},{"damage":32,"enemies":"Shield and Spear","floor":54,"turns":3},{"damage":62,"enemies":"The Heart","floor":55,"turns":5}],"seed_played":"2075022699418883184","potions_obtained":[{"floor":7.0,"key":"DeathKnight:BottledBloodEchoes"},{"floor":10.0,"key":"Strength Potion"},{"floor":11.0,"key":"AttackPotion"},{"floor":16.0,"key":"Fruit Juice"},{"floor":24.0,"key":"SpeedPotion"},{"floor":31,"key":"Explosive Potion"},{"floor":33,"key":"Dexterity Potion"},{"floor":35,"key":"Fire Potion"},{"floor":40,"key":"ColorlessPotion"},{"floor":54,"key":"DistilledChaos"}],"is_trial":false,"path_per_floor":["M","?","M","M","$","R","E","R","T","M","E","M","E","?","R","B",null,"M","M","$","M","M","E","M","$","T","?","R","E","M","E","R","B",null,"M","M","$","M","?","E","R","E","T","E","R","$","R","M","R","B",null,"R","$","E","B",null],"character_chosen":"THE_CURSED","items_purchased":["TheCursedMod:Stigma","Oddly Smooth Stone","DeathKnight:SindragosasSkull","TheCursedMod:Hemoplague","TheCursedMod:BloodyHarpoon","Panacea","TheCursedMod:Stigma","TheCursedMod:CircleOfCorruption","TheCursedMod:SpreadPlague","TheCursedMod:CircleOfCorruption","Sadistic Nature","Good Instincts","TheCursedMod:Mangle","TheCursedMod:Mangle","TheCursedMod:CircleOfFlame","Weak Potion","Good Instincts","Letter Opener","TheCursedMod:Tack","Bandage Up","Lee\u0027s Waffle","Block Potion","SkillPotion","Dexterity Potion"],"campfire_rested":6,"item_purchase_floors":[0,0,0,0,0,0,0,0,0,0,0,0,0,5,5,20,25,25,37,37,46,46,46,53],"current_hp_per_floor":[21,21,15,19,19,41,18,40,40,42,35,35,33,33,57,62,81,58,29,29,29,26,13,8,8,8,8,34,34,34,21,47,47,77,77,77,77,86,76,59,85,86,86,60,60,94,94,94,94,79,90,90,94,62,23],"gold":93,"neow_bonus":"","is_daily":false,"chose_seed":false,"campfire_upgraded":3,"win_rate":0.0,"timestamp":1608280219,"path_taken":["M","?","M","M","$","R","E","R","T","M","E","M","E","?","R","BOSS","M","?","$","M","M","E","M","$","T","?","R","E","M","E","R","BOSS","M","M","$","M","?","E","R","E","T","E","R","$","R","M","R","BOSS","R","$","E","BOSS"],"items_purchased_type":["Card","Relic","Relic","Card","Relic","Card","Card","Card","Card","Card","Card","Card","Card","Card","Card","Potion","Card","Relic","Relic","Card","Relic","Potion","Potion","Potion"],"build_version":"2020-12-13","purchased_purges":21,"victory":true,"max_hp_per_floor":[75,75,75,75,75,75,75,75,75,75,82,82,82,82,82,87,87,87,87,87,87,87,87,87,87,87,87,87,87,87,87,87,87,87,87,87,87,87,87,87,87,87,87,87,87,94,94,94,94,94,94,94,94,94,94],"card_choices":[{"not_picked":["TheCursedMod:Torture","TheCursedMod:SpitefulStrike"],"picked":"TheCursedMod:CircleOfCorruption","floor":1.0},{"not_picked":["TheCursedMod:SpitefulStrike","TheCursedMod:HellfireBreathing"],"picked":"TheCursedMod:CircleOfBlood","floor":3.0},{"not_picked":["TheCursedMod:SpitefulStrike","TheCursedMod:CursedAmulet"],"picked":"TheCursedMod:SaltUponWound","floor":4.0},{"not_picked":["TheCursedMod:VitalStrike","TheCursedMod:SurpriseAttack"],"picked":"TheCursedMod:CircleOfWindfury","floor":7.0},{"not_picked":["TheCursedMod:AshesToAshes","TheCursedMod:PrepareRite"],"picked":"TheCursedMod:CircleOfWindfury","floor":10.0},{"not_picked":["TheCursedMod:ShockAndAwe","TheCursedMod:RapidMovement"],"picked":"TheCursedMod:SpreadPlague","floor":11.0},{"not_picked":["TheCursedMod:AbyssShockwave","TheCursedMod:CircleOfFocus"],"picked":"TheCursedMod:CircleOfAmplification","floor":12.0},{"not_picked":["TheCursedMod:Wield","TheCursedMod:SpitefulPray"],"picked":"TheCursedMod:CircleOfFlame","floor":13.0},{"not_picked":["TheCursedMod:AntiAging","TheCursedMod:CollectTribute"],"picked":"TheCursedMod:NeowsMight","floor":16.0},{"not_picked":["TheCursedMod:Obscuration","TheCursedMod:SurpriseAttack","TheCursedMod:Wield"],"picked":"SKIP","floor":18.0},{"not_picked":["TheCursedMod:CursedBlade+1","TheCursedMod:FleshFromBone"],"picked":"TheCursedMod:Hemoplague","floor":19.0},{"not_picked":["TheCursedMod:CursedShiv","TheCursedMod:CursedAmulet+1"],"picked":"TheCursedMod:SpreadPlague","floor":21.0},{"not_picked":["TheCursedMod:Mangle+1","TheCursedMod:RavingStaff+1","TheCursedMod:RapidMovement"],"picked":"SKIP","floor":22.0},{"not_picked":["TheCursedMod:ManaBullet","TheCursedMod:HellsGateOpen"],"picked":"TheCursedMod:NeowsMight","floor":23.0},{"not_picked":["TheCursedMod:SmokeScreen","TheCursedMod:VitalStrike"],"picked":"TheCursedMod:Hemoplague","floor":24.0},{"not_picked":["TheCursedMod:SoulReap","TheCursedMod:Grudge+1","TheCursedMod:SpitefulStrike+1"],"picked":"SKIP","floor":29},{"not_picked":["TheCursedMod:StingEye+1","TheCursedMod:VitalStrike+1"],"picked":"TheCursedMod:Stretching","floor":30},{"not_picked":["TheCursedMod:BloodBarrier","TheCursedMod:TacticalStrike+1"],"picked":"TheCursedMod:Stretching","floor":31},{"not_picked":["TheCursedMod:LuckyCharm","TheCursedMod:Wield"],"picked":"TheCursedMod:WearCloak","floor":35},{"not_picked":["TheCursedMod:CursedBlade+1","TheCursedMod:TacticalStrike","TheCursedMod:DarkBarrier"],"picked":"SKIP","floor":36},{"not_picked":["TheCursedMod:RapidMovement","TheCursedMod:SpitefulStrike+1","TheCursedMod:AbyssShockwave+1"],"picked":"SKIP","floor":38},{"not_picked":["The Bomb","Violence"],"picked":"Bandage Up","floor":39},{"not_picked":["Transmutation","Deep Breath"],"picked":"Good Instincts","floor":39},{"not_picked":["Flash of Steel","Transmutation"],"picked":"Good Instincts","floor":39},{"not_picked":["TheCursedMod:FuryStrike+1","TheCursedMod:CursedMace+1"],"picked":"TheCursedMod:CircleOfCorruption+1","floor":40},{"not_picked":["TheCursedMod:Evocation+1","TheCursedMod:ReleasedStrength+1","TheCursedMod:HellfireBreathing"],"picked":"SKIP","floor":42},{"not_picked":["TheCursedMod:CircleOfCorruption","TheCursedMod:CursedShiv"],"picked":"TheCursedMod:Hemoplague+1","floor":44},{"not_picked":["TheCursedMod:CursedMace+1","TheCursedMod:ManaBullet+1"],"picked":"TheCursedMod:CircleOfWindfury+1","floor":48},{"not_picked":["TheCursedMod:HellfireBreathing+1","TheCursedMod:FuryStrike","TheCursedMod:StunningStrike"],"picked":"SKIP","floor":54}],"player_experience":1067294,"relics_obtained":[{"floor":7.0,"key":"theSenshi:SuperSailorFukuRelic"},{"floor":11.0,"key":"Strawberry"},{"floor":13.0,"key":"Ancient Tea Set"},{"floor":23.0,"key":"Juzu Bracelet"},{"floor":26.0,"key":"Happy Flower"},{"floor":29,"key":"Thread and Needle"},{"floor":31,"key":"DeathKnight:PutricidesVial"},{"floor":34,"key":"Toy Ornithopter"},{"floor":34,"key":"Mercury Hourglass"},{"floor":34,"key":"TheCursedMod:MagicCandle"},{"floor":40,"key":"PreservedInsect"},{"floor":42,"key":"Mummified Hand"},{"floor":43,"key":"MealTicket"},{"floor":44,"key":"Lantern"},{"floor":54,"key":"HornCleat"}],"event_choices":[{"damage_healed":0.0,"max_hp_gain":0.0,"max_hp_loss":0.0,"gold_gain":275.0,"event_name":"Golden Shrine","player_choice":"Desecrate","floor":14.0,"gold_loss":0.0,"damage_taken":0.0,"cards_obtained":["Regret"]},{"damage_healed":0.0,"max_hp_gain":0.0,"max_hp_loss":0.0,"gold_gain":0.0,"event_name":"Match and Keep!","player_choice":"2 cards matched","floor":27.0,"gold_loss":0.0,"damage_taken":0.0,"cards_obtained":["TheCursedMod:CircleOfAbyss","TheCursedMod:Torture"]},{"damage_healed":0,"gold_gain":0,"player_choice":"Memory 3","damage_taken":10,"max_hp_gain":0,"max_hp_loss":0,"event_name":"SensoryStone","floor":39,"gold_loss":0}],"is_beta":false,"boss_relics":[{"not_picked":["TheCursedMod:BlackMagicAdvanced","TheCursedMod:OminousMark"],"picked":"SlaversCollar"},{"not_picked":["Runic Pyramid","Tiny House"],"picked":"Calling Bell"}],"items_purged_floors":[0,0,0,0,0,0,0,5,5,20,20,20,20,20,20,20,20,20,46,46,46],"is_endless":false,"potions_floor_spawned":[7,10,11,12,16,21,24,31,33,35,40,48,54],"ascension_level":7}}