{"host":"5u4m3sklrpw6xc20","time":1608260769,"event":{"mods":["2.2 Compatiblity","BaseMod","Better Third Choice","CapriCore","Colored Map","Hermit","Hubris","Infinite Spire","Minty Spire (QoL Compilation)","Permanent Neow","Replay The Spire","Shade Mod","Spicy Shops","StSLib","SuperFastMode","The Cursed","The Gatherer","The Immortal","The Necromancer","The Runesmith"],"gold_per_floor":[111,111,36,55,55,55,68,18,18,18,18,28,28,59,59,158,158,168,168,199,211,310,340,355,355,379,379,393,13,13,13,13,112,112,124,124,124,140,490,523,536,536,536,411,411,411,411],"floor_reached":46,"playtime":1029,"items_purged":["Strike_R","Voices","hubris:Compulsion"],"score":512,"play_id":"c5d9ffdf-5336-4a24-b460-3572a7363d4d","local_time":"20201217210609","is_ascension_mode":false,"campfire_choices":[{"data":"Searing Blow","floor":6,"key":"SMITH"},{"data":"Searing Blow+1","floor":15,"key":"SMITH"},{"data":"Searing Blow+2","floor":25,"key":"SMITH"},{"data":"Searing Blow+3","floor":27,"key":"SMITH"},{"data":"Searing Blow+4","floor":32,"key":"SMITH"},{"data":"Double Tap","floor":42,"key":"SMITH"},{"data":"Searing Blow+5","floor":45,"key":"SMITH"}],"circlet_count":0,"master_deck":["Defend_R","Defend_R","Defend_R","Defend_R","Searing Blow+6","infinitespire:OneForAll+1","Double Tap+1","hubris:Lust"],"relics":["Burning Blood","hubris:Icosahedron","Ancient Tea Set","Question Card","Cursed Key","Red Mask","HornCleat","StrikeDummy","infinitespire:PuzzleCube","White Beast Statue","hubris:VirtuousBlindfold","Ring of Greed","Golden Egg","Old Coin","Lantern","hubris:IronBody"],"acts_visited":["Exordium","TheCity","TheBeyond"],"potions_floor_usage":[16,24,24],"damage_taken":[{"damage":8,"enemies":"Jaw Worm","floor":1,"turns":5},{"damage":2,"enemies":"Small Slimes","floor":4,"turns":4},{"damage":0,"enemies":"2 Louse","floor":7,"turns":3},{"damage":8,"enemies":"2 Fungi Beasts","floor":12,"turns":4},{"damage":0,"enemies":"3 Sentries","floor":14,"turns":1},{"damage":37,"enemies":"Hexaghost","floor":16,"turns":8},{"damage":1,"enemies":"Chosen","floor":18,"turns":6},{"damage":0,"enemies":"Masked Bandits","floor":20,"turns":1},{"damage":14,"enemies":"2 Thieves","floor":21,"turns":4},{"damage":48,"enemies":"Nightmare","floor":23,"turns":9},{"damage":0,"enemies":"Snecko","floor":24,"turns":3},{"damage":15,"enemies":"3 Cultists","floor":28,"turns":5},{"damage":62,"enemies":"Champ","floor":33,"turns":8},{"damage":1,"enemies":"3 Shapes","floor":35,"turns":5},{"damage":0,"enemies":"Orb Walker","floor":38,"turns":2},{"damage":66,"enemies":"Nightmare","floor":40,"turns":5},{"damage":0,"enemies":"3 Darklings","floor":41,"turns":1},{"damage":0,"enemies":"Maw","floor":46,"turns":2}],"seed_played":"-8603157667763377055","potions_obtained":[{"floor":7,"key":"Languid Potion"},{"floor":12,"key":"Fire Potion"},{"floor":21,"key":"BlessingOfTheForge"},{"floor":28,"key":"SteroidPotion"},{"floor":33,"key":"Dexterity Potion"},{"floor":35,"key":"Energy Potion"}],"is_trial":false,"path_per_floor":["M","?","$","M","?","R","M","?","T","?","$","M","?","E","R","B",null,"M","?","?","M","?","NM","M","R","T","R","M","$","T","?","R","B",null,"M","?","$","M","?","NM","M","R","T","$","R","M"],"character_chosen":"IRONCLAD","items_purchased":["StrikeDummy","infinitespire:PuzzleCube"],"campfire_rested":0,"item_purchase_floors":[29,29],"current_hp_per_floor":[78,78,78,80,80,80,80,80,80,80,80,78,78,80,80,49,80,80,80,80,75,75,83,83,83,83,83,74,74,74,74,74,18,83,83,79,79,79,79,19,25,25,25,25,25,25,25],"gold":411,"neow_bonus":"REMOVE_CARD","is_daily":false,"chose_seed":false,"campfire_upgraded":7,"win_rate":0.0,"timestamp":1608260769,"path_taken":["M","?","$","M","?","R","M","?","T","?","$","M","?","E","R","BOSS","M","?","?","M","?","NM","M","R","T","R","M","$","?","?","R","BOSS","M","?","$","M","?","NM","M","R","T","$","R","M"],"items_purchased_type":["Relic","Relic"],"build_version":"2020-12-13","purchased_purges":3,"victory":false,"max_hp_per_floor":[80,80,80,80,80,80,80,80,80,80,80,80,80,80,80,80,80,80,80,80,83,83,83,83,83,83,83,83,83,83,83,83,83,83,83,79,79,79,79,79,79,79,79,79,79,79,79],"card_choices":[{"not_picked":["Infernal Blade","Flame Barrier"],"picked":"Searing Blow","floor":1},{"not_picked":["Iron Wave","Cleave","Dual Wield"],"picked":"SKIP","floor":4},{"not_picked":["Bloodletting","Thunderclap","ReplayTheSpireMod:Stacked"],"picked":"SKIP","floor":7},{"not_picked":["Second Wind","Flex","Wild Strike"],"picked":"SKIP","floor":12},{"not_picked":["Shrug It Off","Whirlwind","Intimidate"],"picked":"SKIP","floor":14},{"not_picked":["Corruption","Bludgeon","Replay:Many Hands"],"picked":"Feed","floor":16},{"not_picked":["Sentinel","Spot Weakness","Perfected Strike","Thunderclap"],"picked":"SKIP","floor":18},{"not_picked":["Perfected Strike","Iron Wave+1","Intimidate"],"picked":"infinitespire:OneForAll+1","floor":21},{"not_picked":["Clash","Cleave","Bludgeon","Massacre"],"picked":"SKIP","floor":23},{"not_picked":["Thunderclap+1","Pommel Strike","Iron Wave+1","Armaments"],"picked":"SKIP","floor":24},{"not_picked":["Combust","Twin Strike+1","Power Through","Ghostly Armor"],"picked":"SKIP","floor":28},{"not_picked":["Replay:Many Hands","Eclipse","Feed"],"picked":"Double Tap","floor":33},{"not_picked":["Power Through+1","Run Through+1","Defy Death+1","Combust"],"picked":"SKIP","floor":35},{"not_picked":["Thunderclap+1","Shrug It Off","Warcry+1","Rampage+1"],"picked":"SKIP","floor":38},{"not_picked":["Anger+1","Wild Strike","Corruption","Armaments+1"],"picked":"SKIP","floor":40},{"not_picked":["Infernal Blade","Sword Boomerang+1","Headbutt+1","Flex+1"],"picked":"SKIP","floor":41}],"player_experience":255376,"relics_obtained":[{"floor":9,"key":"Ancient Tea Set"},{"floor":14,"key":"Question Card"},{"floor":20,"key":"Red Mask"},{"floor":23,"key":"HornCleat"},{"floor":30,"key":"White Beast Statue"},{"floor":39,"key":"Ring of Greed"},{"floor":39,"key":"Golden Egg"},{"floor":39,"key":"Old Coin"},{"floor":40,"key":"Lantern"},{"floor":43,"key":"hubris:IronBody"}],"event_choices":[{"damage_healed":0,"gold_gain":0,"player_choice":"Ignored","damage_taken":111,"max_hp_gain":0,"max_hp_loss":0,"event_name":"betterThird:BetterSerpent","floor":2,"gold_loss":0},{"cards_removed":["Strike_R"],"damage_healed":0,"gold_gain":0,"player_choice":"Card Removal","damage_taken":0,"max_hp_gain":0,"max_hp_loss":0,"event_name":"The Cleric","floor":8,"gold_loss":50},{"damage_healed":26,"gold_gain":0,"player_choice":"Heal","damage_taken":0,"max_hp_gain":0,"max_hp_loss":0,"event_name":"The Library","floor":19,"gold_loss":0},{"damage_healed":0,"gold_gain":0,"player_choice":"Fought Bandits","damage_taken":0,"max_hp_gain":0,"max_hp_loss":0,"event_name":"Masked Bandits","floor":20,"gold_loss":0},{"damage_healed":0,"gold_gain":99,"player_choice":"Steal","damage_taken":0,"max_hp_gain":0,"max_hp_loss":0,"event_name":"betterThird:BetterNest","floor":22,"gold_loss":0},{"damage_healed":0,"gold_gain":0,"player_choice":"Ignored","damage_taken":0,"max_hp_gain":0,"max_hp_loss":0,"event_name":"Vampires","floor":31,"gold_loss":0},{"damage_healed":0,"gold_gain":0,"player_choice":"Max HP","damage_taken":0,"max_hp_gain":0,"max_hp_loss":4,"event_name":"Winding Halls","floor":36,"gold_loss":0}],"is_beta":false,"boss_relics":[{"not_picked":["ReplayTheSpireMod:SealedPack","hubris:Stopwatch"],"picked":"Cursed Key"},{"not_picked":["Replay:Bronze Core","ReplayTheSpireMod:DimensionalGlitch"],"picked":"hubris:VirtuousBlindfold"}],"items_purged_floors":[3,29,44],"is_endless":true,"potions_floor_spawned":[7,12,21,28,33,35,38,40,41],"killed_by":"Maw","ascension_level":0}}