{"host":"soyfmymeou4emntr","time":1608250565,"event":{"mods":["BaseMod","Minty Spire (QoL Compilation)","Relic Sorter","Relic Stats","StSLib"],"gold_per_floor":[211,211,211,229,20,20,56,72,144,185,185,216,216,237,237,332,332,357,357,373,44,44,57,57,93,147,147,162,197,197,240,240,240,240],"floor_reached":33,"playtime":1978,"items_purged":["Strike_R"],"score":742,"play_id":"d06f50d2-6474-4cb8-89dc-2fa3d3fec7c1","local_time":"20201217171605","is_ascension_mode":true,"campfire_choices":[{"data":"Bash","floor":6.0,"key":"SMITH"},{"data":"Heavy Blade","floor":11.0,"key":"SMITH"},{"data":"Spot Weakness","floor":13.0,"key":"SMITH"},{"data":"Sword Boomerang","floor":15.0,"key":"SMITH"},{"floor":24.0,"key":"REST"},{"floor":30.0,"key":"REST"},{"floor":32.0,"key":"REST"}],"circlet_count":0,"master_deck":["AscendersBane","Strike_R","Strike_R","Strike_R","Defend_R","Defend_R","Defend_R","Defend_R","Bash+1","Hemokinesis","Cleave","Spot Weakness+1","Sword Boomerang+1","Sword Boomerang","Disarm","Heavy Blade+1","Pummel","Burning Pact","Demon Form","Shrug It Off","Fire Breathing","Burning Pact+1","Spot Weakness+1","Sword Boomerang","Shrug It Off+1","Ghostly Armor+1"],"relics":["Burning Blood","Golden Idol","Vajra","Mummified Hand","PreservedInsect","Mercury Hourglass","Fusion Hammer","Nilry\u0027s Codex","Ice Cream","Tiny Chest","Blood Vial","Peace Pipe","Meat on the Bone"],"acts_visited":["Exordium","TheCity"],"potions_floor_usage":[33,33],"damage_taken":[{"damage":6.0,"enemies":"Jaw Worm","floor":1.0,"turns":5.0},{"damage":13.0,"enemies":"2 Louse","floor":4.0,"turns":2.0},{"damage":27.0,"enemies":"Lagavulin","floor":7.0,"turns":6.0},{"damage":1.0,"enemies":"Cultist","floor":8.0,"turns":3.0},{"damage":11.0,"enemies":"Gremlin Nob","floor":10.0,"turns":3.0},{"damage":20.0,"enemies":"Lagavulin","floor":12.0,"turns":4.0},{"damage":11.0,"enemies":"Exordium Wildlife","floor":14.0,"turns":3.0},{"damage":2.0,"enemies":"Slime Boss","floor":16.0,"turns":5.0},{"damage":6.0,"enemies":"Spheric Guardian","floor":18.0,"turns":3.0},{"damage":14.0,"enemies":"3 Byrds","floor":20.0,"turns":4.0},{"damage":17.0,"enemies":"Snake Plant","floor":23.0,"turns":3.0},{"damage":38.0,"enemies":"Slavers","floor":25.0,"turns":3.0},{"damage":25.0,"enemies":"Centurion and Healer","floor":28.0,"turns":5.0},{"damage":15.0,"enemies":"Gremlin Leader","floor":29.0,"turns":4.0},{"damage":29.0,"enemies":"Book of Stabbing","floor":31.0,"turns":4.0},{"damage":66,"enemies":"Automaton","floor":33,"turns":6}],"seed_played":"-3508059427886695885","potions_obtained":[{"floor":1.0,"key":"Block Potion"},{"floor":8.0,"key":"BloodPotion"},{"floor":14.0,"key":"BloodPotion"},{"floor":25.0,"key":"Explosive Potion"},{"floor":29.0,"key":"EntropicBrew"}],"is_trial":false,"path_per_floor":["M","?","?","M","$","R","E","M","T","E","R","E","R","M","R","B",null,"M","?","M","$","?","M","R","E","T","?","M","E","R","E","R","B"],"character_chosen":"IRONCLAD","items_purchased":["Spot Weakness","Sword Boomerang","Ice Cream"],"campfire_rested":3,"item_purchase_floors":[5,5,21],"current_hp_per_floor":[68,68,61,54,54,54,33,38,38,33,33,19,19,14,14,18,56,56,35,27,27,41,30,50,31,31,31,14,20,40,19,39,0,0],"gold":240,"neow_bonus":"HUNDRED_GOLD","is_daily":false,"chose_seed":false,"campfire_upgraded":4,"win_rate":0.0,"timestamp":1608250565,"path_taken":["M","?","?","M","$","R","E","M","T","E","R","E","R","M","R","BOSS","M","?","M","$","?","M","R","E","T","?","?","E","R","E","R","BOSS"],"items_purchased_type":["Card","Card","Relic"],"build_version":"2020-12-13","purchased_purges":1,"victory":false,"max_hp_per_floor":[75,68,68,68,68,68,68,68,68,68,68,68,68,68,68,68,68,68,68,68,68,68,68,68,68,68,68,68,68,68,68,68,68,68],"relic_stats":{"Blood Vial":8,"Peace Pipe":0,"counters":[16,63],"Golden Idol":88,"Mummified Hand":[8],"Tiny Chest":0,"PreservedInsect":160,"obtain_stats":[{"Ice Cream":21,"Golden Idol":2,"Nilry\u0027s Codex":19,"Vajra":7,"PreservedInsect":10,"Burning Blood":0,"Mercury Hourglass":12,"Blood Vial":26,"Peace Pipe":29,"Mummified Hand":9,"Tiny Chest":25,"Fusion Hammer":17,"Meat on the Bone":31},{"Ice Cream":10,"Golden Idol":1,"Nilry\u0027s Codex":9,"Vajra":3,"PreservedInsect":5,"Burning Blood":0,"Mercury Hourglass":6,"Blood Vial":12,"Peace Pipe":14,"Mummified Hand":4,"Tiny Chest":12,"Fusion Hammer":8,"Meat on the Bone":15},{"Ice Cream":38,"Golden Idol":5,"Nilry\u0027s Codex":34,"Vajra":13,"PreservedInsect":19,"Burning Blood":0,"Mercury Hourglass":23,"Blood Vial":44,"Peace Pipe":53,"Mummified Hand":16,"Tiny Chest":44,"Fusion Hammer":31,"Meat on the Bone":57}],"Burning Blood":90,"Mercury Hourglass":[189],"Meat on the Bone":0},"card_choices":[{"not_picked":["Rupture","Shrug It Off"],"picked":"Hemokinesis","floor":1.0},{"not_picked":["Wild Strike","Power Through"],"picked":"Cleave","floor":4.0},{"not_picked":["Searing Blow","Headbutt"],"picked":"Sword Boomerang","floor":7.0},{"not_picked":["Headbutt","Twin Strike"],"picked":"Disarm","floor":8.0},{"not_picked":["Brutality","Second Wind"],"picked":"Heavy Blade","floor":10.0},{"not_picked":["Burning Pact","Rampage"],"picked":"Pummel","floor":12.0},{"not_picked":["Anger","Flex"],"picked":"Burning Pact","floor":14.0},{"not_picked":["Bludgeon","Brutality"],"picked":"Demon Form","floor":16.0},{"not_picked":["Pommel Strike","Clash"],"picked":"Shrug It Off","floor":18.0},{"not_picked":["Body Slam","Seeing Red"],"picked":"Fire Breathing","floor":20.0},{"not_picked":["Havoc","Sentinel","Burning Pact"],"picked":"SKIP","floor":23.0},{"not_picked":["Brutality","Pommel Strike"],"picked":"Burning Pact+1","floor":25.0},{"not_picked":["Body Slam","Rage"],"picked":"Sword Boomerang","floor":28.0},{"not_picked":["Berserk","True Grit"],"picked":"Shrug It Off+1","floor":29.0},{"not_picked":["Body Slam+1","Bloodletting"],"picked":"Ghostly Armor+1","floor":31.0}],"player_experience":2587842,"relics_obtained":[{"floor":7.0,"key":"Vajra"},{"floor":9.0,"key":"Mummified Hand"},{"floor":10.0,"key":"PreservedInsect"},{"floor":12.0,"key":"Mercury Hourglass"},{"floor":19.0,"key":"Nilry\u0027s Codex"},{"floor":25.0,"key":"Tiny Chest"},{"floor":26.0,"key":"Blood Vial"},{"floor":29.0,"key":"Peace Pipe"},{"floor":31.0,"key":"Meat on the Bone"}],"event_choices":[{"damage_healed":0.0,"max_hp_gain":0.0,"max_hp_loss":7.0,"gold_gain":0.0,"event_name":"Golden Idol","player_choice":"Lose Max HP","floor":2.0,"gold_loss":0.0,"damage_taken":0.0,"relics_obtained":["Golden Idol"]},{"cards_removed":["Strike_R"],"damage_healed":0.0,"max_hp_gain":0.0,"max_hp_loss":0.0,"gold_gain":0.0,"event_name":"Golden Wing","player_choice":"Card Removal","floor":3.0,"gold_loss":0.0,"damage_taken":7.0},{"damage_healed":0.0,"max_hp_gain":0.0,"max_hp_loss":0.0,"gold_gain":0.0,"event_name":"Cursed Tome","player_choice":"Obtained Book","floor":19.0,"gold_loss":0.0,"damage_taken":21.0},{"damage_healed":14.0,"max_hp_gain":0.0,"max_hp_loss":0.0,"gold_gain":0.0,"event_name":"The Library","player_choice":"Heal","floor":22.0,"gold_loss":0.0,"damage_taken":0.0},{"damage_healed":0.0,"max_hp_gain":0.0,"max_hp_loss":0.0,"gold_gain":0.0,"event_name":"Duplicator","player_choice":"Copied","floor":27.0,"gold_loss":0.0,"damage_taken":0.0,"cards_obtained":["Spot Weakness"]}],"is_beta":false,"boss_relics":[{"not_picked":["SacredBark","Runic Cube"],"picked":"Fusion Hammer"}],"items_purged_floors":[5],"is_endless":false,"potions_floor_spawned":[1,8,14,16,25,28,29],"killed_by":"Automaton","ascension_level":20}}