{"host":"zuc5xqvlhed5q6ad","time":1608303618,"event":{"mods":["BaseMod","Block Reminder","Colored Powertips","Halation","Highlight Path","Mimic Mod","Minty Spire (QoL Compilation)","Permanent Neow","Practice Mode","Quick Restart","Spikes Relics","StSLib","UnlockEverythingMod"],"gold_per_floor":[119,119,119,119,133,133,164,177,207,133,143,143,153,153,153,255,255,271,284,301,315,315,350,350,198,222,242,242,242,256,284,284,387,437,456,469,469,469,479,212,212,232,286,286,286],"floor_reached":44,"playtime":2452,"items_purged":[],"score":430,"play_id":"198eb4c2-609b-4e7b-afe9-214a0588d479","local_time":"20201218180018","is_ascension_mode":false,"campfire_choices":[{"data":"Zap","floor":6,"key":"SMITH"},{"floor":12,"key":"REST"},{"data":"Loop","floor":15,"key":"SMITH"},{"floor":24,"key":"REST"},{"data":"Defragment","floor":28,"key":"SMITH"},{"floor":32,"key":"REST"},{"data":"Static Discharge","floor":41,"key":"SMITH"}],"circlet_count":0,"master_deck":["Strike_B+1","Strike_B+1","Strike_B+1","Strike_B+1","Defend_B+1","Defend_B+1","Defend_B+1","Defend_B+1","Zap+1","Dualcast+1","Defragment+1","Beam Cell+1","Go for the Eyes+1","Loop+1","Ball Lightning","Conserve Battery","Defragment+1","FTL","Hologram+1","Loop+1","Electrodynamics","Auto Shields+1","Ball Lightning","Static Discharge+1","Static Discharge","Conserve Battery+1","Go for the Eyes+1"],"relics":["Cracked Core","SnailShell","Bag of Marbles","SlaversCollar","SuspiciousGoo","Whetstone","halation:LettersToHer","MutagenicStrength","Red Mask","Tiny House","halation:EternalFortune","RollingBoulder","War Paint"],"acts_visited":["Exordium","TheCity","TheBeyond"],"potions_floor_usage":[16,16,33,33],"damage_taken":[{"damage":5,"enemies":"Small Slimes","floor":1,"turns":3},{"damage":3,"enemies":"2 Louse","floor":5,"turns":2},{"damage":30,"enemies":"Gremlin Nob","floor":7,"turns":4},{"damage":0,"enemies":"Cultist","floor":8,"turns":2},{"damage":3,"enemies":"Blue Slaver","floor":9,"turns":5},{"damage":0,"enemies":"Blue Slaver","floor":11,"turns":3},{"damage":0,"enemies":"Looter","floor":13,"turns":2},{"damage":35,"enemies":"The Guardian","floor":16,"turns":7},{"damage":0,"enemies":"Spheric Guardian","floor":18,"turns":3},{"damage":11,"enemies":"Shell Parasite","floor":19,"turns":5},{"damage":13,"enemies":"Snake Plant","floor":20,"turns":4},{"damage":5,"enemies":"Cultist and Chosen","floor":21,"turns":5},{"damage":24,"enemies":"Book of Stabbing","floor":23,"turns":5},{"damage":6,"enemies":"Centurion and Healer","floor":27,"turns":7},{"damage":13,"enemies":"Snecko","floor":30,"turns":5},{"damage":22,"enemies":"Masked Bandits","floor":31,"turns":5},{"damage":44,"enemies":"Champ","floor":33,"turns":7},{"damage":10,"enemies":"Orb Walker","floor":35,"turns":4},{"damage":0,"enemies":"3 Shapes","floor":36,"turns":3},{"damage":13,"enemies":"Spire Growth","floor":39,"turns":4},{"damage":48,"enemies":"Jaw Worm Horde","floor":42,"turns":3},{"damage":13,"enemies":"Sphere and 2 Shapes","floor":44,"turns":3}],"seed_played":"5413008089558886581","potions_obtained":[{"floor":0,"key":"Weak Potion"},{"floor":0,"key":"Dexterity Potion"},{"floor":0,"key":"Explosive Potion"},{"floor":1,"key":"FairyPotion"},{"floor":5,"key":"FocusPotion"},{"floor":11,"key":"BlessingOfTheForge"},{"floor":20,"key":"Strength Potion"},{"floor":21,"key":"SpeedPotion"},{"floor":27,"key":"EntropicBrew"}],"is_trial":false,"path_per_floor":["M","?","?","?","M","R","E","M","MIM","$","M","R","M","?","R","B",null,"M","M","M","M","?","E","R","$","T","M","R","?","M","?","R","B",null,"M","M","?","?","M","$","R","M","T","M"],"character_chosen":"DEFECT","items_purchased":["Loop","Whetstone","RollingBoulder","Static Discharge","Conserve Battery"],"campfire_rested":3,"item_purchase_floors":[10,25,40,40,40],"current_hp_per_floor":[70,70,70,70,67,67,37,37,34,34,34,56,56,56,56,21,75,75,64,51,46,46,22,44,44,44,38,38,38,25,3,25,22,80,70,70,73,73,60,60,60,12,12,0,0],"gold":286,"neow_bonus":"THREE_SMALL_POTIONS","is_daily":false,"chose_seed":false,"campfire_upgraded":4,"win_rate":0.0,"timestamp":1608303618,"path_taken":["M","?","?","?","M","R","E","?","MIM","$","M","R","M","?","R","BOSS","M","M","M","M","?","E","R","$","T","M","R","?","M","?","R","BOSS","M","M","?","?","?","$","R","M","T","M"],"items_purchased_type":["Card","Relic","Relic","Card","Card"],"build_version":"2020-12-13","purchased_purges":0,"victory":false,"max_hp_per_floor":[75,75,75,75,75,75,75,75,75,75,75,75,75,75,75,75,75,75,75,75,75,75,75,75,75,75,75,75,75,75,75,75,75,80,80,80,83,83,83,83,83,83,83,83,83],"card_choices":[{"not_picked":["Blizzard","FTL"],"picked":"Defragment","floor":1},{"not_picked":["Stack","Scrape","Beam Cell"],"picked":"SKIP","floor":5},{"not_picked":["Steam Power","Fission","RefreshScreen"],"picked":"SKIP","floor":7},{"not_picked":["RefreshScreen","Streamline"],"picked":"Beam Cell","floor":8},{"not_picked":["Compile Driver","Self Repair"],"picked":"Go for the Eyes","floor":9},{"not_picked":["Glacier","Darkness","Heatsinks"],"picked":"SKIP","floor":11},{"not_picked":["Beam Cell","Hologram"],"picked":"Ball Lightning","floor":13},{"not_picked":["Redo","Sweeping Beam"],"picked":"Conserve Battery","floor":18},{"not_picked":["BootSequence","Barrage","Cold Snap+1"],"picked":"SKIP","floor":19},{"not_picked":["Stack","Hyperbeam"],"picked":"Defragment","floor":20},{"not_picked":["Doom and Gloom","Stack"],"picked":"FTL","floor":21},{"not_picked":["Force Field","Scrape"],"picked":"Hologram","floor":23},{"not_picked":["Turbo","Barrage","Stack+1"],"picked":"SKIP","floor":27},{"not_picked":["Redo","Cold Snap"],"picked":"Loop","floor":30},{"not_picked":["Thunder Strike","Fission"],"picked":"Electrodynamics","floor":33},{"not_picked":["Sweeping Beam","Streamline"],"picked":"Auto Shields+1","floor":34},{"not_picked":["Steam+1","Stack"],"picked":"Ball Lightning","floor":35},{"not_picked":["Hologram","Beam Cell+1","Cold Snap+1"],"picked":"SKIP","floor":36},{"not_picked":["Leap","Beam Cell+1"],"picked":"Static Discharge","floor":39},{"not_picked":["Melter","Barrage+1"],"picked":"Go for the Eyes+1","floor":42}],"player_experience":103061,"relics_obtained":[{"floor":7,"key":"SnailShell"},{"floor":9,"key":"Bag of Marbles"},{"floor":23,"key":"SuspiciousGoo"},{"floor":26,"key":"halation:LettersToHer"},{"floor":31,"key":"Red Mask"},{"floor":43,"key":"halation:LettersToHer"},{"floor":43,"key":"War Paint"}],"event_choices":[{"damage_healed":0,"gold_gain":0,"player_choice":"Grow","damage_taken":0,"max_hp_gain":0,"max_hp_loss":0,"event_name":"Living Wall","floor":2,"gold_loss":0,"cards_upgraded":["Defragment"]},{"damage_healed":0,"gold_gain":0,"player_choice":"Leave","damage_taken":0,"max_hp_gain":0,"max_hp_loss":0,"event_name":"The Cleric","floor":3,"gold_loss":0},{"damage_healed":0,"gold_gain":0,"player_choice":"Ignored","damage_taken":0,"max_hp_gain":0,"max_hp_loss":0,"event_name":"WeMeetAgain","floor":4,"gold_loss":0},{"damage_healed":0,"gold_gain":0,"player_choice":"Ignored","damage_taken":0,"max_hp_gain":0,"max_hp_loss":0,"event_name":"Golden Wing","floor":14,"gold_loss":0},{"damage_healed":0,"gold_gain":0,"player_choice":"Simplicity","damage_taken":0,"max_hp_gain":0,"max_hp_loss":0,"event_name":"Back to Basics","floor":22,"gold_loss":0,"cards_upgraded":["Strike_B","Strike_B","Strike_B","Strike_B","Defend_B","Defend_B","Defend_B","Defend_B"]},{"damage_healed":0,"gold_gain":0,"player_choice":"Inject Mutagens","damage_taken":0,"relics_obtained":["MutagenicStrength"],"max_hp_gain":0,"max_hp_loss":0,"event_name":"Drug Dealer","floor":29,"gold_loss":0},{"damage_healed":0,"gold_gain":0,"player_choice":"Fought Bandits","damage_taken":0,"max_hp_gain":0,"max_hp_loss":0,"event_name":"Masked Bandits","floor":31,"gold_loss":0},{"damage_healed":0,"gold_gain":0,"player_choice":"Upgraded","damage_taken":0,"max_hp_gain":0,"max_hp_loss":0,"event_name":"Upgrade Shrine","floor":38,"gold_loss":0,"cards_upgraded":["Loop"]}],"is_beta":false,"boss_relics":[{"not_picked":["halation:HeavySnake","Fusion Hammer"],"picked":"SlaversCollar"},{"not_picked":["Runic Dome","halation:SmartPhone"],"picked":"Tiny House"}],"items_purged_floors":[],"is_endless":false,"potions_floor_spawned":[1,5,11,20,21,27,39,42],"killed_by":"Sphere and 2 Shapes","ascension_level":0}}