{"host":"r5cycnjhcbwgkpkf","time":1608332567,"event":{"mods":["2.2 Compatiblity","AchievementEnabler","BaseMod","Bestiary","Better Match","Better Note","Better Skull","Better Third Choice","BetterRewards","Colored Map","Colored Powertips","Googly Eyes","Hermit","Infinite Spire","Minty Spire (QoL Compilation)","Replay The Spire","Spicy Shops","StSLib","The Servant 0.9.4"],"gold_per_floor":[114,130,130,147,147,147,122,122,122,159,188,213,213,213,213,317,317,336,336,365,305,331,380,412,424,436,477,489,528,568,580,592,726,738,819,831,45,58,87,87,87,67,67,114,114,114,144,180,180,180],"floor_reached":51,"playtime":3197,"items_purged":[],"score":798,"play_id":"2d62ad7f-b389-4aec-b312-6d714ae4db05","local_time":"20201218150247","is_ascension_mode":true,"campfire_choices":[{"data":"Blade Dance","floor":6,"key":"SMITH"},{"floor":8,"key":"REST"},{"floor":15,"key":"REST"},{"floor":25,"key":"REST"},{"data":"Sucker Punch","floor":28,"key":"SMITH"},{"floor":32,"key":"REST"},{"floor":40,"key":"REST"},{"data":"Phantasmal Killer","floor":46,"key":"SMITH"},{"data":"Crippling Poison","floor":49,"key":"SMITH"}],"circlet_count":0,"master_deck":["Strike_G","Strike_G","Strike_G","Strike_G","Defend_G","Defend_G","Defend_G","Defend_G","Survivor","Neutralize+1","Backflip","Deadly Poison","Footwork","Blade Dance+1","Crippling Poison+1","PiercingWail","Dagger Spray","Riddle With Holes","Grand Finale","Deadly Poison+1","Sucker Punch+1","Backstab+1","Concentrate","Bane","Choke","Bouncing Flask+1","AbeCurse","Adrenaline+1","Crippling Poison+1","Caltrops","Deflect","Phantasmal Killer+1","Bane+1","Dagger Throw+1"],"relics":["Ring of the Snake","PreservedInsect","Pen Nib","CeramicFish","Ancient Tea Set","Sundial","WristBlade","MutagenicStrength","MawBank","Replay:Baseball","infinitespire:Eraser","infinitespire:EvilPickle","Busted Crown","infinitespire:Broken Mirror","infinitespire:Bottled Soul","Omamori","ReplayTheSpireMod:Ring of Addiction","Potion Belt","Chameleon Ring","Replay:WaspNest","Prayer Wheel"],"acts_visited":["Exordium","TheCity","TheBeyond"],"potions_floor_usage":[0,10,12,30,33,39,39,44,47,50,50,50],"damage_taken":[{"damage":0,"enemies":"2 Louse","floor":1,"turns":4},{"damage":0,"enemies":"Cultist","floor":2,"turns":4},{"damage":0,"enemies":"Jaw Worm","floor":4,"turns":5},{"damage":13,"enemies":"Lagavulin","floor":10,"turns":4},{"damage":4,"enemies":"3 Louse","floor":11,"turns":3},{"damage":4,"enemies":"3 Sentries","floor":12,"turns":3},{"damage":28,"enemies":"The Guardian","floor":16,"turns":10},{"damage":0,"enemies":"Spheric Guardian","floor":18,"turns":3},{"damage":20,"enemies":"2 Thieves","floor":20,"turns":3},{"damage":8,"enemies":"Book of Stabbing","floor":23,"turns":2},{"damage":12,"enemies":"Centurion and Healer","floor":24,"turns":3},{"damage":0,"enemies":"Chosen and Byrds","floor":27,"turns":3},{"damage":13,"enemies":"Shelled Parasite and Fungi","floor":29,"turns":3},{"damage":15,"enemies":"Cultist and Chosen","floor":30,"turns":5},{"damage":12,"enemies":"Colosseum Slavers","floor":31,"turns":3},{"damage":48,"enemies":"Pondfish","floor":33,"turns":12},{"damage":0,"enemies":"3 Shapes","floor":35,"turns":2},{"damage":0,"enemies":"Orb Walker","floor":38,"turns":1},{"damage":11,"enemies":"Sphere and 2 Shapes","floor":39,"turns":4},{"damage":2,"enemies":"Giant Head","floor":44,"turns":5},{"damage":0,"enemies":"3 Darklings","floor":47,"turns":2},{"damage":1,"enemies":"Jaw Worm Horde","floor":48,"turns":3},{"damage":62,"enemies":"Time Eater","floor":50,"turns":9}],"seed_played":"7902789653675441930","potions_obtained":[{"floor":4,"key":"FearPotion"},{"floor":10,"key":"AttackPotion"},{"floor":18,"key":"SteroidPotion"},{"floor":20,"key":"GhostInAJar"},{"floor":23,"key":"Regen Potion"},{"floor":29,"key":"Death Potion"},{"floor":33,"key":"ColorlessPotion"},{"floor":38,"key":"Block Potion"},{"floor":41,"key":"AttackPotion"},{"floor":41,"key":"SpeedPotion"},{"floor":41,"key":"Languid Potion"},{"floor":42,"key":"Ancient Potion"},{"floor":44,"key":"Reflective Coating"},{"floor":48,"key":"GhostInAJar"}],"is_trial":false,"path_per_floor":["M","M","?","M","?","R","$","R","T","E","M","E","?","?","R","B",null,"M","?","M","?","T","E","M","R","T","M","R","M","M","?","R","B",null,"M","?","$","M","M","R","?","?","T","E","$","R","M","M","R","B",null],"character_chosen":"THE_SILENT","items_purchased":["Fruit Juice","PreservedInsect","Backflip","PiercingWail","infinitespire:Broken Mirror","infinitespire:Bottled Soul","Crippling Poison","Caltrops","Omamori"],"campfire_rested":5,"item_purchase_floors":[0,0,0,7,37,37,37,37,37],"current_hp_per_floor":[61,61,61,61,61,61,61,75,75,62,58,54,47,47,69,41,75,75,75,55,55,55,47,35,57,57,57,57,44,41,29,51,3,75,75,75,75,75,64,75,75,75,75,73,73,73,73,72,72,10],"gold":180,"neow_bonus":"","is_daily":false,"chose_seed":false,"campfire_upgraded":4,"win_rate":0.0,"timestamp":1608332567,"path_taken":["M","M","?","?","?","R","$","R","T","E","M","E","?","?","R","BOSS","M","?","M","?","?","E","M","R","T","M","R","?","M","?","R","BOSS","M","?","$","M","?","R","?","?","T","E","$","R","M","M","R","BOSS"],"items_purchased_type":["Potion","Relic","Card","Card","Relic","Relic","Card","Card","Relic"],"build_version":"2020-12-13","purchased_purges":0,"victory":true,"max_hp_per_floor":[75,75,75,75,75,75,75,75,75,75,75,75,75,75,75,75,75,75,75,75,75,75,75,75,75,75,75,75,75,75,75,75,75,75,75,75,75,75,75,75,75,75,75,75,75,75,75,75,75,75],"card_choices":[{"not_picked":["Blade Dance","Calculated Gamble"],"picked":"Deadly Poison","floor":1},{"not_picked":["Dodge and Roll","Dagger Throw"],"picked":"Footwork","floor":2},{"not_picked":["Infinite Blades","Distraction"],"picked":"Blade Dance","floor":4},{"not_picked":["Leg Sweep","Tools of the Trade"],"picked":"Dagger Spray","floor":10},{"not_picked":["Deflect","Heel Hook"],"picked":"Riddle With Holes","floor":11},{"not_picked":["Masterful Stab","Dagger Spray","Underhanded Strike"],"picked":"SKIP","floor":12},{"not_picked":["Doppelganger","Tools of the Trade"],"picked":"Grand Finale","floor":16},{"not_picked":["Quick Slash","Blade Dance"],"picked":"Deadly Poison+1","floor":18},{"not_picked":["Endless Agony","Backflip+1"],"picked":"Sucker Punch","floor":20},{"not_picked":["Predator","Envenom"],"picked":"Backstab+1","floor":23},{"not_picked":["Deflect","All Out Attack"],"picked":"Concentrate","floor":24},{"not_picked":["Infinite Blades","Flying Knee"],"picked":"Bane","floor":27},{"not_picked":["Reflex","Dagger Spray+1"],"picked":"Choke","floor":29},{"not_picked":["Flechettes","Deflect+1"],"picked":"Bouncing Flask+1","floor":30},{"not_picked":["infinitespire:Neurotoxin","Malaise"],"picked":"Adrenaline","floor":33},{"not_picked":["Outmaneuver"],"picked":"SKIP","floor":35},{"not_picked":["Bane"],"picked":"SKIP","floor":38},{"not_picked":[],"picked":"Deflect","floor":39},{"not_picked":[],"picked":"Phantasmal Killer","floor":44},{"not_picked":[],"picked":"Bane+1","floor":47},{"not_picked":["Endless Agony+1"],"picked":"SKIP","floor":47},{"not_picked":[],"picked":"Dagger Throw+1","floor":48},{"not_picked":["Backflip+1"],"picked":"SKIP","floor":48}],"player_experience":400410,"relics_obtained":[{"floor":9,"key":"Pen Nib"},{"floor":10,"key":"CeramicFish"},{"floor":12,"key":"Ancient Tea Set"},{"floor":14,"key":"Sundial"},{"floor":22,"key":"MawBank"},{"floor":23,"key":"Replay:Baseball"},{"floor":26,"key":"infinitespire:Eraser"},{"floor":41,"key":"ReplayTheSpireMod:Ring of Addiction"},{"floor":41,"key":"Potion Belt"},{"floor":41,"key":"Chameleon Ring"},{"floor":43,"key":"Replay:WaspNest"},{"floor":44,"key":"Prayer Wheel"}],"event_choices":[{"damage_healed":0,"gold_gain":0,"player_choice":"Upgraded","damage_taken":0,"max_hp_gain":0,"max_hp_loss":0,"event_name":"Upgrade Shrine","floor":3,"gold_loss":0,"cards_upgraded":["Neutralize"]},{"cards_removed":["Defend_G"],"damage_healed":0,"gold_gain":0,"player_choice":"Card Removal","damage_taken":7,"max_hp_gain":0,"max_hp_loss":0,"event_name":"Golden Wing","floor":13,"gold_loss":0},{"damage_healed":0,"gold_gain":0,"player_choice":"Inject Mutagens","damage_taken":0,"relics_obtained":["MutagenicStrength"],"max_hp_gain":0,"max_hp_loss":0,"event_name":"Drug Dealer","floor":19,"gold_loss":0},{"damage_healed":0,"gold_gain":0,"player_choice":"Fight","damage_taken":0,"max_hp_gain":0,"max_hp_loss":0,"event_name":"Colosseum","floor":31,"gold_loss":0},{"damage_healed":0,"gold_gain":0,"player_choice":"Fled From Nobs","damage_taken":0,"max_hp_gain":0,"max_hp_loss":0,"event_name":"Colosseum","floor":31,"gold_loss":0},{"damage_healed":0,"gold_gain":0,"player_choice":"Upgraded","damage_taken":0,"max_hp_gain":0,"max_hp_loss":0,"event_name":"Upgrade Shrine","floor":36,"gold_loss":0,"cards_upgraded":["Adrenaline"]},{"damage_healed":0,"gold_gain":0,"player_choice":"Bought 1 Potion","damage_taken":0,"max_hp_gain":0,"max_hp_loss":0,"event_name":"The Woman in Blue","floor":42,"gold_loss":0}],"is_beta":false,"boss_relics":[{"not_picked":["Calling Bell","Abe\u0027s Treasure"],"picked":"WristBlade"},{"not_picked":["Black Star","Snecko Eye"],"picked":"Busted Crown"}],"items_purged_floors":[],"is_endless":false,"potions_floor_spawned":[4,10,18,20,23,29,31,33,38,44,48],"ascension_level":2}}