{"host":"0m7uut7ws4kj19nt","time":1608283245,"event":{"mods":["AchievementEnabler","BaseMod","Minty Spire (QoL Compilation)","Replay The Spire","StSLib","The Necromancer"],"gold_per_floor":[113,132,143,68,81,110,110,129,176,176,24,35,35,53,53,156,156,175,157,104,119,119,153,153,28,55,78,90,0,28,53,65,174,186,218,330,361,223,243,243,254,254,254,288,332,332,332],"floor_reached":46,"playtime":2613,"items_purged":["Defend_W","Strike_W","Skeleton_Dragon","Strike_W"],"score":524,"play_id":"30f56eb1-7704-473f-b549-7792ff1ae1b6","local_time":"20201218162045","is_ascension_mode":false,"campfire_choices":[{"data":"Blood_Is_Power","floor":7,"key":"SMITH"},{"data":"Bone_Wall","floor":10,"key":"SMITH"},{"data":"Vampiric_Strike","floor":15,"key":"SMITH"},{"floor":24,"key":"REST"},{"floor":32,"key":"REST"},{"data":"Blood_Is_Power","floor":40,"key":"SMITH"},{"floor":42,"key":"REST"}],"circlet_count":0,"master_deck":["Strike_W","Defend_W+1","Negative_Energy_Arrows","Bone_Wall+1","Vampiric_Strike+1","Shade_Step","Blood_Is_Power+1","Spectral_Walk","Death_March_Dance","Spectral_Walk+1","Negative_Energy_Shield","Negative_Energy_Sphere","Grasp_Heart","Blood_Is_Power+1","Blood_Whip+1","Blood_Wake","Spectral_Walk+1","Blood_Whip+1","Slay_Living+1","Negative_Energy_Burst+1","Spectral_Walk","Plague_Bolt+1","Thousand_Bone_Knives+1"],"relics":["Vampire_Amulet","Gambling Chip","Replay:Mystery Machine","Snack Pack","Empty Cage","War Paint","Peace Pipe","MawBank","Sozu","Divine Protection","White Beast Statue","Potion Belt"],"acts_visited":["Exordium","TheCity","TheBeyond"],"potions_floor_usage":[16,27,33,33,46],"damage_taken":[{"damage":6,"enemies":"Cultist","floor":1,"turns":6},{"damage":4,"enemies":"Small Slimes","floor":2,"turns":4},{"damage":2,"enemies":"2 Louse","floor":3,"turns":2},{"damage":7,"enemies":"Lots of Slimes","floor":5,"turns":6},{"damage":33,"enemies":"Gremlin Nob","floor":6,"turns":5},{"damage":5,"enemies":"Exordium Thugs","floor":8,"turns":4},{"damage":4,"enemies":"3 Louse","floor":12,"turns":3},{"damage":2,"enemies":"Red Slaver","floor":14,"turns":2},{"damage":36,"enemies":"Hexaghost","floor":16,"turns":10},{"damage":6,"enemies":"Spheric Guardian","floor":18,"turns":3},{"damage":18,"enemies":"2 Thieves","floor":19,"turns":4},{"damage":22,"enemies":"Centurion and Healer","floor":21,"turns":7},{"damage":57,"enemies":"Book of Stabbing","floor":23,"turns":8},{"damage":24,"enemies":"Chosen and Byrds","floor":27,"turns":8},{"damage":10,"enemies":"3 Cultists","floor":30,"turns":6},{"damage":2,"enemies":"Snake Plant","floor":31,"turns":4},{"damage":49,"enemies":"Champ","floor":33,"turns":12},{"damage":6,"enemies":"Orb Walker","floor":35,"turns":3},{"damage":12,"enemies":"3 Shapes","floor":37,"turns":3},{"damage":40,"enemies":"Transient","floor":39,"turns":5},{"damage":32,"enemies":"Maw","floor":41,"turns":8},{"damage":15,"enemies":"Giant Head","floor":44,"turns":5},{"damage":29,"enemies":"Nemesis","floor":46,"turns":4}],"seed_played":"671408402919467188","potions_obtained":[{"floor":2,"key":"Reflective Coating"},{"floor":5,"key":"SkillPotion"},{"floor":6,"key":"GamblersBrew"},{"floor":21,"key":"FearPotion"},{"floor":23,"key":"LifebloodPotion"},{"floor":33,"key":"AttackPotion"}],"is_trial":false,"path_per_floor":["M","M","M","$","M","E","R","M","T","R","$","M","?","M","R","B",null,"M","M","$","M","?","E","R","$","T","M","$","?","M","M","R","B",null,"M","?","M","$","M","R","M","R","T","E","?","E"],"character_chosen":"NECROMANCER","items_purchased":["Death_March_Dance","Negative_Energy_Sphere"],"campfire_rested":3,"item_purchase_floors":[11,20],"current_hp_per_floor":[71,73,75,75,75,45,45,49,49,49,49,55,55,57,57,32,75,73,63,63,54,54,8,30,30,30,15,15,15,18,21,43,12,75,73,73,67,67,40,40,22,44,44,41,23,0,0],"gold":332,"neow_bonus":"RANDOM_EVENT","is_daily":false,"chose_seed":false,"campfire_upgraded":4,"win_rate":0.0,"timestamp":1608283245,"path_taken":["M","M","M","?","M","E","R","M","T","R","$","?","?","?","R","BOSS","M","?","$","M","?","E","R","$","T","M","?","?","M","M","R","BOSS","M","?","?","$","M","R","M","R","T","E","?","E"],"items_purchased_type":["Card","Card"],"build_version":"2020-12-13","purchased_purges":4,"victory":false,"max_hp_per_floor":[75,75,75,75,75,75,75,75,75,75,75,75,75,75,75,75,75,75,75,75,75,75,75,75,75,75,75,75,75,75,75,75,75,75,75,75,75,75,75,75,75,75,75,75,75,75,75],"card_choices":[{"not_picked":["Chill_Blood","Scare"],"picked":"Vampiric_Strike","floor":1},{"not_picked":["Finger_Of_Death","Negative_Energy_Javelin"],"picked":"Shade_Step","floor":2},{"not_picked":["Spectral_Walk","Spectral_Armor"],"picked":"Blood_Is_Power","floor":3},{"not_picked":["Scare","Blood_Curse","Finger_Of_Death"],"picked":"SKIP","floor":5},{"not_picked":["Negative_Energy_Bomb","Negative_Energy_Sphere"],"picked":"Spectral_Walk","floor":6},{"not_picked":["Whirlwind_of_Bones","Scare","Chill_Blood"],"picked":"SKIP","floor":8},{"not_picked":["Death_Knell","Shade_Step","Chill_Blood"],"picked":"SKIP","floor":12},{"not_picked":["Bone_Armor","Necrotic_Claws","Pandemic"],"picked":"SKIP","floor":14},{"not_picked":["Detonate_Bones","Reap_The_Weak"],"picked":"Skeleton_Dragon","floor":16},{"not_picked":["Bone_Armor","Blood_Whip"],"picked":"Spectral_Walk","floor":18},{"not_picked":["Toxic_Smoke_Screen","Bone_Prison"],"picked":"Negative_Energy_Shield","floor":19},{"not_picked":["Death_March_Dance+1","Requiem","Epidemic"],"picked":"SKIP","floor":21},{"not_picked":["Bone_Spikes","Bone_Bullets"],"picked":"Grasp_Heart","floor":23},{"not_picked":["Blood_Whip","Negative_Energy_Sphere"],"picked":"Blood_Is_Power","floor":27},{"not_picked":["Necromantic_Selection","Siphon_Strength"],"picked":"Blood_Whip+1","floor":30},{"not_picked":["Scare","Finger_Of_Death","Uncharnel+1"],"picked":"SKIP","floor":31},{"not_picked":["Summon_Vampire_Lady","Cloudkill"],"picked":"Blood_Wake","floor":33},{"not_picked":["Negative_Energy_Burst+1","Uncharnel+1"],"picked":"Spectral_Walk+1","floor":35},{"not_picked":["Negative_Energy_Javelin","Chill_Blood+1"],"picked":"Blood_Whip+1","floor":37},{"not_picked":["Bone_Armor","Toxic_Smoke_Screen"],"picked":"Slay_Living+1","floor":39},{"not_picked":["Negative_Energy_Javelin","Toxic_Smoke_Screen"],"picked":"Negative_Energy_Burst+1","floor":41},{"not_picked":["Life_Drain","Finger_Of_Death"],"picked":"Spectral_Walk","floor":44},{"not_picked":["Flesh_Made_Foul","Violent_Necrosis+1"],"picked":"Plague_Bolt+1","floor":45},{"not_picked":["Necrotic_Claws+1","Summon_Death_Knight"],"picked":"Thousand_Bone_Knives+1","floor":45}],"player_experience":63103,"relics_obtained":[{"floor":6,"key":"Gambling Chip"},{"floor":9,"key":"Replay:Mystery Machine"},{"floor":13,"key":"Snack Pack"},{"floor":23,"key":"Peace Pipe"},{"floor":26,"key":"MawBank"},{"floor":43,"key":"Divine Protection"},{"floor":44,"key":"White Beast Statue"},{"floor":45,"key":"Potion Belt"}],"event_choices":[{"cards_removed":["Strike_W"],"damage_healed":0,"gold_gain":0,"player_choice":"Forget","damage_taken":0,"max_hp_gain":0,"max_hp_loss":0,"event_name":"Living Wall","floor":0,"gold_loss":0},{"damage_healed":0,"gold_gain":0,"player_choice":"Relic","damage_taken":0,"max_hp_gain":0,"max_hp_loss":0,"event_name":"Wheel of Change","floor":13,"gold_loss":0},{"damage_healed":0,"gold_gain":0,"player_choice":"Paid Fearfully","damage_taken":0,"max_hp_gain":0,"max_hp_loss":0,"event_name":"Masked Bandits","floor":29,"gold_loss":102},{"damage_healed":0,"gold_gain":100,"player_choice":"Pray","damage_taken":0,"max_hp_gain":0,"max_hp_loss":0,"event_name":"Golden Shrine","floor":36,"gold_loss":0}],"is_beta":false,"boss_relics":[{"not_picked":["Snecko Eye","Replay:Grab Bag"],"picked":"Empty Cage"},{"not_picked":["SlaversCollar","ChewingGum"],"picked":"Sozu"}],"items_purged_floors":[4,11,25,38],"is_endless":false,"potions_floor_spawned":[2,5,6,21,23,33,37,41,44],"killed_by":"Nemesis","ascension_level":0}}