{"host":"egyxg9lnjq7g2hmw","time":1608334828,"event":{"mods":["AchievementEnabler","BaseMod","Block Reminder","Colored Map","Colored Powertips","Highlight Path","Minty Spire (QoL Compilation)","Rare Cards Sparkle","StSLib"],"gold_per_floor":[116,131,131,141,66,66,99,111,111,111,111,126,143,143,143,214,214,227,227,227,237,237,237,272,272,317,317,642,642,567,582,582,655,655,668,668,668,668,685,685,719,496,496,508,522,132,132,151,151,151,151,151,5,40,40,40],"floor_reached":55,"playtime":3476,"items_purged":["Strike_G","Defend_G","Defend_G","Defend_G"],"score":1431,"play_id":"611c781d-a2d3-4519-b0e4-229a33c40eee","local_time":"20201218154028","is_ascension_mode":true,"campfire_choices":[{"data":"Neutralize","floor":6.0,"key":"SMITH"},{"floor":11.0,"key":"REST"},{"floor":15.0,"key":"REST"},{"floor":23.0,"key":"REST"},{"floor":25.0,"key":"REST"},{"floor":27.0,"key":"REST"},{"floor":32.0,"key":"REST"},{"floor":40.0,"key":"REST"},{"floor":47.0,"key":"RECALL"},{"floor":49.0,"key":"REST"},{"data":"Envenom","floor":52,"key":"SMITH"}],"circlet_count":0,"master_deck":["AscendersBane","Defend_G","Survivor","Neutralize+1","Deadly Poison","Backflip","PiercingWail","Concentrate","Neutralize","Reflex","Heel Hook","Acrobatics","Blade Dance+1","Underhanded Strike","Envenom+1","Bane","After Image","Distraction+1","Acrobatics+1","Flying Knee+1","Prepared+1","Necronomicurse","PiercingWail+1","Adrenaline+1","Eviscerate","Madness+1","Sadistic Nature","Adrenaline+1","Tactician+1","Blade Dance+1","Bandage Up+1","Venomology+1"],"relics":["Ring of the Snake","WingedGreaves","Letter Opener","Toxic Egg 2","SlaversCollar","Bottled Tornado","Smiling Mask","MealTicket","Old Coin","Necronomicon","Runic Pyramid","Unceasing Top","Frozen Eye","The Specimen","Gremlin Horn"],"acts_visited":["Exordium","TheCity","TheBeyond","TheEnding"],"potions_floor_usage":[50,50],"damage_taken":[{"damage":7.0,"enemies":"Jaw Worm","floor":1.0,"turns":8.0},{"damage":4.0,"enemies":"Cultist","floor":2.0,"turns":4.0},{"damage":3.0,"enemies":"Small Slimes","floor":4.0,"turns":4.0},{"damage":42.0,"enemies":"Gremlin Nob","floor":7.0,"turns":6.0},{"damage":0.0,"enemies":"3 Louse","floor":8.0,"turns":4.0},{"damage":3.0,"enemies":"Looter","floor":12.0,"turns":4.0},{"damage":12.0,"enemies":"Gremlin Gang","floor":13.0,"turns":4.0},{"damage":20.0,"enemies":"The Guardian","floor":16.0,"turns":11.0},{"damage":23.0,"enemies":"Shell Parasite","floor":18.0,"turns":9.0},{"damage":10.0,"enemies":"2 Thieves","floor":21.0,"turns":4.0},{"damage":21.0,"enemies":"Slavers","floor":24.0,"turns":5.0},{"damage":3.0,"enemies":"Gremlin Leader","floor":28.0,"turns":6.0},{"damage":11.0,"enemies":"Centurion and Healer","floor":31.0,"turns":3.0},{"damage":13.0,"enemies":"Champ","floor":33.0,"turns":8.0},{"damage":0.0,"enemies":"3 Darklings","floor":35.0,"turns":4.0},{"damage":18.0,"enemies":"3 Shapes","floor":39.0,"turns":4.0},{"damage":11.0,"enemies":"Giant Head","floor":41.0,"turns":6.0},{"damage":0.0,"enemies":"3 Darklings","floor":44.0,"turns":2.0},{"damage":7.0,"enemies":"Maw","floor":45.0,"turns":3.0},{"damage":29.0,"enemies":"4 Shapes","floor":48.0,"turns":3.0},{"damage":34,"enemies":"Time Eater","floor":50,"turns":5},{"damage":8,"enemies":"Shield and Spear","floor":54,"turns":3},{"damage":76,"enemies":"The Heart","floor":55,"turns":3}],"seed_played":"-4127538820079555410","potions_obtained":[{"floor":2.0,"key":"Strength Potion"},{"floor":8.0,"key":"GamblersBrew"},{"floor":13.0,"key":"ColorlessPotion"},{"floor":24.0,"key":"DuplicationPotion"},{"floor":28.0,"key":"FearPotion"},{"floor":39.0,"key":"FearPotion"},{"floor":41.0,"key":"AttackPotion"},{"floor":45.0,"key":"CultistPotion"}],"is_trial":false,"path_per_floor":["M","M","?","M","$","R","E","M","T","?","R","M","M","?","R","B",null,"M","?","?","M","T","R","E","R","T","R","E","?","?","M","R","B",null,"M","?","?","?","M","R","E","$","T","M","M","$","R","M","R","B",null,"R","$","E","B"],"character_chosen":"THE_SILENT","items_purchased":["Frozen Eye","The Specimen","Bandage Up+1"],"campfire_rested":8,"item_purchase_floors":[42,46,53],"current_hp_per_floor":[52,48,48,45,45,45,3,3,3,3,21,18,6,6,24,4,46,23,23,17,7,7,25,4,22,22,40,37,16,16,5,23,10,48,48,48,43,43,25,43,32,47,47,47,40,55,55,26,44,10,48,48,60,58,0,0],"gold":40,"neow_bonus":"ONE_RARE_RELIC","is_daily":false,"chose_seed":false,"campfire_upgraded":2,"win_rate":0.0,"timestamp":1608334828,"path_taken":["M","M","?","M","?","R","E","M","T","?","R","?","M","?","R","BOSS","M","?","?","?","?","R","E","R","T","R","E","?","?","M","R","BOSS","M","?","?","?","M","R","E","$","T","M","M","$","R","?","R","BOSS","R","$","E","BOSS"],"items_purchased_type":["Relic","Relic","Card"],"build_version":"2020-12-13","purchased_purges":4,"victory":false,"max_hp_per_floor":[60,60,60,60,60,60,60,60,60,60,60,60,60,60,60,60,60,60,60,60,60,60,60,60,60,60,60,60,60,60,60,60,60,60,60,60,60,60,60,60,60,60,60,60,60,60,60,60,60,60,60,60,60,60,60,60],"card_choices":[{"not_picked":["Backflip","Prepared"],"picked":"Deadly Poison","floor":1.0},{"not_picked":["Cloak And Dagger","Flying Knee"],"picked":"Backflip","floor":2.0},{"not_picked":["Underhanded Strike","Prepared"],"picked":"Reflex","floor":4.0},{"not_picked":["Calculated Gamble","Bouncing Flask"],"picked":"Heel Hook","floor":7.0},{"not_picked":["Skewer","Quick Slash"],"picked":"Acrobatics","floor":8.0},{"not_picked":["Masterful Stab","Poisoned Stab"],"picked":"Blade Dance+1","floor":12.0},{"not_picked":["Finisher","Skewer"],"picked":"Underhanded Strike","floor":13.0},{"not_picked":["Venomology+1","Doppelganger+1"],"picked":"Envenom","floor":16.0},{"not_picked":["Outmaneuver+1","Slice"],"picked":"Bane","floor":18.0},{"not_picked":["Slice","Accuracy"],"picked":"Acrobatics+1","floor":21.0},{"not_picked":["Prepared+1","Malaise+1"],"picked":"Flying Knee+1","floor":24.0},{"not_picked":["Dagger Throw","Predator"],"picked":"Prepared+1","floor":28.0},{"not_picked":["Backstab","Slice+1"],"picked":"PiercingWail+1","floor":31.0},{"not_picked":["Burst+1","Night Terror+1"],"picked":"Adrenaline+1","floor":33.0},{"not_picked":["Endless Agony+1","Poisoned Stab"],"picked":"Eviscerate","floor":35.0},{"not_picked":["Enlightenment+1","Trip+1"],"picked":"Madness+1","floor":37.0},{"not_picked":["Bandage Up+1","Dramatic Entrance"],"picked":"Sadistic Nature","floor":37.0},{"not_picked":["Quick Slash","Slice","Setup+1"],"picked":"SKIP","floor":39.0},{"not_picked":["Leg Sweep+1","Envenom"],"picked":"Tactician+1","floor":41.0},{"not_picked":["PiercingWail+1","Dagger Spray","Well Laid Plans"],"picked":"SKIP","floor":44.0},{"not_picked":["PiercingWail+1","Deadly Poison+1"],"picked":"Blade Dance+1","floor":45.0},{"not_picked":["Flying Knee","Flechettes","Expertise+1"],"picked":"SKIP","floor":48.0},{"not_picked":["Flying Knee","Poisoned Stab+1"],"picked":"Venomology+1","floor":54}],"player_experience":516640,"relics_obtained":[{"floor":7.0,"key":"Letter Opener"},{"floor":9.0,"key":"Toxic Egg 2"},{"floor":22.0,"key":"Bottled Tornado"},{"floor":24.0,"key":"Smiling Mask"},{"floor":26.0,"key":"MealTicket"},{"floor":28.0,"key":"Old Coin"},{"floor":29.0,"key":"Necronomicon"},{"floor":41.0,"key":"Unceasing Top"},{"floor":54,"key":"Gremlin Horn"}],"event_choices":[{"damage_healed":0.0,"max_hp_gain":0.0,"max_hp_loss":0.0,"gold_gain":0.0,"event_name":"Match and Keep!","player_choice":"3 cards matched","floor":3.0,"gold_loss":0.0,"damage_taken":0.0,"cards_obtained":["PiercingWail","Concentrate","Neutralize"]},{"cards_removed":["Strike_G"],"damage_healed":0.0,"max_hp_gain":0.0,"max_hp_loss":0.0,"gold_gain":0.0,"event_name":"Purifier","player_choice":"Purged","floor":10.0,"gold_loss":0.0,"damage_taken":0.0},{"damage_healed":0.0,"max_hp_gain":0.0,"max_hp_loss":0.0,"gold_gain":0.0,"event_name":"Shining Light","player_choice":"Ignored","floor":14.0,"gold_loss":0.0,"damage_taken":0.0},{"damage_healed":0.0,"max_hp_gain":0.0,"max_hp_loss":0.0,"gold_gain":0.0,"cards_transformed":["Strike_G","Strike_G"],"event_name":"Drug Dealer","player_choice":"Became Test Subject","floor":19.0,"gold_loss":0.0,"damage_taken":0.0,"cards_obtained":["After Image","Distraction"]},{"damage_healed":0.0,"max_hp_gain":0.0,"max_hp_loss":0.0,"gold_gain":0.0,"event_name":"Knowing Skull","player_choice":"","floor":20.0,"potions_obtained":[],"gold_loss":0.0,"damage_taken":6.0,"cards_obtained":[]},{"damage_healed":0.0,"max_hp_gain":0.0,"max_hp_loss":0.0,"gold_gain":0.0,"event_name":"Cursed Tome","player_choice":"Obtained Book","floor":29.0,"gold_loss":0.0,"damage_taken":21.0},{"cards_removed":["Strike_G"],"damage_healed":0.0,"max_hp_gain":0.0,"max_hp_loss":0.0,"gold_gain":0.0,"event_name":"Beggar","player_choice":"Gave Gold","floor":30.0,"gold_loss":75.0,"damage_taken":0.0},{"cards_removed":["Defend_G"],"damage_healed":0.0,"max_hp_gain":0.0,"max_hp_loss":0.0,"gold_gain":0.0,"event_name":"Falling","player_choice":"Removed Skill","floor":36.0,"gold_loss":0.0,"damage_taken":0.0},{"damage_healed":0.0,"max_hp_gain":0.0,"max_hp_loss":0.0,"gold_gain":0.0,"event_name":"SensoryStone","player_choice":"Memory 2","floor":37.0,"gold_loss":0.0,"damage_taken":5.0},{"damage_healed":0.0,"max_hp_gain":0.0,"max_hp_loss":0.0,"gold_gain":0.0,"event_name":"Duplicator","player_choice":"Copied","floor":38.0,"gold_loss":0.0,"damage_taken":0.0,"cards_obtained":["Adrenaline"]}],"is_beta":false,"boss_relics":[{"not_picked":["Velvet Choker","SacredBark"],"picked":"SlaversCollar"},{"not_picked":["Coffee Dripper","WristBlade"],"picked":"Runic Pyramid"}],"items_purged_floors":[5,42,46,53],"is_endless":false,"potions_floor_spawned":[2,8,13,24,28,39,41,45],"killed_by":"The Heart","ascension_level":19}}