{"host":"5gc11emcm5chfr5t","time":1608254725,"event":{"mods":["2.2 Compatiblity","AchievementEnabler","BaseMod","Bestiary","Better Note","Colored Map","Colored Powertips","Downfall","Googly Eyes","Minty Spire (QoL Compilation)","Rare Cards Sparkle","StSLib"],"gold_per_floor":[99,199,229,243,260,185,209,238,263,303,303,321,71,86,97,194,194,119,133,147,147,132,146,146,246,256,256,256,276,294,301,318,415,415,415,112,144,163,263,263,263,188,33,33,53,53,53,69,84,84,84,109,35,35,35],"floor_reached":56,"playtime":3009,"items_purged":[],"score":1765,"play_id":"71230068-0e81-4d15-b01e-3295ab739ecb","local_time":"20201217202525","is_ascension_mode":true,"campfire_choices":[{"floor":1,"key":"RECALL"},{"floor":6,"key":"REST"},{"data":"sneckomod:UnknownRareSkill","floor":18,"key":"SMITH"},{"data":"sneckomod:DiceBoulder","floor":27,"key":"SMITH"},{"data":"sneckomod:DiceBoulder+1","floor":35,"key":"SMITH"},{"floor":40,"key":"REST"},{"data":"sneckomod:UnknownRareSkill","floor":42,"key":"SMITH"},{"data":"sneckomod:UnknownRarePower","floor":44,"key":"SMITH"},{"floor":54,"key":"REST"}],"circlet_count":0,"master_deck":["AscendersBane","sneckomod:Strike","sneckomod:Strike+1","sneckomod:Defend","sneckomod:Defend","sneckomod:TailWhip","sneckomod:SnekBite","sneckomod:Unknown","sneckomod:Unknown","sneckomod:UnknownEthereal","sneckomod:UnknownX","sneckomod:ImprovisedAttack+1","sneckomod:ImprovisedAttack","sneckomod:Nope","sneckomod:SlitherStrike+1","sneckomod:UnknownClassGUARDIAN","sneckomod:UnknownRareSkill+1","expansioncontent:AwakenDeath","sneckomod:SnekBeam","sneckomod:SerpentIdol","sneckomod:DangerNoodle","sneckomod:Unknown0Cost","sneckomod:SoulRoll","sneckomod:SerpentMind","sneckomod:DiceBoulder+2","sneckomod:CheapStock","sneckomod:MasterEye+1","sneckomod:Restock","sneckomod:QuickMove","sneckomod:UnknownStrike+1","The Bomb","sneckomod:UnknownRareSkill+1","sneckomod:UnknownRareAttack","sneckomod:UnknownRareSkill","sneckomod:UnknownRarePower","sneckomod:UnknownRarePower+1","sneckomod:CheapStock","sneckomod:Unknown1Cost","hexamod:Haunted","Guardian:Gem_Lightblue","expansioncontent:DecasProtection","sneckomod:Cheat","sneckomod:UnknownRareAttack","sneckomod:ImprovisedGuard+1","sneckomod:WideSting+1","sneckomod:UnlimitedRolls"],"relics":["SlaversCollar","Orichalcum","downfall:HeartBlessingRed","Oddly Smooth Stone","CaptainsWheel","Odd Mushroom","Gambling Chip","Whetstone","sneckomod:SneckoTalon","downfall:HeartBlessingGreen","Letter Opener","Toy Ornithopter","Mercury Hourglass","HandDrill","Snecko Eye","sneckomod:RareBoosterPack","Boot","HornCleat","downfall:GremlinSack","downfall:HeartBlessingBlue","DollysMirror","Strawberry"],"acts_visited":["Exordium","TheCity","TheBeyond","TheEnding"],"potions_floor_usage":[5,5,13,13,16,23,33,33,37,49,49,55],"damage_taken":[{"damage":18,"enemies":"Gremlin Nob","floor":3,"turns":4},{"damage":7,"enemies":"Jaw Worm","floor":4,"turns":4},{"damage":2,"enemies":"Small Slimes","floor":5,"turns":2},{"damage":12,"enemies":"3 Sentries","floor":8,"turns":5},{"damage":12,"enemies":"The Mushroom Lair","floor":9,"turns":4},{"damage":8,"enemies":"Lagavulin","floor":10,"turns":4},{"damage":0,"enemies":"Cultist","floor":12,"turns":2},{"damage":2,"enemies":"downfall:FleeingMerchant","floor":13,"turns":4},{"damage":12,"enemies":"Exordium Wildlife","floor":14,"turns":3},{"damage":5,"enemies":"Exordium Thugs","floor":15,"turns":2},{"damage":46,"enemies":"downfall:Silent","floor":16,"turns":7},{"damage":13,"enemies":"Shell Parasite","floor":19,"turns":4},{"damage":8,"enemies":"Spheric Guardian","floor":20,"turns":4},{"damage":3,"enemies":"downfall:FleeingMerchant","floor":22,"turns":4},{"damage":24,"enemies":"Centurion and Healer","floor":23,"turns":6},{"damage":1,"enemies":"downfall:LadyInBlue","floor":25,"turns":4},{"damage":0,"enemies":"Snake Plant","floor":26,"turns":4},{"damage":3,"enemies":"Snecko","floor":29,"turns":5},{"damage":2,"enemies":"Cultist and Chosen","floor":30,"turns":3},{"damage":20,"enemies":"downfall:FleeingMerchant","floor":31,"turns":2},{"damage":10,"enemies":"Sentry and Sphere","floor":32,"turns":5},{"damage":11,"enemies":"downfall:Defect","floor":33,"turns":6},{"damage":36,"enemies":"Nemesis","floor":37,"turns":5},{"damage":5,"enemies":"3 Shapes","floor":38,"turns":3},{"damage":0,"enemies":"3 Shapes","floor":39,"turns":3},{"damage":10,"enemies":"Orb Walker","floor":45,"turns":5},{"damage":14,"enemies":"Sphere and 2 Shapes","floor":48,"turns":4},{"damage":37,"enemies":"4 Shapes","floor":49,"turns":3},{"damage":11,"enemies":"downfall:Ironclad","floor":50,"turns":6},{"damage":39,"enemies":"downfall:CharBossMerchant","floor":52,"turns":6},{"damage":7,"enemies":"downfall:NeowBoss","floor":55,"turns":13}],"seed_played":"-111771121028732097","potions_obtained":[{"floor":3,"key":"AttackPotion"},{"floor":4,"key":"Explosive Potion"},{"floor":10,"key":"Swift Potion"},{"floor":12,"key":"Swift Potion"},{"floor":14,"key":"Guardian:BlockOnCardUsePotion"},{"floor":16,"key":"BlessingOfTheForge"},{"floor":23,"key":"sneckomod:CheatPotion"},{"floor":25,"key":"AttackPotion"},{"floor":25,"key":"champ:CounterPotion"},{"floor":33,"key":"Regen Potion"},{"floor":45,"key":"Dexterity Potion"},{"floor":48,"key":"sneckomod:OffclassReductionPotion"},{"floor":52,"key":"DuplicationPotion"}],"is_trial":false,"path_per_floor":["R","?","E","M","M","R","T","E","?","E","?","M","$","M","M","B",null,"R","M","M","?","$","M","T","?","M","R","T","M","M","$","M","B",null,"R","$","E","M","?","R","T","R","$","R","M","$","?","M","M","B",null,"E","$","R","B",null],"character_chosen":"THE_SNECKO","items_purchased":["expansioncontent:AwakenDeath","Whetstone","HandDrill","The Bomb","sneckomod:RareBoosterPack","Boot","DollysMirror","sneckomod:UnlimitedRolls"],"campfire_rested":3,"item_purchase_floors":[13,13,31,31,36,36,43,53],"current_hp_per_floor":[81,81,63,63,61,88,88,76,64,56,56,56,61,49,44,10,70,70,57,49,49,46,22,22,28,28,28,28,25,23,23,13,12,71,71,71,56,55,55,82,82,92,92,92,82,82,82,68,41,30,83,51,51,83,81],"gold":35,"neow_bonus":"BOSS_RELIC","is_daily":false,"chose_seed":false,"campfire_upgraded":5,"win_rate":0.0,"timestamp":1608254725,"path_taken":["R","?","E","M","M","R","T","E","?","E","?","M","$","?","M","BOSS","R","M","M","?","?","?","T","?","?","R","?","?","M","$","M","BOSS","R","$","E","M","?","R","T","R","?","R","?","?","?","?","M","BOSS","E","$","R","BOSS"],"items_purchased_type":["Card","Relic","Relic","Card","Relic","Relic","Relic","Card"],"build_version":"2020-12-13","purchased_purges":0,"victory":true,"max_hp_per_floor":[90,90,90,90,90,90,90,90,90,90,90,90,90,90,90,90,90,90,90,90,90,90,90,90,90,90,90,90,90,90,90,90,90,90,90,90,90,90,90,90,90,100,100,100,100,100,100,100,100,100,100,107,107,107,107],"card_choices":[{"not_picked":["sneckomod:QuickMove","sneckomod:SoulDraw"],"picked":"sneckomod:UnknownEthereal","floor":3},{"not_picked":["sneckomod:DiceBlock","sneckomod:WideSting"],"picked":"sneckomod:UnknownX","floor":4},{"not_picked":["sneckomod:SnekBeam","sneckomod:TrashToTreasure"],"picked":"sneckomod:ImprovisedAttack","floor":5},{"not_picked":["sneckomod:SoulDraw","sneckomod:Cheat"],"picked":"sneckomod:ImprovisedAttack","floor":8},{"not_picked":["sneckomod:Rotation","sneckomod:DefensiveFlair"],"picked":"sneckomod:Nope","floor":9},{"not_picked":["sneckomod:QuickMove","sneckomod:UnknownCommonAttack"],"picked":"sneckomod:SlitherStrike","floor":10},{"not_picked":["sneckomod:DiceBlock","sneckomod:UnknownCommonAttack"],"picked":"sneckomod:UnknownClassGUARDIAN","floor":12},{"not_picked":["sneckomod:DiceBlock","sneckomod:UnknownExhaust"],"picked":"sneckomod:UnknownRareSkill","floor":13},{"not_picked":["sneckomod:WideSting","sneckomod:UnknownWeak"],"picked":"sneckomod:SnekBeam","floor":14},{"not_picked":["sneckomod:SoulRoll","sneckomod:UnknownCommonSkill"],"picked":"sneckomod:SerpentIdol","floor":15},{"not_picked":["sneckomod:SerpentMind","sneckomod:Mudshield"],"picked":"sneckomod:DangerNoodle","floor":16},{"not_picked":["sneckomod:UnknownCommonAttack+1","sneckomod:MixItUp+1"],"picked":"sneckomod:Unknown0Cost","floor":19},{"not_picked":["sneckomod:Unknown1Cost+1","sneckomod:UnknownWeak+1"],"picked":"sneckomod:SoulRoll","floor":20},{"not_picked":["sneckomod:SoulDraw+1","sneckomod:Unknown0Cost"],"picked":"sneckomod:SerpentMind","floor":22},{"not_picked":["sneckomod:UnknownUncommonPower+1","sneckomod:UnknownUncommonSkill+1"],"picked":"sneckomod:DiceBoulder","floor":23},{"not_picked":["sneckomod:UnknownWeak","sneckomod:UnknownClassRED"],"picked":"sneckomod:CheapStock","floor":23},{"not_picked":["sneckomod:WideSting","sneckomod:UnknownClassGUARDIAN"],"picked":"sneckomod:MasterEye+1","floor":25},{"not_picked":["sneckomod:UnknownCommonSkill","sneckomod:ImprovisedAttack"],"picked":"sneckomod:Restock","floor":26},{"not_picked":["sneckomod:IronFang+1","sneckomod:CheapStock"],"picked":"sneckomod:QuickMove","floor":29},{"not_picked":["sneckomod:UnknownWeak","sneckomod:UnknownVulnerable+1","sneckomod:PureSnecko"],"picked":"SKIP","floor":30},{"not_picked":["sneckomod:QuickMove","sneckomod:Restock"],"picked":"sneckomod:UnknownStrike+1","floor":31},{"not_picked":["sneckomod:UnknownWeak","sneckomod:IronFang","sneckomod:PureSnecko"],"picked":"SKIP","floor":32},{"not_picked":["sneckomod:GlitteringGambit","sneckomod:Mudshield"],"picked":"sneckomod:UnknownRareSkill","floor":33},{"not_picked":["sneckomod:UnknownX+1","sneckomod:UnknownWeak+1","sneckomod:IronFang"],"picked":"SKIP","floor":37},{"not_picked":["sneckomod:UnknownCommonSkill","sneckomod:QuickMove","sneckomod:UnknownClassSLIMEBOUND+1"],"picked":"SKIP","floor":38},{"not_picked":["sneckomod:DiceCrush","sneckomod:QuickBite"],"picked":"sneckomod:Cheat","floor":39},{"not_picked":["sneckomod:Nope+1","sneckomod:IronFang","sneckomod:UnknownCommonSkill+1"],"picked":"SKIP","floor":45},{"not_picked":["sneckomod:UnknownClassRED","sneckomod:UnknownClassHEXA_GHOST_PURPLE"],"picked":"sneckomod:ImprovisedGuard+1","floor":48},{"not_picked":["sneckomod:UnknownBlock+1","sneckomod:RainOfDice+1","sneckomod:UnknownClassGUARDIAN+1"],"picked":"SKIP","floor":49},{"not_picked":["sneckomod:QuickBite+1","sneckomod:Unknown1Cost"],"picked":"sneckomod:WideSting+1","floor":52}],"player_experience":415908,"relics_obtained":[{"floor":3,"key":"Orichalcum"},{"floor":7,"key":"Oddly Smooth Stone"},{"floor":8,"key":"CaptainsWheel"},{"floor":9,"key":"Odd Mushroom"},{"floor":10,"key":"Gambling Chip"},{"floor":24,"key":"Letter Opener"},{"floor":25,"key":"Toy Ornithopter"},{"floor":28,"key":"Mercury Hourglass"},{"floor":37,"key":"HornCleat"},{"floor":39,"key":"downfall:GremlinSack"},{"floor":52,"key":"Strawberry"}],"event_choices":[{"damage_healed":0,"gold_gain":0,"player_choice":"Fought Mushrooms","damage_taken":0,"max_hp_gain":0,"max_hp_loss":0,"event_name":"Mushrooms","floor":9,"gold_loss":0},{"damage_healed":0,"gold_gain":0,"player_choice":"Upgraded","damage_taken":0,"max_hp_gain":0,"max_hp_loss":0,"event_name":"Upgrade Shrine","floor":11,"gold_loss":0,"cards_upgraded":["sneckomod:ImprovisedAttack"]},{"cards_removed":["sneckomod:Strike"],"damage_healed":0,"gold_gain":0,"player_choice":"Purged","damage_taken":0,"max_hp_gain":0,"max_hp_loss":0,"event_name":"Purifier","floor":21,"gold_loss":0},{"cards_removed":["sneckomod:Defend"],"damage_healed":0,"gold_gain":0,"player_choice":"Removed Skill","damage_taken":0,"max_hp_gain":0,"max_hp_loss":0,"event_name":"Falling","floor":47,"gold_loss":0}],"is_beta":false,"boss_relics":[{"not_picked":["Velvet Choker","Astrolabe"],"picked":"sneckomod:SneckoTalon"},{"not_picked":["Empty Cage","Runic Pyramid"],"picked":"Snecko Eye"}],"items_purged_floors":[],"is_endless":false,"potions_floor_spawned":[3,4,12,14,16,23,26,29,32,33,45,48,52],"ascension_level":11}}