{"host":"bq4pt811tk9yrmjl","time":1608302392,"event":{"mods":["AchievementEnabler","BaseMod","Colored Map","Colored Powertips","Defuse TimeMaze Blight","Minty Spire (QoL Compilation)","StSLib","SuperFastMode","UnlockEverythingMod"],"gold_per_floor":[113,113,113,134,309,353,381,405,405,405,464,464,127,141,141,271,271,291,291,291,390,305,318,318,332,332,371,371,386,421,441,441,571,571,595,608,608,132,151,189,189,213,263,263,284,85,109,149,149,149,149],"floor_reached":50,"playtime":1013,"items_purged":["Doubt","Clumsy"],"score":618,"play_id":"1ed59244-9bbe-4fd7-93f5-e20a22170a61","local_time":"20201218123952","is_ascension_mode":true,"campfire_choices":[{"data":"Zap","floor":10,"key":"SMITH"},{"data":"Redo","floor":12,"key":"SMITH"},{"data":"Loop","floor":15,"key":"SMITH"},{"data":"Self Repair","floor":24,"key":"SMITH"},{"floor":28,"key":"REST"},{"floor":32,"key":"RECALL"},{"floor":41,"key":"REST"},{"data":"Thunder Strike","floor":49,"key":"SMITH"}],"circlet_count":0,"master_deck":["Strike_B+1","Strike_B+1","Strike_B+1","Strike_B+1","Defend_B+1","Defend_B+1","Defend_B+1","Defend_B+1","Zap+1","Dualcast","Redo+1","Streamline","Self Repair+1","Auto Shields","Loop+1","Electrodynamics","Steam+1","Ball Lightning","Thunder Strike+1","Conserve Battery","BootSequence+1","Loop+1","Beam Cell+1","White Noise+1"],"relics":["Cracked Core","NeowsBlessing","Golden Idol","Meat on the Bone","Odd Mushroom","Blood Vial","Bird Faced Urn","Nuclear Battery","Enchiridion","Ornamental Fan","Mummified Hand","Boot","Smiling Mask","Cursed Key","PreservedInsect","Art of War","Ginger","Vajra","TungstenRod"],"acts_visited":["Exordium","TheCity","TheBeyond"],"potions_floor_usage":[16,16,18,25,30,33,33,42,42,50],"damage_taken":[{"damage":0,"enemies":"2 Louse","floor":1,"turns":1},{"damage":0,"enemies":"Small Slimes","floor":4,"turns":1},{"damage":0,"enemies":"Gremlin Nob","floor":6,"turns":1},{"damage":26,"enemies":"The Mushroom Lair","floor":7,"turns":4},{"damage":5,"enemies":"Jaw Worm","floor":8,"turns":4},{"damage":23,"enemies":"Large Slime","floor":14,"turns":5},{"damage":13,"enemies":"Hexaghost","floor":16,"turns":9},{"damage":22,"enemies":"Spheric Guardian","floor":18,"turns":4},{"damage":18,"enemies":"Shell Parasite","floor":23,"turns":5},{"damage":12,"enemies":"Centurion and Healer","floor":25,"turns":6},{"damage":51,"enemies":"Book of Stabbing","floor":27,"turns":6},{"damage":0,"enemies":"Snake Plant","floor":29,"turns":3},{"damage":28,"enemies":"Gremlin Leader","floor":30,"turns":7},{"damage":0,"enemies":"Chosen and Byrds","floor":31,"turns":4},{"damage":33,"enemies":"Champ","floor":33,"turns":8},{"damage":24,"enemies":"3 Darklings","floor":35,"turns":4},{"damage":8,"enemies":"3 Shapes","floor":36,"turns":5},{"damage":14,"enemies":"Jaw Worm Horde","floor":39,"turns":3},{"damage":36,"enemies":"Giant Head","floor":40,"turns":8},{"damage":2,"enemies":"Sphere and 2 Shapes","floor":42,"turns":3},{"damage":20,"enemies":"Spire Growth","floor":45,"turns":6},{"damage":33,"enemies":"Jaw Worm Horde","floor":47,"turns":3},{"damage":34,"enemies":"Reptomancer","floor":48,"turns":5},{"damage":86,"enemies":"Awakened One","floor":50,"turns":7}],"seed_played":"7102743362296982546","potions_obtained":[{"floor":4,"key":"Dexterity Potion"},{"floor":8,"key":"AttackPotion"},{"floor":16,"key":"AttackPotion"},{"floor":18,"key":"EssenceOfSteel"},{"floor":25,"key":"FocusPotion"},{"floor":29,"key":"Swift Potion"},{"floor":31,"key":"ColorlessPotion"},{"floor":36,"key":"EssenceOfDarkness"},{"floor":48,"key":"EssenceOfSteel"}],"is_trial":false,"path_per_floor":["M","?","?","M","?","E","?","M","T","R","?","R","$","M","R","B",null,"M","?","?","?","?","M","R","M","T","E","R","M","E","M","R","B",null,"M","M","?","$","M","E","R","M","T","?","M","$","M","E","R","B"],"character_chosen":"DEFECT","items_purchased":["Bird Faced Urn","Loop","PreservedInsect","Art of War","Explosive Potion","Ancient Potion","Vajra"],"campfire_rested":2,"item_purchase_floors":[13,13,38,38,38,38,46],"current_hp_per_floor":[75,57,42,42,42,42,35,49,49,49,49,49,49,51,51,51,75,62,46,46,46,46,45,45,53,53,34,56,62,54,74,74,52,75,63,75,75,75,75,50,72,75,75,75,67,67,52,60,60,0,0],"gold":149,"neow_bonus":"THREE_ENEMY_KILL","is_daily":false,"chose_seed":false,"campfire_upgraded":5,"win_rate":0.0,"timestamp":1608302392,"path_taken":["M","?","?","M","?","E","?","M","T","R","?","R","?","M","R","BOSS","M","?","?","?","?","M","R","M","T","E","R","?","E","M","R","BOSS","M","M","?","$","M","E","R","M","T","?","M","$","?","E","R","BOSS"],"items_purchased_type":["Relic","Card","Relic","Relic","Potion","Potion","Relic"],"build_version":"2020-12-13","purchased_purges":2,"victory":false,"max_hp_per_floor":[75,75,75,75,75,75,75,75,75,75,75,75,75,75,75,75,75,75,75,75,75,75,75,75,75,75,75,75,75,75,75,75,75,75,75,75,75,75,75,75,75,75,75,75,75,75,75,75,75,75,75],"card_choices":[{"not_picked":["Fusion","Beam Cell"],"picked":"Redo","floor":1},{"not_picked":["Cold Snap","Hologram"],"picked":"Streamline","floor":4},{"not_picked":["Gash","Steam Power"],"picked":"Self Repair","floor":6},{"not_picked":["Tempest","Rainbow"],"picked":"Auto Shields","floor":8},{"not_picked":["Barrage","Hologram","Rebound"],"picked":"SKIP","floor":14},{"not_picked":["Meteor Strike","Core Surge"],"picked":"Electrodynamics","floor":16},{"not_picked":["Cold Snap","Turbo"],"picked":"Steam+1","floor":18},{"not_picked":["Beam Cell","Leap","Redo"],"picked":"SKIP","floor":23},{"not_picked":["Compile Driver","Hello World","Coolheaded"],"picked":"SKIP","floor":25},{"not_picked":["Coolheaded","Double Energy+1","Steam"],"picked":"SKIP","floor":27},{"not_picked":["All For One","Reprogram+1","Sweeping Beam"],"picked":"SKIP","floor":29},{"not_picked":["Sweeping Beam","Turbo"],"picked":"Ball Lightning","floor":30},{"not_picked":["Skim","Glacier+1","Compile Driver"],"picked":"SKIP","floor":31},{"not_picked":["Multi-Cast","Machine Learning"],"picked":"Thunder Strike","floor":33},{"not_picked":["Barrage+1","Compile Driver"],"picked":"Conserve Battery","floor":35},{"not_picked":["Aggregate","Compile Driver","White Noise"],"picked":"SKIP","floor":36},{"not_picked":["Stack+1","Chaos"],"picked":"BootSequence+1","floor":39},{"not_picked":["Rebound","Static Discharge","Hologram"],"picked":"SKIP","floor":40},{"not_picked":["Seek","Sweeping Beam"],"picked":"Loop+1","floor":42},{"not_picked":["Sweeping Beam+1","Go for the Eyes"],"picked":"Beam Cell+1","floor":45},{"not_picked":["Cold Snap","Conserve Battery"],"picked":"White Noise+1","floor":47},{"not_picked":["Turbo","Darkness+1","Genetic Algorithm+1"],"picked":"SKIP","floor":48}],"player_experience":71123,"relics_obtained":[{"floor":6,"key":"Meat on the Bone"},{"floor":7,"key":"Odd Mushroom"},{"floor":9,"key":"Blood Vial"},{"floor":19,"key":"Enchiridion"},{"floor":26,"key":"Mummified Hand"},{"floor":27,"key":"Boot"},{"floor":30,"key":"Smiling Mask"},{"floor":40,"key":"Ginger"},{"floor":48,"key":"TungstenRod"}],"event_choices":[{"damage_healed":0,"gold_gain":0,"player_choice":"Take Damage","damage_taken":18,"relics_obtained":["Golden Idol"],"max_hp_gain":0,"max_hp_loss":0,"event_name":"Golden Idol","floor":2,"gold_loss":0},{"damage_healed":0,"gold_gain":0,"player_choice":"Entered Light","damage_taken":15,"max_hp_gain":0,"max_hp_loss":0,"event_name":"Shining Light","floor":3,"gold_loss":0,"cards_upgraded":["Strike_B","Defend_B"]},{"damage_healed":0,"gold_gain":175,"player_choice":"AGREE","damage_taken":0,"max_hp_gain":0,"max_hp_loss":0,"event_name":"Liars Game","floor":5,"gold_loss":0,"cards_obtained":["Doubt"]},{"damage_healed":0,"gold_gain":0,"player_choice":"Fought Mushrooms","damage_taken":0,"max_hp_gain":0,"max_hp_loss":0,"event_name":"Mushrooms","floor":7,"gold_loss":0},{"damage_healed":0,"gold_gain":59,"player_choice":"Gained Gold","damage_taken":0,"max_hp_gain":0,"max_hp_loss":0,"event_name":"Golden Wing","floor":11,"gold_loss":0},{"damage_healed":0,"gold_gain":0,"player_choice":"Obtained Book","damage_taken":16,"max_hp_gain":0,"max_hp_loss":0,"event_name":"Cursed Tome","floor":19,"gold_loss":0},{"damage_healed":0,"gold_gain":0,"player_choice":"Simplicity","damage_taken":0,"max_hp_gain":0,"max_hp_loss":0,"event_name":"Back to Basics","floor":20,"gold_loss":0,"cards_upgraded":["Strike_B","Strike_B","Strike_B","Defend_B","Defend_B","Defend_B"]},{"damage_healed":0,"gold_gain":99,"player_choice":"Stole From Cult","damage_taken":0,"max_hp_gain":0,"max_hp_loss":0,"event_name":"Nest","floor":21,"gold_loss":0},{"damage_healed":0,"gold_gain":0,"player_choice":"Obtained Relic","damage_taken":0,"relics_obtained":["Ornamental Fan"],"max_hp_gain":0,"max_hp_loss":0,"event_name":"Addict","floor":22,"gold_loss":85},{"damage_healed":0,"gold_gain":0,"player_choice":"Ignored","damage_taken":0,"max_hp_gain":0,"max_hp_loss":0,"event_name":"Tomb of Lord Red Mask","floor":37,"gold_loss":0},{"damage_healed":0,"gold_gain":0,"player_choice":"Ignored","damage_taken":0,"max_hp_gain":0,"max_hp_loss":0,"event_name":"Transmorgrifier","floor":44,"gold_loss":0}],"is_beta":false,"boss_relics":[{"not_picked":["Tiny House","FrozenCore"],"picked":"Nuclear Battery"},{"not_picked":["Coffee Dripper","Snecko Eye"],"picked":"Cursed Key"}],"items_purged_floors":[38,46],"is_endless":false,"potions_floor_spawned":[4,8,16,18,25,29,31,36,39,48],"killed_by":"Awakened One","ascension_level":1}}