{"host":"no0bdlpxzp7bzzks","time":1608318281,"event":{"mods":["BaseMod","Better Match","Block Reminder","Colored Map","Curses Come First","DeckTracker","Downfall","Duelist Mod","Filter the Spire","Highlight Path","Jorbs\u0027s Wanderer Trilogy","Key Reminder","Mad Scientist","Minty Spire (QoL Compilation)","Permanent Neow","Relic Sorter","Relic Stats","StSLib","The Construct"],"gold_per_floor":[136,147,160,180,193,193,227,227,227,247,282,301,301,315,315,415,415,431,446,223,133,144,144,179,179,255,255,266,298,12,37,37,133,183,197,197,228,228,274,303,303,314,314,536,554,554,554,554],"floor_reached":47,"playtime":44234,"items_purged":["theDuelist:CastleWalls"],"score":582,"play_id":"37cb4283-a162-42ab-9c33-3c11aadaef50","local_time":"20201218130441","is_ascension_mode":false,"campfire_choices":[{"data":"theDuelist:ExodiaNecross","floor":6.0,"key":"SMITH"},{"data":"theDuelist:TimeWizard","floor":8.0,"key":"SMITH"},{"data":"theDuelist:SilverApples","floor":15.0,"key":"SMITH"},{"floor":23.0,"key":"RECALL"},{"data":"theDuelist:IrisEarthMother","floor":25.0,"key":"SMITH"},{"data":"theDuelist:PotDichotomy","floor":27.0,"key":"SMITH"},{"data":"theDuelist:TimeWizard","floor":32,"key":"SMITH"},{"data":"theDuelist:PotForbidden","floor":41,"key":"SMITH"}],"circlet_count":0,"master_deck":["theDuelist:PotDichotomy+1","theDuelist:SilverApples+1","theDuelist:TimeWizard+1","theDuelist:StormSparks","theDuelist:IrisEarthMother+1","theDuelist:DarkMagician","theDuelist:StormSparks","theDuelist:NeoMagic","theDuelist:MagiciansRod+1","theDuelist:MysticalElf","theDuelist:TimeWizard+1","theDuelist:DarkMagician+1","theDuelist:RainbowKuriboh","theDuelist:MysticalElf","theDuelist:PotGreed+1","theDuelist:ExodiaRA+1","theDuelist:StormSparks+1","theDuelist:CastleWalls","theDuelist:Yami+1","theDuelist:PotForbidden+1","theDuelist:ExodiaLA","theDuelist:ExodiaNecross+1","theDuelist:LegendaryFlameLord+1","theDuelist:DarkMagician+1"],"relics":["theDuelist:MillenniumPuzzle","theDuelist:BlessingAnubis","theDuelist:CardPoolRelic","theDuelist:CardPoolBasicRelic","theDuelist:BoosterPackPoolRelic","theDuelist:CardPoolAddRelic","theDuelist:CardPoolMinusRelic","theDuelist:CardPoolSaveRelic","theDuelist:CardPoolOptionsRelic","theDuelist:MerchantNecklace","theDuelist:SpellcasterOrb","theDuelist:BoosterPackSpellEgg","Busted Crown","Smiling Mask","Molten Egg 2","MealTicket","Red Mask","Tiny House","Tingsha","Thread and Needle","Champion Belt","theDuelist:MetronomeRelicB"],"acts_visited":["Exordium","TheCity","TheBeyond"],"potions_floor_usage":[31,33,36,36],"damage_taken":[{"damage":7.0,"enemies":"Cultist","floor":1.0,"turns":4.0},{"damage":0.0,"enemies":"Jaw Worm","floor":2.0,"turns":4.0},{"damage":1.0,"enemies":"2 Louse","floor":3.0,"turns":3.0},{"damage":5.0,"enemies":"2 Fungi Beasts","floor":4.0,"turns":4.0},{"damage":9.0,"enemies":"Exordium Thugs","floor":5.0,"turns":5.0},{"damage":6.0,"enemies":"Gremlin Nob","floor":7.0,"turns":3.0},{"damage":3.0,"enemies":"Lots of Slimes","floor":10.0,"turns":3.0},{"damage":4.0,"enemies":"3 Sentries","floor":11.0,"turns":6.0},{"damage":6.0,"enemies":"3 Louse","floor":12.0,"turns":4.0},{"damage":6.0,"enemies":"Looter","floor":14.0,"turns":3.0},{"damage":0.0,"enemies":"Slime Boss","floor":16.0,"turns":9.0},{"damage":18.0,"enemies":"3 Byrds","floor":18.0,"turns":4.0},{"damage":13.0,"enemies":"Spheric Guardian","floor":19.0,"turns":4.0},{"damage":0.0,"enemies":"Centurion and Healer","floor":22.0,"turns":7.0},{"damage":15.0,"enemies":"Gremlin Leader","floor":24.0,"turns":5.0},{"damage":2.0,"enemies":"Shelled Parasite and Fungi","floor":28.0,"turns":5.0},{"damage":12.0,"enemies":"Book of Stabbing","floor":29.0,"turns":7.0},{"damage":0,"enemies":"Masked Bandits","floor":31,"turns":2},{"damage":18,"enemies":"Collector","floor":33,"turns":12},{"damage":4,"enemies":"3 Shapes","floor":35,"turns":5},{"damage":16,"enemies":"3 Darklings","floor":36,"turns":3},{"damage":5,"enemies":"3 Darklings","floor":39,"turns":9},{"damage":1,"enemies":"Giant Head","floor":40,"turns":11},{"damage":3,"enemies":"4 Shapes","floor":42,"turns":6},{"damage":20,"enemies":"Jaw Worm Horde","floor":45,"turns":5},{"damage":31,"enemies":"Nemesis","floor":47,"turns":3}],"seed_played":"8532163835350176325","potions_obtained":[{"floor":1.0,"key":"theDuelist:CoolBottle"},{"floor":4.0,"key":"Guardian:BlockOnCardUsePotion"},{"floor":5.0,"key":"LiquidMemories"},{"floor":7.0,"key":"LiquidBronze"},{"floor":10.0,"key":"theDuelist:BottledKuriboh"},{"floor":12.0,"key":"theDuelist:VoidBottle"},{"floor":22.0,"key":"SmokeBomb"},{"floor":29.0,"key":"theDuelist:SummonFuryPotion"},{"floor":31,"key":"theDuelist:SealedPackE"},{"floor":34,"key":"theDuelist:StunPotion"},{"floor":40,"key":"theDuelist:FireBottle"},{"floor":42,"key":"theDuelist:BottledKuriboh"}],"is_trial":false,"path_per_floor":["M","M","M","M","M","R","E","R","T","M","E","M","?","M","R","B",null,"M","M","?","?","M","R","E","R","T","R","M","E","$","?","R","B",null,"M","M","?","?","?","E","R","M","T","?","M","?","E"],"character_chosen":"THE_DUELIST","items_purchased":["theDuelist:ExodiaRA+1","theDuelist:PotForbidden"],"campfire_rested":0,"item_purchase_floors":[30,30],"current_hp_per_floor":[73,73,72,67,58,58,52,52,52,49,45,39,39,33,33,33,80,62,49,49,49,49,49,34,34,34,34,32,20,35,35,35,17,85,81,65,65,65,60,59,59,56,56,56,36,30,0,0],"gold":554,"neow_bonus":"ONE_RARE_RELIC","is_daily":false,"chose_seed":false,"campfire_upgraded":7,"win_rate":0.0,"timestamp":1608318281,"path_taken":["M","?","M","M","M","R","E","R","T","M","E","M","?","?","R","BOSS","M","M","?","?","?","R","E","R","T","R","?","E","$","?","R","BOSS","M","M","?","?","?","E","R","M","T","?","M","?","E"],"items_purchased_type":["Card","Card"],"build_version":"2020-12-13","purchased_purges":1,"victory":false,"max_hp_per_floor":[80,80,80,80,80,80,80,80,80,80,80,80,80,80,80,80,80,80,80,80,80,80,80,80,80,80,80,80,80,80,80,80,80,85,85,85,85,85,85,85,85,85,85,85,85,85,85,85],"relic_stats":{"Busted Crown":56,"counters":[26,135],"MealTicket":15,"Tingsha":[0],"Champion Belt":[0],"Smiling Mask":25,"obtain_stats":[{"theDuelist:SpellcasterOrb":7,"Tiny House":34,"theDuelist:BoosterPackSpellEgg":9,"StoneCalendar":0,"Tingsha":39,"Thread and Needle":39,"theDuelist:MillenniumPuzzle":0,"theDuelist:CardPoolSaveRelic":0,"Smiling Mask":24,"keyreminder:keyreminder":7,"theDuelist:BoosterPackPoolRelic":0,"theDuelist:CardPoolMinusRelic":0,"Busted Crown":17,"theDuelist:CardPoolBasicRelic":0,"theDuelist:MerchantNecklace":11,"Molten Egg 2":26,"MealTicket":29,"theDuelist:CardPoolAddRelic":0,"theDuelist:CardPoolOptionsRelic":0,"Red Mask":31,"Champion Belt":39,"theDuelist:MetronomeRelicB":46,"theDuelist:CardPoolRelic":0,"theDuelist:BlessingAnubis":40},{"theDuelist:SpellcasterOrb":6,"Tiny House":19,"theDuelist:BoosterPackSpellEgg":6,"StoneCalendar":0,"Tingsha":22,"Thread and Needle":22,"theDuelist:MillenniumPuzzle":0,"theDuelist:CardPoolSaveRelic":0,"Smiling Mask":15,"keyreminder:keyreminder":6,"theDuelist:BoosterPackPoolRelic":0,"theDuelist:CardPoolMinusRelic":0,"Busted Crown":11,"theDuelist:CardPoolBasicRelic":0,"theDuelist:MerchantNecklace":8,"Molten Egg 2":15,"MealTicket":17,"theDuelist:CardPoolAddRelic":0,"theDuelist:CardPoolOptionsRelic":0,"Red Mask":18,"Champion Belt":22,"theDuelist:MetronomeRelicB":25,"theDuelist:CardPoolRelic":0,"theDuelist:BlessingAnubis":23},{"theDuelist:SpellcasterOrb":22,"Tiny House":93,"theDuelist:BoosterPackSpellEgg":22,"StoneCalendar":0,"Tingsha":110,"Thread and Needle":110,"theDuelist:MillenniumPuzzle":0,"theDuelist:CardPoolSaveRelic":0,"Smiling Mask":67,"keyreminder:keyreminder":22,"theDuelist:BoosterPackPoolRelic":0,"theDuelist:CardPoolMinusRelic":0,"Busted Crown":47,"theDuelist:CardPoolBasicRelic":0,"theDuelist:MerchantNecklace":31,"Molten Egg 2":67,"MealTicket":79,"theDuelist:CardPoolAddRelic":0,"theDuelist:CardPoolOptionsRelic":0,"Red Mask":81,"Champion Belt":110,"theDuelist:MetronomeRelicB":132,"theDuelist:CardPoolRelic":0,"theDuelist:BlessingAnubis":121}]},"card_choices":[{"not_picked":["theDuelist:BattleOx","theDuelist:GaiaMidNightSun","theDuelist:DianKeto","theDuelist:DestroyerGolem"],"picked":"theDuelist:SilverApples","floor":1.0},{"not_picked":["theDuelist:VoidExpansion","theDuelist:StatueAnguishPattern","theDuelist:WonderWand"],"picked":"theDuelist:TimeWizard","floor":2.0},{"not_picked":["theDuelist:SangaEarth","theDuelist:DarkPaladin"],"picked":"theDuelist:ExodiaNecross","floor":3.0},{"not_picked":["theDuelist:SangaThunder","theDuelist:Mudballman","theDuelist:ThousandEyesIdol","theDuelist:CrystalWingDragon"],"picked":"theDuelist:DarkMagician","floor":4.0},{"not_picked":["theDuelist:FrontierWiseman","theDuelist:BattleOx","theDuelist:BlackPendant","theDuelist:GilfordLegend"],"picked":"theDuelist:PotDichotomy","floor":5.0},{"not_picked":["theDuelist:WhiteHowling+1","theDuelist:VoidExpansion+1","theDuelist:BadReaction+1","theDuelist:GoblinSecret+1"],"picked":"theDuelist:MagiciansRod+1","floor":7.0},{"not_picked":["theDuelist:BlizzardWarrior","theDuelist:Illusionist","theDuelist:NeoMagic","theDuelist:ThousandEyesIdol"],"picked":"theDuelist:Yami+1","floor":10.0},{"not_picked":["theDuelist:MillenniumGolem","theDuelist:ReinforcementsArmy+1","theDuelist:LightningRodLord","theDuelist:HeavyStorm+1","theDuelist:GemArmadillo"],"picked":"SKIP","floor":11.0},{"not_picked":["theDuelist:WhiteHowling","theDuelist:InariFire","theDuelist:Yami+1","theDuelist:WonderWand+1","theDuelist:GoblinSecret+1"],"picked":"SKIP","floor":12.0},{"not_picked":["theDuelist:LightningRodLord","theDuelist:FlameTiger","theDuelist:GolemSentry","theDuelist:MirrorForce"],"picked":"theDuelist:PotGreed+1","floor":14.0},{"not_picked":["theDuelist:RainbowDarkDragon","theDuelist:RainbowMagician","theDuelist:RainbowKuriboh","theDuelist:RainbowOverdragon"],"picked":"theDuelist:IrisEarthMother","floor":16.0},{"not_picked":["theDuelist:InvitationDarkSleep","theDuelist:DarkHorizon+1","theDuelist:MagicalBlast+1"],"picked":"theDuelist:ExodiaLA","floor":18.0},{"not_picked":["theDuelist:NeoMagic","theDuelist:MysticalElf","theDuelist:CallAtlanteans+1","theDuelist:BlizzardWarrior"],"picked":"SKIP","floor":19.0},{"not_picked":["theDuelist:BlueBloodedOni","theDuelist:GreenGraveOni","theDuelist:PurplePainOni","theDuelist:RainbowOverdragon"],"picked":"SKIP","floor":22.0},{"not_picked":["theDuelist:GraniteLoyalist","theDuelist:MillenniumGolem","theDuelist:Mudora+1","theDuelist:PowerGiant"],"picked":"SKIP","floor":24.0},{"not_picked":["theDuelist:CrystalWingDragon+1"],"picked":"theDuelist:RainbowKuriboh","floor":28.0},{"not_picked":["theDuelist:SilentDoom+1","theDuelist:PowerKaishin+1"],"picked":"SKIP","floor":29.0},{"not_picked":[],"picked":"theDuelist:TimeWizard","floor":31},{"not_picked":[],"picked":"theDuelist:LegendaryFlameLord+1","floor":35},{"not_picked":[],"picked":"theDuelist:DarkMagician+1","floor":39},{"not_picked":["theDuelist:OnslaughtFireKings+1"],"picked":"SKIP","floor":40},{"not_picked":["theDuelist:SilentDoom+1"],"picked":"SKIP","floor":42},{"not_picked":["theDuelist:Mudballman"],"picked":"SKIP","floor":45}],"player_experience":149054,"relics_obtained":[{"floor":7.0,"key":"theDuelist:SpellcasterOrb"},{"floor":9.0,"key":"theDuelist:BoosterPackSpellEgg"},{"floor":11.0,"key":"theDuelist:MerchantNecklace"},{"floor":24.0,"key":"Smiling Mask"},{"floor":26.0,"key":"Molten Egg 2"},{"floor":29.0,"key":"MealTicket"},{"floor":31,"key":"Red Mask"},{"floor":39,"key":"Tingsha"},{"floor":39,"key":"Thread and Needle"},{"floor":39,"key":"Champion Belt"},{"floor":40,"key":"theDuelist:BlessingAnubis"}],"event_choices":[{"damage_healed":0.0,"max_hp_gain":0.0,"max_hp_loss":0.0,"gold_gain":0.0,"event_name":"Visit from Anubis","player_choice":"Scored: 1056","duelist":true,"floor":13.0,"gold_loss":0.0,"damage_taken":0.0},{"total_magic_score":61.0,"gold_gain":0.0,"greed_reward":2.0,"duelist":true,"damage_taken":0.0,"relics_obtained":[],"points":2.0,"max_hp_gain":0.0,"max_hp_loss":0.0,"spent_points":{"magic":0.0,"greed":2.0,"war":0.0,"power":0.0,"hunger":0.0},"event_name":"Nameless Tomb","floor":20.0,"gold_loss":0.0,"cards_obtained":["theDuelist:StormSparks","theDuelist:StormSparks","theDuelist:StormSparks"]},{"cards_removed":["Shame"],"damage_healed":0.0,"max_hp_gain":0.0,"max_hp_loss":0.0,"gold_gain":0.0,"event_name":"Designer","player_choice":"Upgrade and Remove","floor":21.0,"gold_loss":90.0,"damage_taken":0.0,"cards_upgraded":["theDuelist:DarkMagician"]},{"damage_healed":0,"gold_gain":0,"player_choice":"Fought Bandits","damage_taken":0,"max_hp_gain":0,"max_hp_loss":0,"event_name":"Masked Bandits","floor":31,"gold_loss":0},{"damage_healed":0,"gold_gain":0,"player_choice":"Sold Neo Magic Swordsman for 31 Gold.","duelist":true,"damage_taken":0,"max_hp_gain":0,"max_hp_loss":0,"event_name":"Card Trader","floor":37,"gold_loss":0},{"damage_healed":0,"gold_gain":0,"player_choice":"Leave","duelist":true,"damage_taken":0,"max_hp_gain":0,"max_hp_loss":0,"event_name":"Egyptian Village","floor":38,"gold_loss":0},{"damage_healed":0,"gold_gain":0,"player_choice":"Fight","duelist":true,"damage_taken":0,"max_hp_gain":0,"max_hp_loss":0,"event_name":"Battle City","floor":39,"gold_loss":0},{"damage_healed":0,"gold_gain":222,"player_choice":"Wore Mask","damage_taken":0,"max_hp_gain":0,"max_hp_loss":0,"event_name":"Tomb of Lord Red Mask","floor":44,"gold_loss":0},{"damage_healed":0,"gold_gain":0,"player_choice":"Dig - random Duelist relic","duelist":true,"damage_taken":0,"max_hp_gain":0,"max_hp_loss":0,"event_name":"Aknamkanon\u0027s Tomb","floor":46,"gold_loss":0}],"is_beta":false,"boss_relics":[{"not_picked":["Runic Dome","Inserter"],"picked":"Busted Crown"},{"not_picked":["Runic Cube","Runic Pyramid"],"picked":"Tiny House"}],"items_purged_floors":[30],"is_endless":false,"potions_floor_spawned":[1,4,5,7,10,12,22,29,31,40,42],"killed_by":"Nemesis","ascension_level":0}}