{"host":"kiofj7470znkzgvo","time":1608288104,"event":{"mods":["2.2 Compatiblity","AchievementEnabler","BaseMod","Minty Spire (QoL Compilation)"],"gold_per_floor":[119,136,136,152,77,110,123,148,148,179,197,226,226,226,226,324,324,344,168,185,199,73,102,119,149,149,179,197,197,213,230,230,327,327,343,343,359,377,213,213,243,243,243,123,143,158,158,0,0,0,0,0,0,26,26,26],"floor_reached":55,"playtime":3467,"items_purged":["Strike_G","Strike_G","Strike_G","Strike_G","Dash"],"score":826,"play_id":"5bbc2251-517c-44c1-bf6c-83d9a00b0c44","local_time":"20201218114144","is_ascension_mode":true,"campfire_choices":[{"floor":13.0,"key":"REST"},{"floor":15.0,"key":"RECALL"},{"floor":29.0,"key":"REST"},{"data":"Blade Dance","floor":32.0,"key":"SMITH"},{"floor":40.0,"key":"REST"},{"data":"Accuracy","floor":42.0,"key":"SMITH"},{"data":"Blade Dance","floor":47.0,"key":"SMITH"},{"data":"Blade Dance","floor":49.0,"key":"SMITH"},{"data":"After Image","floor":52.0,"key":"SMITH"}],"circlet_count":0,"master_deck":["Defend_G","Defend_G+1","Defend_G","Defend_G","Defend_G+1","Survivor","Neutralize+1","Dagger Throw","Cloak And Dagger","Flying Knee","Blade Dance+1","Backstab","Footwork","Dash","Bullet Time","Slice","Infinite Blades","Slice","Backstab","Slice+1","Blade Dance+1","After Image+1","Accuracy+1","Deflect+1","Backstab+1","After Image+1","Concentrate","PiercingWail","Blade Dance+1","Accuracy+1","Slice","Accuracy+1","Blade Dance+1"],"relics":["Ring of the Snake","War Paint","Strawberry","Bottled Lightning","The Courier","Eternal Feather","WristBlade","DollysMirror","Gambling Chip","HornCleat","Omamori","Frozen Egg 2","SlaversCollar","Thread and Needle","Whetstone","Ninja Scroll"],"acts_visited":["Exordium","TheCity","TheBeyond","TheEnding"],"potions_floor_usage":[55,55],"damage_taken":[{"damage":9.0,"enemies":"Small Slimes","floor":1.0,"turns":5.0},{"damage":0.0,"enemies":"Cultist","floor":2.0,"turns":3.0},{"damage":0.0,"enemies":"2 Louse","floor":4.0,"turns":2.0},{"damage":36.0,"enemies":"Gremlin Nob","floor":6.0,"turns":6.0},{"damage":3.0,"enemies":"Large Slime","floor":7.0,"turns":6.0},{"damage":1.0,"enemies":"3 Sentries","floor":8.0,"turns":8.0},{"damage":17.0,"enemies":"Lagavulin","floor":10.0,"turns":6.0},{"damage":7.0,"enemies":"Red Slaver","floor":11.0,"turns":2.0},{"damage":2.0,"enemies":"3 Sentries","floor":12.0,"turns":12.0},{"damage":29.0,"enemies":"The Guardian","floor":16.0,"turns":15.0},{"damage":13.0,"enemies":"3 Byrds","floor":18.0,"turns":5.0},{"damage":4.0,"enemies":"2 Thieves","floor":20.0,"turns":4.0},{"damage":3.0,"enemies":"Cultist and Chosen","floor":21.0,"turns":5.0},{"damage":9.0,"enemies":"Gremlin Leader","floor":23.0,"turns":6.0},{"damage":0.0,"enemies":"Centurion and Healer","floor":24.0,"turns":5.0},{"damage":14.0,"enemies":"Book of Stabbing","floor":25.0,"turns":5.0},{"damage":22.0,"enemies":"Gremlin Leader","floor":27.0,"turns":6.0},{"damage":6.0,"enemies":"3 Cultists","floor":28.0,"turns":5.0},{"damage":0.0,"enemies":"Snecko","floor":30.0,"turns":4.0},{"damage":4.0,"enemies":"Centurion and Healer","floor":31.0,"turns":4.0},{"damage":40.0,"enemies":"Automaton","floor":33.0,"turns":9.0},{"damage":12.0,"enemies":"3 Darklings","floor":35.0,"turns":6.0},{"damage":0.0,"enemies":"3 Shapes","floor":37.0,"turns":3.0},{"damage":35.0,"enemies":"Transient","floor":38.0,"turns":5.0},{"damage":15.0,"enemies":"Giant Head","floor":41.0,"turns":7.0},{"damage":9.0,"enemies":"Writhing Mass","floor":45.0,"turns":6.0},{"damage":0.0,"enemies":"Jaw Worm Horde","floor":46.0,"turns":3.0},{"damage":9.0,"enemies":"Donu and Deca","floor":50.0,"turns":8.0},{"damage":5.0,"enemies":"Shield and Spear","floor":54.0,"turns":5.0},{"damage":105,"enemies":"The Heart","floor":55,"turns":6}],"seed_played":"6087922949707288718","potions_obtained":[{"floor":7.0,"key":"BlessingOfTheForge"},{"floor":10.0,"key":"Explosive Potion"},{"floor":11.0,"key":"SpeedPotion"},{"floor":12.0,"key":"CunningPotion"},{"floor":25.0,"key":"Energy Potion"},{"floor":31.0,"key":"DuplicationPotion"},{"floor":38.0,"key":"Regen Potion"}],"is_trial":false,"path_per_floor":["M","M","?","M","$","E","M","E","T","E","M","E","R","?","R","B",null,"M","$","M","M","$","E","M","E","T","E","M","R","M","M","R","B",null,"M","?","M","M","$","R","E","R","T","$","M","M","R","$","R","B",null,"R","$","E","B"],"character_chosen":"THE_SILENT","items_purchased":["Infinite Blades","Slice","DollysMirror","Accuracy+1","Blade Dance"],"campfire_rested":3,"item_purchase_floors":[19,19,22,39,48],"current_hp_per_floor":[61,61,61,61,61,32,29,28,28,11,4,2,34,34,43,14,77,64,64,60,57,57,48,48,34,34,12,6,44,44,40,58,18,77,65,65,65,30,30,71,56,74,74,74,65,65,77,77,77,68,77,77,77,72,0,0],"gold":26,"neow_bonus":"RANDOM_COMMON_RELIC","is_daily":false,"chose_seed":false,"campfire_upgraded":5,"win_rate":0.0,"timestamp":1608288104,"path_taken":["M","M","?","M","$","E","?","E","T","E","M","E","R","?","R","BOSS","M","$","M","M","$","E","M","E","T","E","?","R","M","M","R","BOSS","M","?","M","?","$","R","E","R","T","$","M","?","R","$","R","BOSS","R","$","E","BOSS"],"items_purchased_type":["Card","Card","Relic","Card","Card"],"build_version":"2020-12-13","purchased_purges":5,"victory":false,"max_hp_per_floor":[70,70,70,70,70,77,77,77,77,77,77,77,77,77,77,77,77,77,77,77,77,77,77,77,77,77,77,77,77,77,77,77,77,77,77,77,77,77,77,77,77,77,77,77,77,77,77,77,77,77,77,77,77,77,77,77],"card_choices":[{"not_picked":["Dagger Throw","Flying Knee"],"picked":"Dash","floor":1.0},{"not_picked":["Quick Slash","Slice"],"picked":"Dagger Throw","floor":2.0},{"not_picked":["Caltrops","After Image"],"picked":"Cloak And Dagger","floor":4.0},{"not_picked":["Slice","Dodge and Roll"],"picked":"Flying Knee","floor":6.0},{"not_picked":["Backflip","Bane"],"picked":"Blade Dance","floor":7.0},{"not_picked":["Poisoned Stab","Footwork"],"picked":"Backstab","floor":8.0},{"not_picked":["Noxious Fumes","Dagger Spray"],"picked":"Footwork","floor":10.0},{"not_picked":["Setup","Night Terror"],"picked":"Dash","floor":11.0},{"not_picked":["Bane","Noxious Fumes","Dagger Throw"],"picked":"SKIP","floor":12.0},{"not_picked":["Grand Finale","Corpse Explosion"],"picked":"Bullet Time","floor":16.0},{"not_picked":["Dodge and Roll","Reflex"],"picked":"Slice","floor":18.0},{"not_picked":["Dagger Spray+1","Finisher"],"picked":"Backstab","floor":20.0},{"not_picked":["Prepared","Poisoned Stab"],"picked":"Slice","floor":21.0},{"not_picked":["Eviscerate+1","Escape Plan"],"picked":"After Image","floor":23.0},{"not_picked":["Backflip","Poisoned Stab"],"picked":"Accuracy","floor":24.0},{"not_picked":["Deadly Poison","Escape Plan"],"picked":"Deflect+1","floor":25.0},{"not_picked":["Dagger Spray","Dagger Throw","Escape Plan"],"picked":"SKIP","floor":27.0},{"not_picked":["Expertise","Dagger Throw"],"picked":"Backstab","floor":28.0},{"not_picked":["Sucker Punch","Acrobatics"],"picked":"After Image+1","floor":30.0},{"not_picked":["Deadly Poison","Dagger Throw"],"picked":"Concentrate","floor":31.0},{"not_picked":["Malaise","Tools of the Trade+1"],"picked":"Grand Finale","floor":33.0},{"not_picked":["Flying Knee+1","Heel Hook+1","Dagger Throw+1"],"picked":"SKIP","floor":35.0},{"not_picked":["Bane","Reflex","Prepared+1"],"picked":"SKIP","floor":37.0},{"not_picked":["Dagger Throw+1","PiercingWail"],"picked":"Blade Dance+1","floor":38.0},{"not_picked":["Masterful Stab","Backflip"],"picked":"Slice","floor":41.0},{"not_picked":["Crippling Poison+1","Tactician+1"],"picked":"Accuracy+1","floor":45.0},{"not_picked":["Malaise","PiercingWail","Underhanded Strike+1"],"picked":"SKIP","floor":46.0},{"not_picked":["Well Laid Plans+1","Distraction","Flying Knee+1"],"picked":"SKIP","floor":54.0}],"player_experience":110047,"relics_obtained":[{"floor":6.0,"key":"Strawberry"},{"floor":8.0,"key":"Bottled Lightning"},{"floor":10.0,"key":"The Courier"},{"floor":12.0,"key":"Eternal Feather"},{"floor":23.0,"key":"Gambling Chip"},{"floor":25.0,"key":"HornCleat"},{"floor":26.0,"key":"Omamori"},{"floor":27.0,"key":"Frozen Egg 2"},{"floor":41.0,"key":"Thread and Needle"},{"floor":43.0,"key":"Whetstone"},{"floor":54.0,"key":"Ninja Scroll"}],"event_choices":[{"damage_healed":0.0,"max_hp_gain":0.0,"max_hp_loss":0.0,"gold_gain":0.0,"event_name":"Accursed Blacksmith","player_choice":"Forge","floor":3.0,"gold_loss":0.0,"damage_taken":0.0,"cards_upgraded":["Neutralize"]},{"cards_removed":["Strike_G"],"damage_healed":0.0,"max_hp_gain":0.0,"max_hp_loss":0.0,"gold_gain":0.0,"event_name":"Purifier","player_choice":"Purged","floor":14.0,"gold_loss":0.0,"damage_taken":0.0},{"damage_healed":0.0,"max_hp_gain":0.0,"max_hp_loss":0.0,"gold_gain":0.0,"cards_transformed":["Grand Finale"],"event_name":"Transmorgrifier","player_choice":"Transformed","floor":36.0,"gold_loss":0.0,"damage_taken":0.0,"cards_obtained":["PiercingWail"]}],"is_beta":false,"boss_relics":[{"not_picked":["Cursed Key","Philosopher\u0027s Stone"],"picked":"WristBlade"},{"not_picked":["Astrolabe","HoveringKite"],"picked":"SlaversCollar"}],"items_purged_floors":[5,19,39,44,48],"is_endless":false,"potions_floor_spawned":[7,10,11,12,24,25,27,28,30,31,38,45],"killed_by":"The Heart","ascension_level":1}}