{"host":"0i8dz4ityulxi1rd","time":1608275769,"event":{"mods":["BaseMod","Colored Map","Colored Powertips","Custom Start","Highlight Path","Hubris","Keyboard Shortcuts","Minty Spire (QoL Compilation)","StSLib","SuperFastMode","The Runesmith"],"gold_per_floor":[115,125,140,65,79,79,90,104,131,148,48,48,83,95,95,95,95],"floor_reached":16,"playtime":634,"items_purged":["Strike_R","Strike_R"],"score":196,"play_id":"e603bb8d-5480-42ae-98ae-879c3984c82b","local_time":"20201218161609","is_ascension_mode":true,"campfire_choices":[{"data":"True Grit","floor":6,"key":"SMITH"},{"floor":12,"key":"REST"},{"floor":15,"key":"REST"}],"circlet_count":0,"master_deck":["AscendersBane","Strike_R","Strike_R","Defend_R","Defend_R","Defend_R","Bash","Clothesline","True Grit+1","Inflame","Dark Embrace","Anger","Sword Boomerang","Seeing Red"],"relics":["Burning Blood","Bronze Scales"],"acts_visited":["Exordium"],"potions_floor_usage":[5,16],"damage_taken":[{"damage":18,"enemies":"Cultist","floor":1,"turns":5},{"damage":13,"enemies":"2 Louse","floor":2,"turns":3},{"damage":8,"enemies":"Jaw Worm","floor":3,"turns":6},{"damage":26,"enemies":"Lots of Slimes","floor":5,"turns":5},{"damage":5,"enemies":"Blue Slaver","floor":7,"turns":6},{"damage":11,"enemies":"2 Fungi Beasts","floor":8,"turns":3},{"damage":17,"enemies":"3 Louse","floor":10,"turns":5},{"damage":24,"enemies":"Gremlin Nob","floor":13,"turns":4},{"damage":9,"enemies":"Blue Slaver","floor":14,"turns":4},{"damage":26,"enemies":"The Guardian","floor":16,"turns":5}],"seed_played":"-6197746012259990904","potions_obtained":[{"floor":1,"key":"SteroidPotion"},{"floor":7,"key":"Dexterity Potion"},{"floor":8,"key":"Ancient Potion"}],"is_trial":false,"path_per_floor":["M","M","M","$","M","R","M","M","T","M","$","R","E","M","R","B"],"character_chosen":"IRONCLAD","items_purchased":[],"campfire_rested":2,"item_purchase_floors":[],"current_hp_per_floor":[56,49,47,47,27,27,28,23,23,12,12,32,14,11,31,5,5],"gold":95,"neow_bonus":"REMOVE_TWO","is_daily":false,"chose_seed":false,"campfire_upgraded":1,"win_rate":0.0,"timestamp":1608275769,"path_taken":["M","M","M","$","M","R","M","?","T","M","?","R","E","M","R","BOSS"],"items_purchased_type":[],"build_version":"2020-12-13","purchased_purges":2,"victory":false,"max_hp_per_floor":[68,68,68,68,68,68,68,68,68,68,68,68,68,68,68,68,68],"card_choices":[{"not_picked":["Entrench","Iron Wave"],"picked":"Clothesline","floor":1},{"not_picked":["Intimidate","Dropkick"],"picked":"True Grit","floor":2},{"not_picked":["Sever Soul","Hemokinesis"],"picked":"Inflame","floor":3},{"not_picked":["Uppercut","Flex"],"picked":"Dark Embrace","floor":5},{"not_picked":["Double Tap","Body Slam"],"picked":"Anger","floor":7},{"not_picked":["Armaments","Intimidate","Clothesline"],"picked":"SKIP","floor":8},{"not_picked":["Wild Strike","Clash"],"picked":"Sword Boomerang","floor":10},{"not_picked":["hubris:StunningStrike","Ghostly Armor"],"picked":"Seeing Red","floor":13},{"not_picked":["Thunderclap","Sword Boomerang","Infernal Blade"],"picked":"SKIP","floor":14}],"player_experience":1254737,"relics_obtained":[{"floor":13,"key":"Bronze Scales"}],"event_choices":[],"is_beta":false,"boss_relics":[],"items_purged_floors":[4,11],"is_endless":false,"potions_floor_spawned":[1,7,8],"killed_by":"The Guardian","ascension_level":17}}