{"host":"bp6b47iftb3mluh0","time":1608307326,"event":{"mods":["ATMod(阿瑾Mod)","Act Like it!","Alarm Clock","Aspiration","Astrologer","BaseMod","Bestiary","Better Third Choice","Better Vampires","Challenge The Spire","Colored Powertips","Conspire","Curses Come First","Dota2Spire","Downfall","Friendly Minions","Gensokyo","Hallownest","Hermit","Kiyohime（清姬）","Lobotomy","LobotomyExtend","Marisa（F雨　魔理沙）","Marked Mod","Minty Spire (QoL Compilation)","Quick Restart","Rare Cards Sparkle","Red Circlet Mod","Relic Stats","Remilia（蕾米莉亚）","Replay The Spire","Reworked Bosses","Ryuuou龙王","Shop Mod","Spicy Shops","StSLib","The Bug Knight","Uncapped","Waifu the Spire","Youmu（魂魄妖梦）","[地精首领爬塔]The Maniac","vexMod","【东方二次创作】八云紫mod","【遗物卡牌】REMEMod"],"gold_per_floor":[112,12,12,12,12,12,24,36,36,36,61,81,93,113,113,211,211,224,244,154,166,179,179,190,190,213,10,10,23,23,34,34,133,133,143,163,163,163,183,80,80,97,22,22,37,97,97,150,189,211,250,276,276,432,432],"floor_reached":18,"playtime":1744,"items_purged":["Strike_R","Decay"],"score":525,"play_id":"0c6c3d59-d61c-4305-aac9-fea06f881eef","local_time":"20201219000206","is_ascension_mode":false,"campfire_choices":[{"data":"Armaments","floor":6.0,"key":"SMITH"},{"data":"REME_Scribble","floor":15.0,"key":"SMITH"},{"data":"Bash","floor":23.0,"key":"SMITH"},{"data":"Wallop","floor":25.0,"key":"SMITH"},{"data":"HollowMod:HornetsHelp","floor":28.0,"key":"SMITH"},{"data":"AT_FamilyPortrait","floor":32.0,"key":"SMITH"},{"data":"Run Through","floor":6.0,"key":"SMITH"},{"floor":15.0,"key":"REST"}],"circlet_count":0,"master_deck":["Strike_R","Strike_R","Defend_R","Defend_R","Defend_R","Bash+1","AT_FamilyPortrait+1","HollowMod:HornetsHelp+1","Armaments+1","Ghostly+1","Wallop+1","ReplayTheSpireMod:Stacked+1","Seeing Red+1","REME_Scribble+1","Run Through+1","Offering","ReplayTheSpireMod:Muscle Training+1","Entrench+1","Offering+1"],"relics":["Burning Blood","REME_ComplimentaryCards","AT_ATBox","Cracked Core","Vajra","AT_LudenTempest","AT_Kusabimaru","Du-Vu Doll","Busted Crown","AT_BladeRuinedKing","MerchantsRug","Torii","Black Star","MagicBullet_r","LetterFromLob","AT_BellDemon","Bird Faced Urn","Dota2Spire:PhaseBoots","Art of War","REME_ArchaeologicalTools","Strawberry","Heaven_r","Moonlight_r","Mercury Hourglass","Juzu Bracelet","Toxic Egg 2"],"acts_visited":["Exordium","TheCity","TheBeyond"],"potions_floor_usage":[16],"damage_taken":[{"damage":0.0,"enemies":"2 Louse","floor":1.0,"turns":3.0},{"damage":0.0,"enemies":"Jaw Worm","floor":7.0,"turns":2.0},{"damage":0.0,"enemies":"Small Slimes","floor":8.0,"turns":3.0},{"damage":5.0,"enemies":"Replay:BlueRogue","floor":11.0,"turns":4.0},{"damage":0.0,"enemies":"Looter","floor":12.0,"turns":2.0},{"damage":1.0,"enemies":"Blue Slaver","floor":13.0,"turns":2.0},{"damage":0.0,"enemies":"Gremlin Gang","floor":14.0,"turns":2.0},{"damage":32.0,"enemies":"Hexaghost","floor":16.0,"turns":8.0},{"damage":3.0,"enemies":"3 Byrds","floor":18.0,"turns":4.0},{"damage":1.0,"enemies":"2 Thieves","floor":19.0,"turns":3.0},{"damage":13.0,"enemies":"3 Cultists","floor":21.0,"turns":6.0},{"damage":3.0,"enemies":"Centurion and Healer","floor":22.0,"turns":6.0},{"damage":3.0,"enemies":"Cultist and Chosen","floor":24.0,"turns":5.0},{"damage":3.0,"enemies":"Snecko","floor":29.0,"turns":3.0},{"damage":3.0,"enemies":"Snake Plant","floor":31.0,"turns":3.0},{"damage":13.0,"enemies":"conspire:MysteriousRune","floor":33.0,"turns":6.0},{"damage":35.0,"enemies":"3 Darklings","floor":35.0,"turns":5.0},{"damage":2.0,"enemies":"Orb Walker","floor":36.0,"turns":3.0},{"damage":1.0,"enemies":"Jaw Worm","floor":1.0,"turns":2.0},{"damage":0.0,"enemies":"Cultist","floor":4.0,"turns":1.0},{"damage":0.0,"enemies":"Small Slimes","floor":7.0,"turns":1.0},{"damage":1.0,"enemies":"3 Louse","floor":11.0,"turns":2.0},{"damage":0.0,"enemies":"3 Louse","floor":12.0,"turns":1.0},{"damage":3.0,"enemies":"Gremlin Nob","floor":13.0,"turns":2.0},{"damage":20.0,"enemies":"Looter","floor":14.0,"turns":2.0},{"damage":25,"enemies":"Fading Forest","floor":16,"turns":11}],"seed_played":"6678076184323986724","potions_obtained":[{"floor":7.0,"key":"Explosive Potion"},{"floor":11.0,"key":"hexamod:EctoCoolerPotion"},{"floor":14.0,"key":"Energy Potion"},{"floor":18.0,"key":"DistilledChaos"},{"floor":22.0,"key":"SpeedPotion"},{"floor":24.0,"key":"Swift Potion"},{"floor":31.0,"key":"champ:CounterPotion"},{"floor":36.0,"key":"Guardian:BlockOnCardUsePotion"},{"floor":1.0,"key":"PowerPotion"},{"floor":4.0,"key":"Toxic Potion"},{"floor":8.0,"key":"Milkshake"},{"floor":8.0,"key":"Doom Potion"},{"floor":14.0,"key":"Fruit Juice"},{"floor":16,"key":"Fire Potion"}],"is_trial":false,"path_per_floor":["M","?","?","$","?","R","M","M","T","T","E","M","M","M","R","B",null,"M","M","?","M","M","R","M","R","T","$","R","M","?","M","R","B",null,"M","M","PTL","PTL","?","M","$","?","M","$","R","M","?","T","T","M","M","E","M","R","B",null,null],"character_chosen":"IRONCLAD","items_purchased":["MerchantsRug","Torii","AT_BellDemon"],"campfire_rested":1,"item_purchase_floors":[27,27,2],"current_hp_per_floor":[80,80,80,80,71,71,77,80,80,80,80,80,80,80,80,57,83,86,89,89,85,91,91,97,97,97,97,97,101,101,104,104,100,107,81,88,88,88,113,113,113,113,113,113,113,85,85,92,28,34,40,31,70,66,66],"gold":432,"neow_bonus":"NOSTALGIA","is_daily":false,"chose_seed":false,"campfire_upgraded":7,"win_rate":0.0,"timestamp":1608307326,"path_taken":["M","?","?","?","?","R","M","M","T","?","E","M","M","?","R","BOSS","M","M","?","?","M","R","M","R","T","?","R","M","?","?","R","BOSS","M","?","PTL","PTL","?","M","$","?","?","$","R","M","?","T","?","?","M","E","M","R","BOSS"],"items_purchased_type":["Relic","Relic","Relic"],"build_version":"2020-12-13","purchased_purges":2,"victory":true,"max_hp_per_floor":[80,80,80,80,80,80,80,80,80,80,80,80,80,80,80,83,83,86,89,89,92,95,95,98,98,98,98,98,101,101,104,104,107,107,110,113,113,113,113,113,113,113,113,113,113,113,113,120,123,123,126,131,131,134,134],"relic_stats":{"Busted Crown":36,"Torii":7,"counters":[26,91],"Bird Faced Urn":[2],"Black Star":1,"Art of War":[1],"Juzu Bracelet":0,"obtain_stats":[{"AT_BellDemon":2,"AT_ATBox":0,"Torii":27,"Vajra":5,"Juzu Bracelet":13,"Burning Blood":0,"AT_Kusabimaru":10,"Strawberry":10,"REME_ArchaeologicalTools":9,"Toxic Egg 2":13,"Cracked Core":0,"MerchantsRug":27,"MagicBullet_r":39,"aspiration:Nostalgia":0,"AT_BladeRuinedKing":26,"Mercury Hourglass":13,"Du-Vu Doll":11,"Heaven_r":11,"Moonlight_r":11,"AT_LudenTempest":9,"Busted Crown":17,"Bird Faced Urn":4,"LetterFromLob":1,"Black Star":34,"Art of War":8,"REME_ComplimentaryCards":0,"Dota2Spire:PhaseBoots":7},{"AT_BellDemon":19,"AT_ATBox":0,"Torii":13,"Vajra":1,"Juzu Bracelet":24,"Burning Blood":0,"AT_Kusabimaru":3,"Strawberry":21,"REME_ArchaeologicalTools":21,"Toxic Egg 2":24,"Cracked Core":0,"MerchantsRug":13,"MagicBullet_r":18,"aspiration:Nostalgia":0,"AT_BladeRuinedKing":13,"Mercury Hourglass":24,"Du-Vu Doll":4,"Heaven_r":22,"Moonlight_r":22,"AT_LudenTempest":3,"Busted Crown":8,"Bird Faced Urn":20,"LetterFromLob":1,"Black Star":16,"Art of War":21,"REME_ComplimentaryCards":0,"Dota2Spire:PhaseBoots":21},{"AT_BellDemon":72,"AT_ATBox":0,"Torii":50,"Vajra":3,"Juzu Bracelet":79,"Burning Blood":0,"AT_Kusabimaru":8,"Strawberry":74,"REME_ArchaeologicalTools":74,"Toxic Egg 2":79,"Cracked Core":0,"MerchantsRug":50,"MagicBullet_r":70,"aspiration:Nostalgia":0,"AT_BladeRuinedKing":50,"Mercury Hourglass":79,"Du-Vu Doll":12,"Heaven_r":76,"Moonlight_r":76,"AT_LudenTempest":8,"Busted Crown":26,"Bird Faced Urn":73,"LetterFromLob":3,"Black Star":62,"Art of War":74,"REME_ComplimentaryCards":0,"Dota2Spire:PhaseBoots":74}],"Burning Blood":99,"Mercury Hourglass":[69]},"card_choices":[{"not_picked":["Fire Breathing","Warcry"],"picked":"Armaments","floor":1.0},{"not_picked":["Armaments","Replay:Undeath\u0027s Touch"],"picked":"ReplayTheSpireMod:Stacked","floor":7.0},{"not_picked":["Armaments","Clash"],"picked":"Seeing Red","floor":8.0},{"not_picked":["Anger","AT_GerminateFire","Rupture"],"picked":"SKIP","floor":11.0},{"not_picked":["Rampage","True Grit","ReplayTheSpireMod:Strike From Hell"],"picked":"SKIP","floor":12.0},{"not_picked":["Dual Wield","Wild Strike"],"picked":"REME_Scribble","floor":13.0},{"not_picked":["Heavy Blade","Disarm","Warcry"],"picked":"SKIP","floor":14.0},{"not_picked":["Dual Wield+1"],"picked":"SKIP","floor":18.0},{"not_picked":["Headbutt"],"picked":"SKIP","floor":19.0},{"not_picked":["Twin Strike+1"],"picked":"SKIP","floor":21.0},{"not_picked":["AT_DiedThrough"],"picked":"SKIP","floor":22.0},{"not_picked":["Havoc+1"],"picked":"SKIP","floor":24.0},{"not_picked":["Shrug It Off"],"picked":"SKIP","floor":29.0},{"not_picked":[],"picked":"Run Through","floor":31.0},{"not_picked":[],"picked":"Offering","floor":33.0},{"not_picked":["Entrench+1"],"picked":"SKIP","floor":35.0},{"not_picked":[],"picked":"ReplayTheSpireMod:Muscle Training+1","floor":36.0},{"not_picked":["Replay:Undeath\u0027s Touch"],"picked":"SKIP","floor":1.0},{"not_picked":["Perfected Strike"],"picked":"SKIP","floor":4.0},{"not_picked":["Flex"],"picked":"SKIP","floor":7.0},{"not_picked":["Flex"],"picked":"SKIP","floor":12.0},{"not_picked":[],"picked":"Entrench+1","floor":13.0},{"not_picked":["Twin Strike"],"picked":"SKIP","floor":14.0},{"not_picked":[],"picked":"Offering+1","floor":16}],"player_experience":194346,"relics_obtained":[{"floor":1.0,"key":"LetterFromLob"},{"floor":9.0,"key":"AT_LudenTempest"},{"floor":10.0,"key":"AT_Kusabimaru"},{"floor":11.0,"key":"Du-Vu Doll"},{"floor":26.0,"key":"AT_BladeRuinedKing"},{"floor":1.0,"key":"LetterFromLob"},{"floor":4.0,"key":"Bird Faced Urn"},{"floor":7.0,"key":"Dota2Spire:PhaseBoots"},{"floor":8.0,"key":"Art of War"},{"floor":9.0,"key":"REME_ArchaeologicalTools"},{"floor":10.0,"key":"Strawberry"},{"floor":13.0,"key":"Mercury Hourglass"},{"floor":13.0,"key":"Juzu Bracelet"},{"floor":13.0,"key":"Toxic Egg 2"}],"event_choices":[{"damage_healed":0.0,"max_hp_gain":0.0,"max_hp_loss":0.0,"gold_gain":0.0,"event_name":"conspire:LoneGhost","player_choice":"Argue","floor":2.0,"gold_loss":0.0,"damage_taken":0.0},{"cards_removed":["Strike_R"],"damage_healed":0.0,"max_hp_gain":0.0,"max_hp_loss":0.0,"gold_gain":0.0,"event_name":"Designer","player_choice":"Upgrade and Remove","floor":20.0,"gold_loss":90.0,"damage_taken":0.0,"cards_upgraded":["Ghostly"]},{"cards_removed":["Defend_R"],"damage_healed":0.0,"max_hp_gain":0.0,"max_hp_loss":0.0,"gold_gain":0.0,"event_name":"Wheel of Change","player_choice":"Card Removal","floor":30.0,"gold_loss":0.0,"damage_taken":0.0},{"damage_healed":0.0,"max_hp_gain":0.0,"max_hp_loss":0.0,"gold_gain":0.0,"event_name":"Mysterious Sphere","player_choice":"Fight","floor":39.0,"gold_loss":0.0,"damage_taken":0.0},{"damage_healed":0.0,"max_hp_gain":0.0,"max_hp_loss":0.0,"gold_gain":0.0,"event_name":"Wheel of Change","player_choice":"Cursed","floor":3.0,"gold_loss":0.0,"damage_taken":0.0,"cards_obtained":["Decay"]}],"is_beta":false,"boss_relics":[{"not_picked":["ReplayTheSpireMod:DimensionalGlitch","Velvet Choker"],"picked":"Busted Crown"},{"not_picked":["Black Blood","aspiration:SilentSkillbook"],"picked":"Black Star"}],"items_purged_floors":[27,5],"is_endless":false,"potions_floor_spawned":[7,11,14,18,22,24,31,36,1,4,14,16],"ascension_level":0}}