{"host":"nmxkoih8gpfa0ew7","time":1608261232,"event":{"mods":["AchievementEnabler","BaseMod","Better Third Choice","Colored Map","Colored Powertips","Minty Spire (QoL Compilation)","Slay-I","StSLib"],"gold_per_floor":[111,111,130,148,148,174,187,200,200,200,225,225,253,265,277,388,400,432,409,437,449,449],"floor_reached":21,"playtime":1308,"items_purged":[],"score":287,"play_id":"9f20524e-8620-4951-ae2c-a66eeafe0894","local_time":"20201217191352","is_ascension_mode":true,"campfire_choices":[{"floor":10,"key":"RECALL"},{"floor":12,"key":"REST"},{"data":"Armaments","floor":15,"key":"SMITH"}],"circlet_count":0,"master_deck":["AscendersBane","Strike_R","Strike_R","Strike_R","Strike_R","Strike_R","Defend_R+1","Defend_R","Defend_R+1","Defend_R","Bash","Clash","Bloodletting","Bludgeon","Clash","Armaments+1","Perfected Strike","Sever Soul","Warcry","Clash","Metallicize","Berserk","Power Through","Shrug It Off+1","Heavy Blade"],"relics":["Burning Blood","Toy Ornithopter","Nunchaku","Odd Mushroom","MawBank","Black Star"],"acts_visited":["Exordium","TheCity"],"potions_floor_usage":[8,13,16,20],"damage_taken":[{"damage":8,"enemies":"2 Louse","floor":1,"turns":3},{"damage":0,"enemies":"Cultist","floor":3,"turns":2},{"damage":17,"enemies":"Jaw Worm","floor":4,"turns":3},{"damage":22,"enemies":"Lagavulin","floor":6,"turns":7},{"damage":8,"enemies":"3 Louse","floor":7,"turns":3},{"damage":3,"enemies":"Blue Slaver","floor":8,"turns":2},{"damage":7,"enemies":"The Mushroom Lair","floor":11,"turns":3},{"damage":7,"enemies":"Gremlin Nob","floor":13,"turns":3},{"damage":56,"enemies":"Slime Boss","floor":16,"turns":11},{"damage":29,"enemies":"Shell Parasite","floor":18,"turns":6},{"damage":48,"enemies":"2 Thieves","floor":19,"turns":5},{"damage":26,"enemies":"Centurion and Healer","floor":20,"turns":7},{"damage":30,"enemies":"Snake Plant","floor":21,"turns":3}],"seed_played":"-7060142167310688923","potions_obtained":[{"floor":1,"key":"FairyPotion"},{"floor":6,"key":"FearPotion"},{"floor":7,"key":"PowerPotion"},{"floor":13,"key":"ColorlessPotion"},{"floor":19,"key":"GamblersBrew"}],"is_trial":false,"path_per_floor":["M","?","M","M","?","E","M","M","T","R","?","R","E","$","R","B",null,"M","M","M","M"],"character_chosen":"IRONCLAD","items_purchased":[],"campfire_rested":1,"item_purchase_floors":[],"current_hp_per_floor":[78,78,84,73,55,39,37,45,45,45,44,70,74,74,74,29,73,50,8,22,0,0],"gold":449,"neow_bonus":"TEN_PERCENT_HP_BONUS","is_daily":false,"chose_seed":false,"campfire_upgraded":1,"win_rate":0.0,"timestamp":1608261232,"path_taken":["M","?","M","?","?","E","M","M","T","R","?","R","E","$","R","BOSS","M","M","M","M"],"items_purchased_type":[],"build_version":"2020-12-13","purchased_purges":0,"victory":false,"max_hp_per_floor":[88,88,88,88,88,88,88,88,88,88,88,88,88,88,88,88,88,88,88,88,88,88],"card_choices":[{"not_picked":["Reckless Charge","Thunderclap"],"picked":"Clash","floor":1},{"not_picked":["Iron Wave","Sentinel"],"picked":"Clash","floor":3},{"not_picked":["True Grit","Pommel Strike"],"picked":"Armaments","floor":4},{"not_picked":["Heavy Blade","Body Slam"],"picked":"Perfected Strike","floor":6},{"not_picked":["Demon Form","Iron Wave"],"picked":"Sever Soul","floor":7},{"not_picked":["Heavy Blade","True Grit"],"picked":"Warcry","floor":8},{"not_picked":["Uppercut","Perfected Strike"],"picked":"Clash","floor":11},{"not_picked":["Pummel","Dropkick"],"picked":"Metallicize","floor":13},{"not_picked":["Brutality","Limit Break"],"picked":"Berserk","floor":16},{"not_picked":["Warcry+1","Wild Strike+1"],"picked":"Power Through","floor":18},{"not_picked":["Uppercut+1","Body Slam"],"picked":"Shrug It Off+1","floor":19},{"not_picked":["Bloodletting","Thunderclap+1"],"picked":"Heavy Blade","floor":20}],"player_experience":489319,"relics_obtained":[{"floor":6,"key":"Toy Ornithopter"},{"floor":9,"key":"Nunchaku"},{"floor":11,"key":"Odd Mushroom"},{"floor":13,"key":"MawBank"}],"event_choices":[{"damage_healed":0,"gold_gain":0,"player_choice":"2 cards matched","damage_taken":0,"max_hp_gain":0,"max_hp_loss":0,"event_name":"Match and Keep!","floor":2,"gold_loss":0,"cards_obtained":["Bloodletting","Bludgeon"]},{"damage_healed":73,"gold_gain":0,"player_choice":"Upgrade","damage_taken":18,"max_hp_gain":0,"max_hp_loss":88,"event_name":"betterThird:BetterShining","floor":5,"gold_loss":0,"cards_upgraded":["Defend_R","Defend_R"]},{"damage_healed":0,"gold_gain":0,"player_choice":"Fought Mushrooms","damage_taken":0,"max_hp_gain":0,"max_hp_loss":0,"event_name":"Mushrooms","floor":11,"gold_loss":0}],"is_beta":false,"boss_relics":[{"not_picked":["Coffee Dripper","Philosopher\u0027s Stone"],"picked":"Black Star"}],"items_purged_floors":[],"is_endless":false,"potions_floor_spawned":[1,6,7,13,19],"killed_by":"Snake Plant","ascension_level":10}}