{"host":"0cnf9zf1gia27zti","time":1608309654,"event":{"mods":["BaseMod","BetterRewards","Card Forge","Colored Map","Colored Powertips","Conspire","Downfall","Minty Spire (QoL Compilation)","Practice Mode","Quick Restart","Replay The Spire","Robot Space Explorer","Shade Mod","Spicy Shops","StSLib"],"gold_per_floor":[119,119,119,10,85,85,105,120,198,198,248,248,263,283,283,374,374,388,98,116,116,116,160,160,30,108,108,142,166,33,8,8,103,103,116,116,116,137,39,39,55,55,55,99,99,99,99],"floor_reached":46,"playtime":43745,"items_purged":["Injury","Defend_B"],"score":980,"play_id":"e6ba30a1-8011-4588-acc5-a5b24389fa9d","local_time":"20201218164053","is_ascension_mode":true,"campfire_choices":[{"floor":6,"key":"REST"},{"floor":10,"key":"REST"},{"data":"Clumsy","floor":12,"key":"PURGE"},{"data":"Zap","floor":24,"key":"SMITH"},{"data":"Conserve Battery","floor":27,"key":"SMITH"},{"data":"Defragment","floor":32,"key":"SMITH"},{"data":"ReplayTheSpireMod:Brewmster","floor":40,"key":"SMITH"},{"data":"Lockon","floor":42,"key":"SMITH"}],"circlet_count":0,"master_deck":["AscendersBane","Strike_B","Defend_B","Defend_B","Defend_B","Zap+1","Dualcast","Loop","Conserve Battery+1","Ball Lightning","Leap","Sweeping Beam","Conserve Battery","Electrodynamics+1","Double Energy","Leap","Electrodynamics","Panic Button","Self Repair","Self Repair","Lockon+1","Static Discharge","Defragment+1","Mirror Shield","ReplayTheSpireMod:Brewmster+1","Magnetism","expansioncontent:PrepareCrush","Static Discharge","Magnetism"],"relics":["Cracked Core","Hammer of Thor","Seething Fire","Anvil of the Gods","Mummified Hand","Peace Pipe","Potion Belt","Golden Idol","Membership Card","ReplayTheSpireMod:Shallot","Quantum Egg","conspire:TopHat","Black Star","Eternal Feather","Toy Ornithopter","Runic Capacitor","Bottled Lightning","HornCleat","conspire:Dentures","Mercury Hourglass","Regal Pillow","conspire:Boomerang","Chemical X","Ring of Chaos","BargainBundle","Cables","ReplayTheSpireMod:Lightbulb","Centennial Puzzle"],"acts_visited":["Exordium","TheCity","TheBeyond"],"potions_floor_usage":[23,23,23,28,33,33,35,35,37,38,38,38,44],"damage_taken":[{"damage":7,"enemies":"Jaw Worm","floor":1,"turns":4},{"damage":1,"enemies":"Small Slimes","floor":7,"turns":4},{"damage":0,"enemies":"2 Louse","floor":8,"turns":3},{"damage":0,"enemies":"Large Slime","floor":13,"turns":4},{"damage":0,"enemies":"Looter","floor":14,"turns":3},{"damage":0,"enemies":"Fading Forest","floor":16,"turns":11},{"damage":0,"enemies":"3 Byrds","floor":18,"turns":2},{"damage":0,"enemies":"Spheric Guardian","floor":20,"turns":3},{"damage":0,"enemies":"Gremlin Leader","floor":23,"turns":5},{"damage":10,"enemies":"conspire:SneckoGhost","floor":28,"turns":5},{"damage":0,"enemies":"3 Cultists","floor":29,"turns":2},{"damage":16,"enemies":"conspire:MysteriousRune","floor":33,"turns":6},{"damage":24,"enemies":"3 Darklings","floor":35,"turns":4},{"damage":0,"enemies":"3 Shapes","floor":38,"turns":2},{"damage":0,"enemies":"Jaw Worm Horde","floor":41,"turns":5},{"damage":50,"enemies":"Nemesis","floor":44,"turns":7},{"damage":97,"enemies":"Reptomancer","floor":46,"turns":4}],"seed_played":"3463336953972119990","potions_obtained":[{"floor":16,"key":"PowerPotion"},{"floor":18,"key":"EntropicBrew"},{"floor":23,"key":"ColorlessPotion"},{"floor":35,"key":"FearPotion"},{"floor":37,"key":"Explosive Potion"},{"floor":37,"key":"SkillPotion"},{"floor":37,"key":"Fruit Juice"}],"is_trial":false,"path_per_floor":["M","?","?","$","?","R","M","M","T","R","T","R","M","M","R_BF","B",null,"M","$","M","?","?","E","R","$","T","R","E","M","$","$","R","B",null,"M","?","?","M","$","R","M","R","T","E","?","E"],"character_chosen":"DEFECT","items_purchased":["Mummified Hand","Loop","Peace Pipe","Potion Belt","Conserve Battery","Membership Card","Leap","Self Repair","Eternal Feather","Toy Ornithopter","Runic Capacitor","conspire:Dentures","Defragment","Chemical X","FocusPotion","BargainBundle","Static Discharge","Magnetism"],"campfire_rested":2,"item_purchase_floors":[0,0,0,0,0,4,4,19,19,19,19,25,30,30,31,39,39,39],"current_hp_per_floor":[25,25,25,25,25,46,45,45,45,66,66,66,66,66,71,71,71,71,71,71,71,55,71,71,71,71,71,71,71,71,71,71,69,71,59,49,59,74,74,76,76,76,76,33,76,0,0],"gold":99,"neow_bonus":"","is_daily":false,"chose_seed":false,"campfire_upgraded":5,"win_rate":0.0,"timestamp":1608309653,"path_taken":["M","?","?","$","?","R","M","M","T","R","?","R","M","M","R_BF","BOSS","M","$","M","?","?","E","R","$","T","R","E","M","?","$","R","BOSS","M","?","?","?","?","R","M","R","T","E","?","E"],"items_purchased_type":["Relic","Card","Relic","Relic","Card","Relic","Card","Card","Relic","Relic","Relic","Relic","Card","Relic","Potion","Relic","Card","Card"],"build_version":"2020-12-13","purchased_purges":2,"victory":false,"max_hp_per_floor":[71,71,71,71,71,71,71,71,71,71,71,71,71,71,71,71,71,71,71,71,71,71,71,71,71,71,71,71,71,71,71,71,71,71,71,71,76,76,76,76,76,76,76,76,76,76,76],"card_choices":[{"not_picked":["Lockon","BasicCrystalCard"],"picked":"Ball Lightning","floor":1},{"not_picked":["Sunder","Barrage"],"picked":"Sweeping Beam","floor":5},{"not_picked":["ReplayTheSpireMod:System Scan","Coolheaded"],"picked":"Conserve Battery","floor":5},{"not_picked":["Gash","Beam Cell","Coolheaded"],"picked":"SKIP","floor":7},{"not_picked":["Coolheaded","Turbo"],"picked":"Electrodynamics","floor":8},{"not_picked":["Panic Button","BasicCrystalCard"],"picked":"Double Energy","floor":13},{"not_picked":["Sweeping Beam","Hologram"],"picked":"Leap","floor":14},{"not_picked":["Core Surge","Meteor Strike"],"picked":"Electrodynamics","floor":16},{"not_picked":["FTL","Sweeping Beam+1"],"picked":"Panic Button","floor":18},{"not_picked":["Ball Lightning","conspire:Rain"],"picked":"Self Repair","floor":20},{"not_picked":["Go for the Eyes","Streamline+1","Gash"],"picked":"SKIP","floor":23},{"not_picked":["Turbo","Streamline"],"picked":"Lockon","floor":28},{"not_picked":["Fission","Turbo"],"picked":"Static Discharge","floor":29},{"not_picked":["Meteor Strike","Hyperbeam"],"picked":"Mirror Shield","floor":33},{"not_picked":["Gash+1","Turbo","BasicCrystalCard"],"picked":"SKIP","floor":35},{"not_picked":["expansioncontent:Flail","Poisoned Strike"],"picked":"ReplayTheSpireMod:Brewmster","floor":36},{"not_picked":["expansioncontent:Sear","Dark Shackles"],"picked":"Magnetism","floor":36},{"not_picked":["Replay:SS_fish_3","Mind Blast"],"picked":"expansioncontent:PrepareCrush","floor":36},{"not_picked":["Beam Cell+1","Cold Snap","ReplayGash+1"],"picked":"SKIP","floor":38},{"not_picked":["Cold Snap","Steam"],"picked":"Static Discharge","floor":41},{"not_picked":["Darkness","Gash","FTL"],"picked":"SKIP","floor":44}],"player_experience":2139685,"relics_obtained":[{"floor":5,"key":"ReplayTheSpireMod:Shallot"},{"floor":9,"key":"Quantum Egg"},{"floor":11,"key":"conspire:TopHat"},{"floor":23,"key":"Bottled Lightning"},{"floor":23,"key":"HornCleat"},{"floor":26,"key":"Mercury Hourglass"},{"floor":28,"key":"Regal Pillow"},{"floor":28,"key":"conspire:Boomerang"},{"floor":43,"key":"Cables"},{"floor":44,"key":"ReplayTheSpireMod:Lightbulb"},{"floor":44,"key":"Centennial Puzzle"}],"event_choices":[{"damage_healed":0,"gold_gain":0,"player_choice":"Take Wound","damage_taken":0,"relics_obtained":["Golden Idol"],"max_hp_gain":0,"max_hp_loss":0,"event_name":"Golden Idol","floor":3,"gold_loss":0,"cards_obtained":["Injury"]},{"damage_healed":0,"gold_gain":0,"player_choice":"Leave","damage_taken":0,"max_hp_gain":0,"max_hp_loss":0,"event_name":"conspire:Investor","floor":21,"gold_loss":0},{"damage_healed":0,"gold_gain":0,"player_choice":"Obtained Book","damage_taken":16,"max_hp_gain":0,"max_hp_loss":0,"event_name":"Cursed Tome","floor":22,"gold_loss":0},{"damage_healed":0,"gold_gain":0,"player_choice":"Memory 3","damage_taken":10,"max_hp_gain":0,"max_hp_loss":0,"event_name":"SensoryStone","floor":36,"gold_loss":0},{"damage_healed":0,"gold_gain":0,"player_choice":"Got Potions","damage_taken":0,"max_hp_gain":0,"max_hp_loss":0,"event_name":"Lab","floor":37,"gold_loss":0},{"cards_removed":["Static Discharge"],"damage_healed":43,"gold_gain":0,"player_choice":"Offered Uncommon","damage_taken":0,"max_hp_gain":0,"max_hp_loss":0,"event_name":"Bonfire Elementals","floor":45,"gold_loss":0}],"is_beta":false,"boss_relics":[{"not_picked":["Empty Cage","Replay:Drink Me"],"picked":"Black Star"},{"not_picked":["Replay:Ancient Bell","conspire:RoyalGoblet"],"picked":"Ring of Chaos"}],"items_purged_floors":[4,39],"is_endless":false,"potions_floor_spawned":[16,18,23,35],"killed_by":"Reptomancer","ascension_level":14}}