{"host":"avjwtc49fhlk6kym","time":1608251378,"event":{"mods":["AchievementEnabler","BaseMod","Better Match","Better Note","Better Third Choice","Colored Map","Colored Powertips","Displayed Cursed Tome","Highlight Path","Minty Spire (QoL Compilation)","Permanent Neow","Quick Restart","StSLib"],"gold_per_floor":[118,131,131,144,163,163,163,163,190,211,211,251,265,265,265],"floor_reached":14,"playtime":403,"items_purged":[],"score":101,"play_id":"84f35afd-80d0-40f7-acf7-8c64e28f9769","local_time":"20201217192938","is_ascension_mode":true,"campfire_choices":[{"floor":6,"key":"REST"},{"data":"Eruption","floor":8,"key":"SMITH"},{"data":"Study","floor":11,"key":"SMITH"}],"circlet_count":0,"master_deck":["Strike_P","Strike_P","Strike_P","Strike_P","Defend_P","Defend_P","Defend_P","Defend_P","Eruption+1","Vigilance","Study+1","CrushJoints","BowlingBash","FearNoEvil","ReachHeaven","FollowUp","LikeWater"],"relics":["PureWater","Regal Pillow","Golden Idol","Lantern","Akabeko"],"acts_visited":["Exordium"],"potions_floor_usage":[5,13,14],"damage_taken":[{"damage":1,"enemies":"Small Slimes","floor":1,"turns":3},{"damage":8,"enemies":"Jaw Worm","floor":2,"turns":5},{"damage":10,"enemies":"2 Louse","floor":4,"turns":4},{"damage":0,"enemies":"Large Slime","floor":5,"turns":5},{"damage":0,"enemies":"2 Fungi Beasts","floor":10,"turns":2},{"damage":26,"enemies":"Lagavulin","floor":12,"turns":4},{"damage":11,"enemies":"Blue Slaver","floor":13,"turns":3},{"damage":28,"enemies":"Gremlin Nob","floor":14,"turns":3}],"seed_played":"7032572901153672769","potions_obtained":[{"floor":4,"key":"BlessingOfTheForge"},{"floor":10,"key":"SpeedPotion"},{"floor":13,"key":"Dexterity Potion"}],"is_trial":false,"path_per_floor":["M","M","?","M","M","R","?","R","T","M","R","E","M","E"],"character_chosen":"WATCHER","items_purchased":[],"campfire_rested":1,"item_purchase_floors":[],"current_hp_per_floor":[71,63,63,53,53,72,65,65,65,65,65,39,28,0,0],"gold":265,"neow_bonus":"RANDOM_COMMON_RELIC","is_daily":false,"chose_seed":false,"campfire_upgraded":2,"win_rate":0.0,"timestamp":1608251378,"path_taken":["M","M","?","M","M","R","?","R","T","M","R","E","M","E"],"items_purchased_type":[],"build_version":"2020-12-13","purchased_purges":0,"victory":false,"max_hp_per_floor":[72,72,72,72,72,72,72,72,72,72,72,72,72,72,72],"card_choices":[{"not_picked":["ThirdEye","TalkToTheHand"],"picked":"Study","floor":1},{"not_picked":["MentalFortress","Tantrum"],"picked":"CrushJoints","floor":2},{"not_picked":["Tantrum","Meditate"],"picked":"BowlingBash","floor":4},{"not_picked":["CutThroughFate","Vengeance"],"picked":"FearNoEvil","floor":5},{"not_picked":["Evaluate","JustLucky"],"picked":"ReachHeaven","floor":10},{"not_picked":["Adaptation","ThirdEye"],"picked":"FollowUp","floor":12},{"not_picked":["JustLucky","SignatureMove"],"picked":"LikeWater","floor":13}],"player_experience":510134,"relics_obtained":[{"floor":9,"key":"Lantern"},{"floor":12,"key":"Akabeko"}],"event_choices":[{"damage_healed":0,"gold_gain":0,"player_choice":"Take Wound","damage_taken":0,"relics_obtained":["Golden Idol"],"max_hp_gain":0,"max_hp_loss":0,"event_name":"Golden Idol","floor":3,"gold_loss":0,"cards_obtained":["Injury"]},{"cards_removed":["Injury"],"damage_healed":0,"gold_gain":0,"player_choice":"Card Removal","damage_taken":7,"max_hp_gain":0,"max_hp_loss":0,"event_name":"Golden Wing","floor":7,"gold_loss":0}],"is_beta":false,"boss_relics":[],"items_purged_floors":[],"is_endless":false,"potions_floor_spawned":[4,10,13],"killed_by":"Gremlin Nob","ascension_level":2}}