{"host":"1ivxh6f0wtekmpqo","time":1608305834,"event":{"mods":["AchievementEnabler","BaseMod","Colored Map","Minty Spire (QoL Compilation)","Rare Cards Sparkle","StSLib","SuperFastMode","everything is the same but u backflip on backflip"],"gold_per_floor":[110,60,73,73,83,114,114,132,156,190,209,262,274,303,315,424,436,373,385,413,425,450,462,474,474],"floor_reached":24,"playtime":1818,"items_purged":[],"score":206,"play_id":"24b8dc6f-7de6-4481-801d-ecf3ee60d381","local_time":"20201218233714","is_ascension_mode":false,"campfire_choices":[{"data":"Noxious Fumes","floor":7,"key":"SMITH"},{"floor":13,"key":"REST"},{"data":"Storm of Steel","floor":15,"key":"SMITH"},{"floor":23,"key":"REST"}],"circlet_count":0,"master_deck":["Strike_G","Strike_G","Strike_G","Strike_G","Defend_G","Defend_G","Defend_G","Defend_G","Survivor","Neutralize","Accuracy","Slice","Noxious Fumes+1","Catalyst","Backstab","Storm of Steel+1","PiercingWail","Backflip","Venomology","Acrobatics","Infinite Blades+1","Leg Sweep"],"relics":["Ring of the Snake","Oddly Smooth Stone","Centennial Puzzle","Strawberry","MawBank"],"acts_visited":["TheCity"],"potions_floor_usage":[6,10,16,16,20,22,22,24],"damage_taken":[{"damage":0,"enemies":"Cultist","floor":1,"turns":4},{"damage":0,"enemies":"Small Slimes","floor":3,"turns":5},{"damage":0,"enemies":"Jaw Worm","floor":5,"turns":5},{"damage":14,"enemies":"Gremlin Nob","floor":6,"turns":4},{"damage":1,"enemies":"Blue Slaver","floor":8,"turns":4},{"damage":12,"enemies":"3 Sentries","floor":10,"turns":6},{"damage":1,"enemies":"Looter","floor":11,"turns":2},{"damage":3,"enemies":"Lots of Slimes","floor":14,"turns":4},{"damage":54,"enemies":"The Guardian","floor":16,"turns":7},{"damage":15,"enemies":"2 Thieves","floor":18,"turns":5},{"damage":14,"enemies":"Shell Parasite","floor":20,"turns":6},{"damage":18,"enemies":"Snake Plant","floor":22,"turns":3},{"damage":34,"enemies":"Gremlin Leader","floor":24,"turns":3}],"seed_played":"-8883979075080367794","potions_obtained":[{"floor":0.0,"key":"CunningPotion"},{"floor":0.0,"key":"PowerPotion"},{"floor":0.0,"key":"GamblersBrew"},{"floor":6,"key":"Weak Potion"},{"floor":14,"key":"PowerPotion"},{"floor":22,"key":"Swift Potion"}],"is_trial":false,"path_per_floor":["M","?","M","?","M","E","R","M","T","E","M","T","R","M","R","B",null,"M","?","M","?","M","R","E"],"character_chosen":"THE_SILENT","items_purchased":[],"campfire_rested":2,"item_purchase_floors":[],"current_hp_per_floor":[70,70,70,70,70,56,56,55,55,50,49,49,72,69,69,15,77,62,48,34,28,10,34,0,0],"gold":474,"neow_bonus":"THREE_SMALL_POTIONS","is_daily":false,"chose_seed":false,"campfire_upgraded":2,"win_rate":0.0,"timestamp":1608305834,"path_taken":["M","?","M","?","M","E","R","M","T","E","?","?","R","M","R","BOSS","M","?","M","?","?","R","E"],"items_purchased_type":[],"build_version":"2020-12-13","purchased_purges":0,"victory":false,"max_hp_per_floor":[70,70,70,70,70,70,70,70,70,77,77,77,77,77,77,77,77,77,82,82,82,82,82,82,82],"card_choices":[{"not_picked":["Caltrops","Dagger Throw"],"picked":"Accuracy","floor":1},{"not_picked":["Unload","Calculated Gamble"],"picked":"Slice","floor":3},{"not_picked":["All Out Attack","Bane"],"picked":"Noxious Fumes","floor":5},{"not_picked":["Dagger Spray","Backstab"],"picked":"Catalyst","floor":6},{"not_picked":["Dagger Throw","Sucker Punch"],"picked":"Backstab","floor":8},{"not_picked":["Backflip","Tools of the Trade"],"picked":"Storm of Steel","floor":10},{"not_picked":["Acrobatics","Outmaneuver"],"picked":"PiercingWail","floor":11},{"not_picked":["Skewer","Deadly Poison"],"picked":"Backflip","floor":14},{"not_picked":["Unload","Adrenaline"],"picked":"Venomology","floor":16},{"not_picked":["Dagger Spray+1","Quick Slash"],"picked":"Acrobatics","floor":18},{"not_picked":["Concentrate","Flechettes+1"],"picked":"Infinite Blades+1","floor":20},{"not_picked":["Sucker Punch","Slice"],"picked":"Leg Sweep","floor":22}],"player_experience":206799,"relics_obtained":[{"floor":6,"key":"Oddly Smooth Stone"},{"floor":9,"key":"Centennial Puzzle"},{"floor":10,"key":"Strawberry"},{"floor":12,"key":"MawBank"}],"event_choices":[{"cards_removed":["Strike_G"],"damage_healed":0,"gold_gain":0,"player_choice":"Card Removal","damage_taken":0,"max_hp_gain":0,"max_hp_loss":0,"event_name":"The Cleric","floor":2,"gold_loss":50},{"cards_removed":["Defend_G"],"damage_healed":0,"gold_gain":0,"player_choice":"Card Removal","damage_taken":0,"max_hp_gain":0,"max_hp_loss":0,"event_name":"Wheel of Change","floor":4,"gold_loss":0},{"damage_healed":0,"gold_gain":0,"player_choice":"Shed Blood","damage_taken":19,"max_hp_gain":5,"max_hp_loss":0,"event_name":"Forgotten Altar","floor":19,"gold_loss":0},{"damage_healed":0,"gold_gain":0,"player_choice":"","damage_taken":6,"max_hp_gain":0,"max_hp_loss":0,"event_name":"Knowing Skull","floor":21,"potions_obtained":[],"gold_loss":0,"cards_obtained":[]}],"is_beta":false,"boss_relics":[{"not_picked":["Fusion Hammer","Sozu","Ectoplasm"]}],"items_purged_floors":[],"is_endless":false,"potions_floor_spawned":[1,3,6,8,14,22],"killed_by":"Gremlin Leader","ascension_level":0}}