{"host":"o0q01dgb4z8zpo6o","time":1608256272,"event":{"mods":["BaseMod","GifTheSpireLib","Minty Spire (QoL Compilation)","Relic Stats","StSLib"],"gold_per_floor":[118,193,208,208,225,225,242,272,272,272,289,307,307,51,51,125,125,139,139,154,171,34,60,60,71,71,88,65,65,79,110,110,110,110],"floor_reached":33,"playtime":1860,"items_purged":["Strike_B","Pain"],"score":491,"play_id":"2bb99a8a-39a0-47b9-8308-6e9d6995fa55","local_time":"20201217175112","is_ascension_mode":true,"campfire_choices":[{"data":"Streamline","floor":6.0,"key":"SMITH"},{"floor":10.0,"key":"REST"},{"data":"Coolheaded","floor":13.0,"key":"SMITH"},{"data":"Cold Snap","floor":15.0,"key":"SMITH"},{"floor":24,"key":"REST"},{"data":"Loop","floor":29,"key":"SMITH"},{"floor":32,"key":"REST"}],"circlet_count":0,"master_deck":["AscendersBane","Strike_B","Strike_B","Strike_B","Defend_B","Defend_B","Defend_B","Defend_B","Zap","Dualcast","Echo Form","Streamline+1","Ball Lightning","Tempest","Chill","Coolheaded+1","Cold Snap+1","Self Repair","Multi-Cast","Loop+1","Loop","Hologram","Conserve Battery","Coolheaded+1"],"relics":["Cracked Core","Torii","StoneCalendar","Anchor","Philosopher\u0027s Stone","WarpedTongs","Incense Burner","StrikeDummy","Toxic Egg 2"],"acts_visited":["Exordium","TheCity"],"potions_floor_usage":[23,33,33,33],"damage_taken":[{"damage":8.0,"enemies":"Small Slimes","floor":1.0,"turns":4.0},{"damage":9.0,"enemies":"Jaw Worm","floor":3.0,"turns":3.0},{"damage":6.0,"enemies":"Cultist","floor":5.0,"turns":3.0},{"damage":14.0,"enemies":"Red Slaver","floor":7.0,"turns":2.0},{"damage":20.0,"enemies":"Lagavulin","floor":8.0,"turns":6.0},{"damage":0.0,"enemies":"3 Louse","floor":11.0,"turns":3.0},{"damage":10.0,"enemies":"Looter","floor":12.0,"turns":3.0},{"damage":7.0,"enemies":"Hexaghost","floor":16.0,"turns":8.0},{"damage":11.0,"enemies":"Shell Parasite","floor":18.0,"turns":7.0},{"damage":14.0,"enemies":"2 Thieves","floor":20.0,"turns":4.0},{"damage":24.0,"enemies":"Snecko","floor":21.0,"turns":4.0},{"damage":18,"enemies":"Book of Stabbing","floor":23,"turns":7},{"damage":15,"enemies":"Snake Plant","floor":25,"turns":2},{"damage":17,"enemies":"Centurion and Healer","floor":27,"turns":7},{"damage":9,"enemies":"Snecko","floor":30,"turns":7},{"damage":20,"enemies":"Gremlin Leader","floor":31,"turns":7},{"damage":56,"enemies":"Collector","floor":33,"turns":5}],"seed_played":"-7852212844501010086","potions_obtained":[{"floor":5.0,"key":"SteroidPotion"},{"floor":11.0,"key":"Dexterity Potion"},{"floor":12.0,"key":"AttackPotion"},{"floor":20.0,"key":"FairyPotion"},{"floor":21.0,"key":"LiquidMemories"},{"floor":27,"key":"Ancient Potion"},{"floor":30,"key":"EntropicBrew"}],"is_trial":false,"path_per_floor":["M","?","M","?","M","R","M","E","T","R","M","M","R","$","R","B",null,"M","?","M","M","$","E","R","M","T","M","$","R","M","E","R","B"],"character_chosen":"DEFECT","items_purchased":["Anchor","Self Repair","Loop","Conserve Battery"],"campfire_rested":3,"item_purchase_floors":[14,14,22,28],"current_hp_per_floor":[56,45,36,59,53,53,39,19,19,40,40,30,30,30,30,37,63,52,52,45,35,35,17,38,23,23,26,26,26,37,31,52,0,0],"gold":110,"neow_bonus":"ONE_RANDOM_RARE_CARD","is_daily":false,"chose_seed":false,"campfire_upgraded":4,"win_rate":0.0,"timestamp":1608256272,"path_taken":["M","?","M","?","M","R","?","E","T","R","M","M","R","$","R","BOSS","M","?","M","M","$","E","R","?","T","M","$","R","M","E","R","BOSS"],"items_purchased_type":["Relic","Card","Card","Card"],"build_version":"2020-12-13","purchased_purges":2,"victory":false,"max_hp_per_floor":[71,71,71,71,71,71,71,71,71,71,71,71,71,71,71,71,71,71,71,71,71,71,71,71,71,71,71,71,71,71,71,71,71,71],"relic_stats":{"Torii":37,"counters":[17,82],"StoneCalendar":[208],"obtain_stats":[{"Anchor":14,"Torii":8,"StoneCalendar":9,"Philosopher\u0027s Stone":17,"Incense Burner":23,"Toxic Egg 2":31,"Cracked Core":0,"StrikeDummy":26,"WarpedTongs":19},{"Anchor":7,"Torii":5,"StoneCalendar":5,"Philosopher\u0027s Stone":8,"Incense Burner":12,"Toxic Egg 2":16,"Cracked Core":0,"StrikeDummy":13,"WarpedTongs":9},{"Anchor":24,"Torii":18,"StoneCalendar":18,"Philosopher\u0027s Stone":32,"Incense Burner":54,"Toxic Egg 2":77,"Cracked Core":0,"StrikeDummy":56,"WarpedTongs":39}],"WarpedTongs":[43]},"card_choices":[{"not_picked":["Aggregate","Static Discharge"],"picked":"Streamline","floor":1.0},{"not_picked":["Consume","Streamline"],"picked":"Ball Lightning","floor":3.0},{"not_picked":["Sunder","Coolheaded"],"picked":"Tempest","floor":5.0},{"not_picked":["Turbo","Go for the Eyes"],"picked":"Chill","floor":7.0},{"not_picked":["Hello World","Go for the Eyes"],"picked":"Coolheaded","floor":8.0},{"not_picked":["Rebound","Compile Driver"],"picked":"Cold Snap","floor":11.0},{"not_picked":["Storm","Coolheaded","Heatsinks"],"picked":"SKIP","floor":12.0},{"not_picked":["Hyperbeam","Meteor Strike"],"picked":"Multi-Cast","floor":16.0},{"not_picked":["Force Field","Streamline","Ball Lightning"],"picked":"SKIP","floor":18.0},{"not_picked":["Turbo","Gash","Compile Driver"],"picked":"SKIP","floor":20.0},{"not_picked":["Leap","Cold Snap"],"picked":"Loop","floor":21.0},{"not_picked":["Sunder","Stack","Cold Snap"],"picked":"SKIP","floor":23},{"not_picked":["Rip and Tear","Coolheaded"],"picked":"Hologram","floor":25},{"not_picked":["Rip and Tear","Rebound","All For One"],"picked":"SKIP","floor":27},{"not_picked":["Steam","Skim","Chill"],"picked":"SKIP","floor":30},{"not_picked":["Cold Snap","Sweeping Beam+1"],"picked":"Coolheaded+1","floor":31}],"player_experience":997035,"relics_obtained":[{"floor":8.0,"key":"Torii"},{"floor":9.0,"key":"StoneCalendar"},{"floor":23,"key":"Incense Burner"},{"floor":26,"key":"StrikeDummy"},{"floor":31,"key":"Toxic Egg 2"}],"event_choices":[{"damage_healed":0.0,"max_hp_gain":0.0,"max_hp_loss":0.0,"gold_gain":75.0,"event_name":"World of Goop","player_choice":"Gather Gold","floor":2.0,"gold_loss":0.0,"damage_taken":11.0},{"damage_healed":23.0,"max_hp_gain":0.0,"max_hp_loss":0.0,"gold_gain":0.0,"event_name":"Big Fish","player_choice":"Banana","floor":4.0,"gold_loss":0.0,"damage_taken":0.0},{"damage_healed":0.0,"max_hp_gain":0.0,"max_hp_loss":0.0,"gold_gain":0.0,"event_name":"Accursed Blacksmith","player_choice":"Rummage","floor":19.0,"gold_loss":0.0,"damage_taken":0.0,"relics_obtained":["WarpedTongs"],"cards_obtained":["Pain"]}],"is_beta":false,"boss_relics":[{"not_picked":["Astrolabe","Calling Bell"],"picked":"Philosopher\u0027s Stone"}],"items_purged_floors":[14,22],"is_endless":false,"potions_floor_spawned":[5,11,12,20,21,27,30],"killed_by":"Collector","ascension_level":14}}