{"host":"9ndbo4kgsfoemf7y","time":1608286769,"event":{"mods":["AchievementEnabler","BaseMod","Colored Map","DeckTracker","Keyboard Shortcuts","Minty Spire (QoL Compilation)","Permanent Neow","Quick Restart","Relic Stats","StSLib","SuperFastMode"],"gold_per_floor":[119,136,136,7,7,47,61,61,86,86,122,22,22,36,36,36,36],"floor_reached":16,"playtime":692,"items_purged":["Strike_G","Strike_G"],"score":246,"play_id":"08cb651f-0763-4655-b528-52ae79a2bd0a","local_time":"20201218191929","is_ascension_mode":true,"campfire_choices":[{"floor":8.0,"key":"REST"},{"floor":13,"key":"REST"},{"data":"Calculated Gamble","floor":15,"key":"SMITH"}],"circlet_count":0,"master_deck":["AscendersBane","Strike_G","Strike_G","Strike_G","Defend_G","Defend_G","Defend_G","Defend_G","Defend_G+1","Survivor","Neutralize+1","Footwork","Crippling Poison","Deadly Poison+1","Backflip","Calculated Gamble+1"],"relics":["Ring of the Snake","Golden Idol","Juzu Bracelet","Tiny Chest","Bag of Preparation"],"acts_visited":["Exordium"],"potions_floor_usage":[11],"damage_taken":[{"damage":5.0,"enemies":"Small Slimes","floor":1.0,"turns":5.0},{"damage":0.0,"enemies":"2 Louse","floor":2.0,"turns":4.0},{"damage":45.0,"enemies":"Gremlin Nob","floor":6.0,"turns":6.0},{"damage":0.0,"enemies":"Jaw Worm","floor":7.0,"turns":4.0},{"damage":0,"enemies":"3 Sentries","floor":11,"turns":9},{"damage":5,"enemies":"Lots of Slimes","floor":14,"turns":4},{"damage":28,"enemies":"Slime Boss","floor":16,"turns":8}],"seed_played":"-8427735985952247479","potions_obtained":[{"floor":6.0,"key":"FearPotion"},{"floor":7.0,"key":"ColorlessPotion"}],"is_trial":false,"path_per_floor":["M","M","?","$","?","E","M","R","T","?","E","$","R","M","R","B"],"character_chosen":"THE_SILENT","items_purchased":["Deadly Poison"],"campfire_rested":2,"item_purchase_floors":[4],"current_hp_per_floor":[54,54,54,54,59,14,14,33,33,13,13,13,32,27,27,0,0],"gold":36,"neow_bonus":"UPGRADE_CARD","is_daily":false,"chose_seed":false,"campfire_upgraded":1,"win_rate":0.0,"timestamp":1608286769,"path_taken":["M","M","?","$","?","E","M","R","T","?","E","?","R","M","R","BOSS"],"items_purchased_type":["Card"],"build_version":"2020-12-13","purchased_purges":2,"victory":false,"max_hp_per_floor":[66,66,60,60,65,65,65,65,65,65,65,65,65,65,65,65,65],"relic_stats":{"counters":[7,40],"Golden Idol":21,"Tiny Chest":0,"Juzu Bracelet":0,"Bag of Preparation":[4],"obtain_stats":[{"Golden Idol":3,"Tiny Chest":9,"Juzu Bracelet":6,"Bag of Preparation":11,"Ring of the Snake":0},{"Golden Idol":2,"Tiny Chest":4,"Juzu Bracelet":3,"Bag of Preparation":5,"Ring of the Snake":0},{"Golden Idol":9,"Tiny Chest":19,"Juzu Bracelet":15,"Bag of Preparation":28,"Ring of the Snake":0}],"Ring of the Snake":[14]},"card_choices":[{"not_picked":["Poisoned Stab","Leg Sweep"],"picked":"Footwork","floor":1.0},{"not_picked":["Tactician","PiercingWail"],"picked":"Crippling Poison","floor":2.0},{"not_picked":["Crippling Poison","Distraction","Outmaneuver"],"picked":"SKIP","floor":6.0},{"not_picked":["Tactician","All Out Attack"],"picked":"Backflip","floor":7.0},{"not_picked":["Sucker Punch","Cloak And Dagger"],"picked":"Calculated Gamble","floor":11},{"not_picked":["Prepared","Concentrate","Poisoned Stab"],"picked":"SKIP","floor":14}],"player_experience":695347,"relics_obtained":[{"floor":6.0,"key":"Juzu Bracelet"},{"floor":9.0,"key":"Tiny Chest"},{"floor":11,"key":"Bag of Preparation"}],"event_choices":[{"damage_healed":0.0,"max_hp_gain":0.0,"max_hp_loss":6.0,"gold_gain":0.0,"event_name":"Golden Idol","player_choice":"Lose Max HP","floor":3.0,"gold_loss":0.0,"damage_taken":0.0,"relics_obtained":["Golden Idol"]},{"damage_healed":0.0,"max_hp_gain":5.0,"max_hp_loss":0.0,"gold_gain":0.0,"event_name":"Big Fish","player_choice":"Donut","floor":5.0,"gold_loss":0.0,"damage_taken":0.0},{"damage_healed":0.0,"max_hp_gain":0.0,"max_hp_loss":0.0,"gold_gain":0.0,"event_name":"Shining Light","player_choice":"Entered Light","floor":10.0,"gold_loss":0.0,"damage_taken":20.0,"cards_upgraded":["Deadly Poison","Defend_G"]}],"is_beta":false,"boss_relics":[],"items_purged_floors":[4,12],"is_endless":false,"potions_floor_spawned":[6,7],"killed_by":"Slime Boss","ascension_level":17}}