{"host":"wl5kcyk3ocgwii71","time":1608268312,"event":{"mods":["AchievementEnabler","BaseMod","Better Altar","Better Match","Better Note","Better Sensory Stone","Better Skull","Better Third Choice","Colored Powertips","Downfall","Hermit","Minty Spire (QoL Compilation)","Quick Restart","Replay The Spire","StSLib","The Servant 0.9.4"],"gold_per_floor":[112,129,143,161,209,209,284,304,304,304,337,351,381,398,398,498,498,479,112,125,65,65,65,97,97,97,97,111,111,130,64,64,64,64],"floor_reached":33,"playtime":1184,"items_purged":[],"score":436,"play_id":"e5d9cdb8-678c-4118-881a-620132bf129e","local_time":"20201217211152","is_ascension_mode":true,"campfire_choices":[{"data":"Spot Weakness","floor":6,"key":"SMITH"},{"data":"True Grit","floor":15,"key":"SMITH"},{"floor":23,"key":"REST"},{"floor":27,"key":"REST"},{"floor":32,"key":"REST"}],"circlet_count":0,"master_deck":["Strike_R","Strike_R","Strike_R","Strike_R","Defend_R","Defend_R","Defend_R","Defend_R","Bash","Iron Wave","Shrug It Off","Feed","Spot Weakness+1","Headbutt","Burning Pact","Clothesline+1","Flame Barrier","True Grit+1","Wild Strike+1","Reckless Charge+1","Demon Form","Thunderclap+1","Apotheosis","Reaper+1","Warcry","ReplayTheSpireMod:Strike From Hell+1","Limit Break","True Grit","Ghostly Armor","Rage+1"],"relics":["Burning Blood","NeowsBlessing","Question Card","Divine Protection","Durian","Molten Egg 2","Fusion Hammer","Oddly Smooth Stone","Quantum Egg","Onion Ring"],"acts_visited":["Exordium","TheCity"],"potions_floor_usage":[14,16,20,24],"damage_taken":[{"damage":0,"enemies":"Jaw Worm","floor":1,"turns":1},{"damage":0,"enemies":"Small Slimes","floor":2,"turns":1},{"damage":0,"enemies":"2 Louse","floor":3,"turns":1},{"damage":7,"enemies":"2 Fungi Beasts","floor":4,"turns":5},{"damage":9,"enemies":"3 Louse","floor":8,"turns":5},{"damage":24,"enemies":"Gremlin Nob","floor":11,"turns":5},{"damage":0,"enemies":"Looter","floor":12,"turns":4},{"damage":20,"enemies":"3 Sentries","floor":13,"turns":10},{"damage":0,"enemies":"Gremlin Gang","floor":14,"turns":6},{"damage":60,"enemies":"The Guardian","floor":16,"turns":14},{"damage":11,"enemies":"2 Thieves","floor":18,"turns":4},{"damage":24,"enemies":"3 Byrds","floor":20,"turns":6},{"damage":50,"enemies":"Book of Stabbing","floor":24,"turns":7},{"damage":8,"enemies":"Centurion and Healer","floor":28,"turns":6},{"damage":30,"enemies":"Snake Plant","floor":30,"turns":4},{"damage":86,"enemies":"Gremlin Leader","floor":31,"turns":10},{"damage":50,"enemies":"Champ","floor":33,"turns":7}],"seed_played":"-653536878361080500","potions_obtained":[{"floor":4,"key":"DuplicationPotion"},{"floor":11,"key":"hexamod:EctoCoolerPotion"},{"floor":12,"key":"Weak Potion"},{"floor":14,"key":"Fruit Juice"},{"floor":20,"key":"Block Potion"},{"floor":28,"key":"SpeedPotion"},{"floor":31,"key":"Explosive Potion"}],"is_trial":false,"path_per_floor":["M","M","M","M","?","R","?","M","T","?","E","M","E","M","R","B",null,"M","$","M","?","?","R","E","?","T","R","M","?","M","E","R","B"],"character_chosen":"IRONCLAD","items_purchased":["Apotheosis","Reaper+1","Warcry"],"campfire_rested":3,"item_purchase_floors":[19,19,19],"current_hp_per_floor":[78,80,80,79,79,79,68,68,68,68,55,61,50,64,64,13,80,75,75,66,66,66,97,57,57,57,89,101,101,77,12,45,0,0],"gold":64,"neow_bonus":"THREE_ENEMY_KILL","is_daily":false,"chose_seed":false,"campfire_upgraded":2,"win_rate":0.0,"timestamp":1608268312,"path_taken":["M","M","M","M","?","R","?","M","T","?","E","M","E","M","R","BOSS","M","$","M","?","?","R","E","?","T","R","M","?","M","E","R","BOSS"],"items_purchased_type":["Card","Card","Card"],"build_version":"2020-12-13","purchased_purges":0,"victory":false,"max_hp_per_floor":[80,80,80,80,80,80,80,83,83,83,88,88,91,99,99,102,102,102,102,105,105,105,105,109,109,109,109,109,109,109,113,113,113,113],"card_choices":[{"not_picked":["Havoc","True Grit"],"picked":"ReplayTheSpireMod:Strike From Hell","floor":1},{"not_picked":["Warcry","Carnage"],"picked":"Iron Wave","floor":2},{"not_picked":["Heavy Blade","Body Slam"],"picked":"Shrug It Off","floor":3},{"not_picked":["Warcry","Combust"],"picked":"Feed","floor":4},{"not_picked":["Body Slam","Heavy Blade"],"picked":"Spot Weakness","floor":5},{"not_picked":["Havoc","Heavy Blade"],"picked":"Headbutt","floor":5},{"not_picked":["Ghostly Armor","Dual Wield","Clash"],"picked":"Burning Pact","floor":8},{"not_picked":["Anger","Fire Breathing","Warcry"],"picked":"Flame Barrier","floor":11},{"not_picked":["Havoc","Metallicize","Iron Wave"],"picked":"True Grit","floor":12},{"not_picked":["Double Tap","Clash+1","Battle Trance"],"picked":"Wild Strike+1","floor":13},{"not_picked":["Replay:Undeath\u0027s Touch+1","Anger+1","Carnage+1"],"picked":"Reckless Charge+1","floor":14},{"not_picked":["Barricade","Eclipse","Bludgeon+1"],"picked":"Demon Form","floor":16},{"not_picked":["Wild Strike+1","Perfected Strike+1","Infernal Blade"],"picked":"Thunderclap+1","floor":18},{"not_picked":["Sever Soul+1","Twin Strike+1","Headbutt+1"],"picked":"ReplayTheSpireMod:Strike From Hell+1","floor":20},{"not_picked":["Evolve+1","Second Wind","Headbutt+1"],"picked":"Limit Break","floor":24},{"not_picked":["Reckless Charge+1","Sword Boomerang+1","Clothesline+1"],"picked":"True Grit","floor":28},{"not_picked":["Pommel Strike+1","Replay:Undeath\u0027s Touch+1","Defy Death"],"picked":"Ghostly Armor","floor":30},{"not_picked":["Cleave+1","Pummel+1","Combust+1"],"picked":"Rage+1","floor":31}],"player_experience":365962,"relics_obtained":[{"floor":5,"key":"Question Card"},{"floor":9,"key":"Divine Protection"},{"floor":11,"key":"Durian"},{"floor":13,"key":"Molten Egg 2"},{"floor":24,"key":"Quantum Egg"},{"floor":31,"key":"Onion Ring"}],"event_choices":[{"damage_healed":0,"gold_gain":75,"player_choice":"Gold","damage_taken":11,"max_hp_gain":0,"max_hp_loss":0,"event_name":"betterThird:BetterGoop","floor":7,"gold_loss":0},{"cards_removed":["Strike_R"],"damage_healed":0,"gold_gain":0,"player_choice":"Purged","damage_taken":0,"max_hp_gain":0,"max_hp_loss":0,"event_name":"Purifier","floor":29,"gold_loss":0}],"is_beta":false,"boss_relics":[{"not_picked":["Replay:Wanted Poster","Replay:Ancient Bell"],"picked":"Fusion Hammer"}],"items_purged_floors":[],"is_endless":false,"potions_floor_spawned":[4,11,12,14,20,28,31],"killed_by":"Champ","ascension_level":6}}