{"host":"m2106ztvmcgfoyc9","time":1608296556,"event":{"mods":["BaseMod","Minty Spire (QoL Compilation)","Relic Stats"],"gold_per_floor":[118,133,133,148,223,223,223,223,223,242,253,253,273,341,341,416,416,436,436],"floor_reached":18,"playtime":411,"items_purged":[],"score":308,"play_id":"4c182caf-14a1-4097-9ce1-d087b36362e6","local_time":"20201218140236","is_ascension_mode":true,"campfire_choices":[{"data":"Bash","floor":6,"key":"SMITH"},{"data":"Hemokinesis","floor":8,"key":"SMITH"},{"data":"Inflame","floor":12,"key":"SMITH"},{"data":"Cleave","floor":15,"key":"SMITH"}],"circlet_count":0,"master_deck":["AscendersBane","Bash+1","Inflame+1","Hemokinesis+1","Dropkick","Cleave+1","Flame Barrier","Limit Break","Iron Wave","Dropkick","Heavy Blade","Barricade","Feel No Pain","Double Tap","Exhume","Fiend Fire","Pummel"],"relics":["Coffee Dripper","InkBottle","Pandora\u0027s Box"],"acts_visited":["Exordium","TheCity"],"potions_floor_usage":[16],"damage_taken":[{"damage":0,"enemies":"Cultist","floor":1,"turns":3},{"damage":2,"enemies":"Jaw Worm","floor":2,"turns":3},{"damage":2,"enemies":"Small Slimes","floor":4,"turns":2},{"damage":13,"enemies":"2 Fungi Beasts","floor":10,"turns":3},{"damage":2,"enemies":"Looter","floor":11,"turns":1},{"damage":13,"enemies":"Exordium Thugs","floor":13,"turns":4},{"damage":9,"enemies":"Slime Boss","floor":16,"turns":6},{"damage":34,"enemies":"Shell Parasite","floor":18,"turns":4}],"seed_played":"6637469254967082641","potions_obtained":[{"floor":1,"key":"EssenceOfSteel"},{"floor":4,"key":"Swift Potion"}],"is_trial":false,"path_per_floor":["M","M","?","M","?","R","?","R","T","M","M","R","M","?","R","B",null,"M"],"character_chosen":"IRONCLAD","items_purchased":[],"campfire_rested":0,"item_purchase_floors":[],"current_hp_per_floor":[68,66,71,69,58,58,58,58,58,45,43,43,30,30,30,21,65,31,31],"gold":436,"neow_bonus":"BOSS_RELIC","is_daily":false,"chose_seed":false,"campfire_upgraded":4,"win_rate":0.0,"timestamp":1608296556,"path_taken":["M","M","?","M","?","R","?","R","T","M","M","R","M","?","R","BOSS","M"],"items_purchased_type":[],"build_version":"2020-12-13","purchased_purges":0,"victory":false,"max_hp_per_floor":[75,75,80,80,80,80,80,80,80,80,80,80,80,80,80,80,80,80,80],"relic_stats":{"counters":[8,26],"Pandora\u0027s Box":["Iron Wave","Dropkick","Heavy Blade","Barricade","Feel No Pain","Double Tap","Exhume","Fiend Fire","Pummel"],"obtain_stats":[{"Pandora\u0027s Box":17,"Coffee Dripper":0,"Burning Blood":0,"InkBottle":9},{"Pandora\u0027s Box":7,"Coffee Dripper":0,"Burning Blood":0,"InkBottle":3},{"Pandora\u0027s Box":22,"Coffee Dripper":0,"Burning Blood":0,"InkBottle":8}],"InkBottle":[5]},"card_choices":[{"not_picked":["Burning Pact","Shrug It Off"],"picked":"Inflame","floor":1},{"not_picked":["Iron Wave","Shrug It Off"],"picked":"Hemokinesis","floor":2},{"not_picked":["Feel No Pain","Iron Wave"],"picked":"Dropkick","floor":4},{"not_picked":["Warcry","Blood for Blood","Flex"],"picked":"SKIP","floor":10},{"not_picked":["Fire Breathing","Flex"],"picked":"Cleave","floor":11},{"not_picked":["True Grit","Thunderclap"],"picked":"Flame Barrier","floor":13},{"not_picked":["Double Tap","Demon Form"],"picked":"Limit Break","floor":16}],"player_experience":960129,"relics_obtained":[{"floor":9,"key":"InkBottle"}],"event_choices":[{"damage_healed":0,"gold_gain":0,"player_choice":"Donut","damage_taken":0,"max_hp_gain":5,"max_hp_loss":0,"event_name":"Big Fish","floor":3,"gold_loss":0},{"damage_healed":0,"gold_gain":75,"player_choice":"Gather Gold","damage_taken":11,"max_hp_gain":0,"max_hp_loss":0,"event_name":"World of Goop","floor":5,"gold_loss":0},{"damage_healed":0,"gold_gain":0,"player_choice":"Fled","damage_taken":0,"max_hp_gain":0,"max_hp_loss":0,"event_name":"Scrap Ooze","floor":7,"gold_loss":0},{"damage_healed":0,"gold_gain":68,"player_choice":"Gained Gold","damage_taken":0,"max_hp_gain":0,"max_hp_loss":0,"event_name":"Golden Wing","floor":14,"gold_loss":0}],"is_beta":false,"boss_relics":[{"not_picked":["Snecko Eye","Calling Bell"],"picked":"Pandora\u0027s Box"}],"items_purged_floors":[],"is_endless":false,"potions_floor_spawned":[1,4,11],"killed_by":"Shell Parasite","ascension_level":20}}