{"host":"o0q01dgb4z8zpo6o","time":1608274610,"event":{"mods":["BaseMod","GifTheSpireLib","Minty Spire (QoL Compilation)","Relic Stats","StSLib"],"gold_per_floor":[115,165,183,183,203,203,232,232,232,232,248,263,263,263,263,336,336,347,347,347,347,365,365,390,390,390],"floor_reached":25,"playtime":838,"items_purged":[],"score":383,"play_id":"b4421bc0-5256-4a8a-95c7-a3e95950df23","local_time":"20201217225650","is_ascension_mode":true,"campfire_choices":[{"data":"Sunder","floor":6,"key":"SMITH"},{"data":"Reinforced Body","floor":8,"key":"SMITH"},{"data":"Cold Snap","floor":10,"key":"SMITH"},{"data":"Tempest","floor":13,"key":"SMITH"},{"data":"Dualcast","floor":15,"key":"SMITH"},{"data":"Genetic Algorithm","floor":23,"key":"SMITH"}],"circlet_count":0,"master_deck":["AscendersBane","Strike_B","Strike_B","Defend_B","Defend_B","Defend_B","Zap","Dualcast+1","Auto Shields","Sunder+1","Cold Snap+1","Reinforced Body+1","Self Repair","Tempest+1","Thunder Strike","Capacitor","Genetic Algorithm+1","Reinforced Body","Ghostly","Ghostly","Ghostly","Skim","Ball Lightning"],"relics":["Cracked Core","NeowsBlessing","Mercury Hourglass","WingedGreaves","Bottled Flame","Snecko Eye","Vajra"],"acts_visited":["Exordium","TheCity"],"potions_floor_usage":[7,7,22,24],"damage_taken":[{"damage":0,"enemies":"Cultist","floor":1,"turns":1},{"damage":0,"enemies":"2 Louse","floor":3,"turns":1},{"damage":0,"enemies":"Small Slimes","floor":5,"turns":1},{"damage":16,"enemies":"Gremlin Nob","floor":7,"turns":3},{"damage":1,"enemies":"Blue Slaver","floor":11,"turns":4},{"damage":0,"enemies":"3 Louse","floor":12,"turns":2},{"damage":27,"enemies":"Slime Boss","floor":16,"turns":9},{"damage":6,"enemies":"Spheric Guardian","floor":18,"turns":3},{"damage":1,"enemies":"2 Thieves","floor":22,"turns":3},{"damage":21,"enemies":"Slavers","floor":24,"turns":6},{"damage":20,"enemies":"Chosen and Byrds","floor":25,"turns":5}],"seed_played":"4670465848810344283","potions_obtained":[{"floor":1,"key":"EntropicBrew"},{"floor":16,"key":"ColorlessPotion"},{"floor":22,"key":"Block Potion"},{"floor":24,"key":"Ancient Potion"}],"is_trial":false,"path_per_floor":["M","?","M","?","M","R","E","R","T","R","M","M","R","?","R","B",null,"M","?","?","?","M","R","E","M"],"character_chosen":"DEFECT","items_purchased":[],"campfire_rested":0,"item_purchase_floors":[],"current_hp_per_floor":[64,57,57,46,46,46,30,30,30,30,29,36,36,59,59,39,63,57,57,35,35,34,34,20,0,0],"gold":390,"neow_bonus":"THREE_ENEMY_KILL","is_daily":false,"chose_seed":false,"campfire_upgraded":6,"win_rate":0.0,"timestamp":1608274610,"path_taken":["M","?","?","?","M","R","E","R","T","R","M","M","R","?","R","BOSS","M","?","?","?","?","R","E","M"],"items_purchased_type":[],"build_version":"2020-12-13","purchased_purges":0,"victory":false,"max_hp_per_floor":[71,71,71,71,71,71,71,71,71,71,71,71,71,71,71,71,71,71,71,35,35,35,35,35,35,35],"relic_stats":{"counters":[11,38],"Snecko Eye":[21,17,28,28],"obtain_stats":[{"Bottled Flame":9,"NeowsBlessing":0,"Snecko Eye":17,"Vajra":24,"WingedGreaves":7,"Cracked Core":0,"Mercury Hourglass":4},{"Bottled Flame":4,"NeowsBlessing":0,"Snecko Eye":7,"Vajra":10,"WingedGreaves":4,"Cracked Core":0,"Mercury Hourglass":2},{"Bottled Flame":6,"NeowsBlessing":0,"Snecko Eye":21,"Vajra":33,"WingedGreaves":6,"Cracked Core":0,"Mercury Hourglass":2}],"Mercury Hourglass":[162]},"card_choices":[{"not_picked":["BootSequence","Go for the Eyes"],"picked":"Auto Shields","floor":1},{"not_picked":["Steam","Stack"],"picked":"Sunder","floor":3},{"not_picked":["Recycle","Go for the Eyes"],"picked":"Cold Snap","floor":5},{"not_picked":["Go for the Eyes","Redo"],"picked":"Reinforced Body","floor":7},{"not_picked":["Stack","BootSequence"],"picked":"Self Repair","floor":11},{"not_picked":["Go for the Eyes","Stack"],"picked":"Tempest","floor":12},{"not_picked":["Biased Cognition","Machine Learning"],"picked":"Thunder Strike","floor":16},{"not_picked":["Cold Snap","Streamline"],"picked":"Capacitor","floor":18},{"not_picked":["Compile Driver","Rebound"],"picked":"Skim","floor":22},{"not_picked":["Steam","Skim"],"picked":"Ball Lightning","floor":24}],"player_experience":1006274,"relics_obtained":[{"floor":7,"key":"WingedGreaves"},{"floor":9,"key":"Bottled Flame"},{"floor":24,"key":"Vajra"}],"event_choices":[{"damage_healed":0,"gold_gain":50,"player_choice":"Touch","damage_taken":7,"max_hp_gain":0,"max_hp_loss":0,"event_name":"FaceTrader","floor":2,"gold_loss":0},{"damage_healed":0,"gold_gain":0,"player_choice":"Success","damage_taken":11,"relics_obtained":["Mercury Hourglass"],"max_hp_gain":0,"max_hp_loss":0,"event_name":"Scrap Ooze","floor":4,"gold_loss":0},{"damage_healed":23,"gold_gain":0,"player_choice":"Banana","damage_taken":0,"max_hp_gain":0,"max_hp_loss":0,"event_name":"Big Fish","floor":14,"gold_loss":0},{"damage_healed":0,"gold_gain":0,"cards_transformed":["Strike_B","Strike_B"],"player_choice":"Became Test Subject","damage_taken":0,"max_hp_gain":0,"max_hp_loss":0,"event_name":"Drug Dealer","floor":19,"gold_loss":0,"cards_obtained":["Genetic Algorithm","Reinforced Body"]},{"damage_healed":0,"gold_gain":0,"player_choice":"Became a Ghost","damage_taken":0,"max_hp_gain":0,"max_hp_loss":36,"event_name":"Ghosts","floor":20,"gold_loss":0,"cards_obtained":["Ghostly","Ghostly","Ghostly"]},{"cards_removed":["Defend_B"],"damage_healed":0,"gold_gain":0,"player_choice":"Purged","damage_taken":0,"max_hp_gain":0,"max_hp_loss":0,"event_name":"Purifier","floor":21,"gold_loss":0}],"is_beta":false,"boss_relics":[{"not_picked":["Pandora\u0027s Box","Tiny House"],"picked":"Snecko Eye"}],"items_purged_floors":[],"is_endless":false,"potions_floor_spawned":[1,16,18,22,24],"killed_by":"Chosen and Byrds","ascension_level":15}}