{"host":"sh8ot41fo7a0kahq","time":1608283955,"event":{"mods":["BaseMod","Better Third Choice","Colored Powertips","Minty Spire (QoL Compilation)","Quick Restart","Spicy Shops","StSLib","UnlockEverythingMod"],"gold_per_floor":[363,380,392,342,80,115,127,170,182,213,235,247,24,41,41,41,41],"floor_reached":16,"playtime":395,"items_purged":["Writhe"],"score":146,"play_id":"a5194668-fb0d-4cb5-8f2f-be46cfad060c","local_time":"20201218173235","is_ascension_mode":true,"campfire_choices":[{"data":"Coolheaded","floor":7.0,"key":"SMITH"},{"floor":12,"key":"REST"},{"data":"Defragment","floor":15,"key":"SMITH"}],"circlet_count":0,"master_deck":["Strike_B","Strike_B","Strike_B","Defend_B","Defend_B","Defend_B","Defend_B","Zap","Dualcast","Defragment+1","Defragment","Ball Lightning","Coolheaded+1","Capacitor","Ball Lightning"],"relics":["Cracked Core","TheAbacus","Juzu Bracelet","MawBank","Bottled Tornado","Membership Card","Medical Kit"],"acts_visited":["Exordium"],"potions_floor_usage":[16],"damage_taken":[{"damage":2.0,"enemies":"Jaw Worm","floor":1.0,"turns":3.0},{"damage":11.0,"enemies":"2 Louse","floor":2.0,"turns":3.0},{"damage":1.0,"enemies":"Cultist","floor":3.0,"turns":3.0},{"damage":13.0,"enemies":"Gremlin Nob","floor":6.0,"turns":3.0},{"damage":27.0,"enemies":"3 Sentries","floor":8.0,"turns":6.0},{"damage":7,"enemies":"Blue Slaver","floor":10,"turns":4},{"damage":6,"enemies":"Red Slaver","floor":11,"turns":4},{"damage":12,"enemies":"Looter","floor":14,"turns":3},{"damage":10,"enemies":"The Guardian","floor":16,"turns":5}],"seed_played":"-2674689784837959982","potions_obtained":[{"floor":2.0,"key":"Weak Potion"},{"floor":8.0,"key":"Weak Potion"},{"floor":10,"key":"PotionOfCapacity"}],"is_trial":false,"path_per_floor":["M","M","M","?","$","E","R","E","T","M","M","R","$","M","R","B"],"character_chosen":"DEFECT","items_purchased":["TheAbacus","Ball Lightning","Juzu Bracelet","Membership Card","Medical Kit"],"campfire_rested":1,"item_purchase_floors":[5,5,5,13,13],"current_hp_per_floor":[66,55,54,54,54,41,41,14,14,7,1,21,21,9,9,0,0],"gold":41,"neow_bonus":"TWO_FIFTY_GOLD","is_daily":false,"chose_seed":false,"campfire_upgraded":2,"win_rate":0.0,"timestamp":1608283955,"path_taken":["M","M","M","?","$","E","R","E","T","M","M","R","$","M","R","BOSS"],"items_purchased_type":["Relic","Card","Relic","Relic","Relic"],"build_version":"2020-12-13","purchased_purges":1,"victory":false,"max_hp_per_floor":[68,68,68,68,68,68,68,68,68,68,68,68,68,68,68,68,68],"card_choices":[{"not_picked":["Gash","Turbo"],"picked":"Defragment","floor":1.0},{"not_picked":["Barrage","Aggregate","Blizzard"],"picked":"SKIP","floor":2.0},{"not_picked":["Static Discharge","Compile Driver"],"picked":"Defragment","floor":3.0},{"not_picked":["Conserve Battery","Sweeping Beam"],"picked":"Coolheaded","floor":6.0},{"not_picked":["Hologram","Compile Driver"],"picked":"Capacitor","floor":8.0},{"not_picked":["Go for the Eyes","Rebound","Steam"],"picked":"SKIP","floor":10},{"not_picked":["Darkness","Stack"],"picked":"Ball Lightning","floor":11},{"not_picked":["Beam Cell","Storm","All For One"],"picked":"SKIP","floor":14}],"player_experience":273235,"relics_obtained":[{"floor":6.0,"key":"MawBank"},{"floor":8.0,"key":"Bottled Tornado"}],"event_choices":[{"cards_removed":["Strike_B"],"damage_healed":0.0,"max_hp_gain":0.0,"max_hp_loss":0.0,"gold_gain":0.0,"event_name":"The Cleric","player_choice":"Card Removal","floor":4.0,"gold_loss":50.0,"damage_taken":0.0}],"is_beta":false,"boss_relics":[],"items_purged_floors":[5],"is_endless":false,"potions_floor_spawned":[2,8,10],"killed_by":"The Guardian","ascension_level":6}}