{"host":"u2grshebrc5rdzdn","time":1608330278,"event":{"mods":["AchievementEnabler","BaseMod","Minty Spire (QoL Compilation)","StSLib"],"gold_per_floor":[116,126,18,293,31,57,57,71,122,147,36,64,64,80,80,175,175,190,190,25,25,40,66,66,14,14,32,45,45,144,177,177,278,278,297,1296,1296,944,944,944,944,955,955,967,984,1000,1000,1026,1026,1026],"floor_reached":51,"playtime":3422,"items_purged":["Regret","Eruption+1","Writhe"],"score":907,"play_id":"3a2e7d05-8d95-4f81-a7ab-ebe51cece59b","local_time":"20201218232438","is_ascension_mode":true,"campfire_choices":[{"data":"Weave","floor":7,"key":"SMITH"},{"data":"Weave","floor":13,"key":"SMITH"},{"data":"BattleHymn","floor":15,"key":"SMITH"},{"data":"Perseverance","floor":24,"key":"SMITH"},{"floor":32,"key":"REST"},{"data":"Judgement","floor":40,"key":"SMITH"},{"floor":47,"key":"REST"},{"floor":49,"key":"REST"}],"circlet_count":0,"master_deck":["Strike_P","Strike_P+1","Strike_P+1","Strike_P","Defend_P","Defend_P","Defend_P","Defend_P+1","Perseverance+1","Consecrate+1","ReachHeaven+1","Weave+1","Weave+1","Vault","BattleHymn+1","InnerPeace","Wireheading","LessonLearned+1","DeusExMachina","JustLucky","Vault+1","ThirdEye","LikeWater+1","Weave+1","JustLucky+1","CutThroughFate","JustLucky","Judgement+1"],"relics":["PureWater","NeowsBlessing","Membership Card","Anchor","PreservedInsect","Whetstone","Shuriken","SlaversCollar","Omamori","Damaru","Pear","Lantern","Busted Crown","HornCleat","Ornamental Fan","Sundial","Gremlin Horn"],"acts_visited":["Exordium","TheCity","TheBeyond"],"potions_floor_usage":[16,18,18,35,42,50],"damage_taken":[{"damage":2,"enemies":"2 Louse","floor":1,"turns":2},{"damage":0,"enemies":"Cultist","floor":2,"turns":1},{"damage":0,"enemies":"3 Sentries","floor":6,"turns":1},{"damage":2,"enemies":"Jaw Worm","floor":8,"turns":4},{"damage":0,"enemies":"Gremlin Nob","floor":10,"turns":2},{"damage":18,"enemies":"Lagavulin","floor":12,"turns":4},{"damage":1,"enemies":"Exordium Thugs","floor":14,"turns":2},{"damage":25,"enemies":"The Guardian","floor":16,"turns":8},{"damage":17,"enemies":"3 Byrds","floor":18,"turns":4},{"damage":2,"enemies":"Chosen","floor":22,"turns":4},{"damage":13,"enemies":"Slavers","floor":23,"turns":4},{"damage":8,"enemies":"Centurion and Healer","floor":27,"turns":4},{"damage":7,"enemies":"3 Cultists","floor":28,"turns":4},{"damage":0,"enemies":"Gremlin Leader","floor":31,"turns":4},{"damage":5,"enemies":"Collector","floor":33,"turns":6},{"damage":27,"enemies":"3 Darklings","floor":35,"turns":5},{"damage":16,"enemies":"3 Shapes","floor":42,"turns":6},{"damage":8,"enemies":"Jaw Worm Horde","floor":44,"turns":3},{"damage":0,"enemies":"Maw","floor":45,"turns":6},{"damage":23,"enemies":"4 Shapes","floor":46,"turns":5},{"damage":6,"enemies":"Reptomancer","floor":48,"turns":4},{"damage":44,"enemies":"Time Eater","floor":50,"turns":10}],"seed_played":"7009477716537228554","potions_obtained":[{"floor":1,"key":"ColorlessPotion"},{"floor":8,"key":"SteroidPotion"},{"floor":12,"key":"Strength Potion"},{"floor":16,"key":"DistilledChaos"},{"floor":28,"key":"Energy Potion"},{"floor":33,"key":"PowerPotion"},{"floor":45,"key":"FearPotion"},{"floor":48,"key":"EssenceOfSteel"}],"is_trial":false,"path_per_floor":["M","M","$","?","$","E","R","M","T","E","$","E","R","M","R","B",null,"M","?","$","?","M","E","R","$","T","M","M","?","?","E","R","B",null,"M","?","?","$","?","R","?","M","T","M","M","M","R","E","R","B",null],"character_chosen":"WATCHER","items_purchased":["ReachHeaven","Weave","Membership Card","Weave","Wireheading","LessonLearned","LikeWater","Omamori","CutThroughFate","JustLucky","HornCleat","Ornamental Fan","StancePotion"],"campfire_rested":3,"item_purchase_floors":[3,3,5,5,11,11,20,20,25,25,38,38,38],"current_hp_per_floor":[70,70,70,70,70,70,70,68,68,68,68,50,50,49,49,24,72,55,55,55,55,53,40,40,40,50,42,35,19,19,19,45,40,87,60,60,82,82,82,82,82,66,66,58,58,35,61,55,81,37],"gold":1026,"neow_bonus":"THREE_ENEMY_KILL","is_daily":false,"chose_seed":false,"campfire_upgraded":5,"win_rate":0.0,"timestamp":1608330278,"path_taken":["M","M","$","?","?","E","R","?","T","E","$","E","R","?","R","BOSS","M","?","?","?","M","E","R","$","T","M","?","?","?","E","R","BOSS","M","?","?","$","?","R","?","M","T","M","M","M","R","E","R","BOSS"],"items_purchased_type":["Card","Card","Relic","Card","Card","Card","Card","Relic","Card","Card","Relic","Relic","Potion"],"build_version":"2020-12-13","purchased_purges":3,"victory":true,"max_hp_per_floor":[72,72,72,72,72,72,72,72,72,72,72,72,72,72,72,72,72,72,72,72,72,72,72,72,72,82,82,82,87,87,87,87,87,87,87,87,87,87,87,87,87,87,87,87,87,87,87,87,87,87],"card_choices":[{"not_picked":["CutThroughFate","FlyingSleeves"],"picked":"Perseverance","floor":1},{"not_picked":["Nirvana","Weave"],"picked":"Consecrate","floor":2},{"not_picked":["Vengeance","Consecrate"],"picked":"Vault","floor":6},{"not_picked":["WaveOfTheHand","FlyingSleeves"],"picked":"BattleHymn","floor":8},{"not_picked":["WindmillStrike","Collect"],"picked":"InnerPeace","floor":10},{"not_picked":["LikeWater","Crescendo"],"picked":"DeusExMachina","floor":12},{"not_picked":["ClearTheMind","SashWhip"],"picked":"JustLucky","floor":14},{"not_picked":["ConjureBlade","DeusExMachina"],"picked":"Vault","floor":16},{"not_picked":["Evaluate+1","ClearTheMind"],"picked":"ThirdEye","floor":18},{"not_picked":["Pray","CutThroughFate","PathToVictory+1"],"picked":"SKIP","floor":22},{"not_picked":["ReachHeaven+1","DevaForm"],"picked":"JustLucky+1","floor":23},{"not_picked":["FollowUp","Halt","Consecrate"],"picked":"SKIP","floor":27},{"not_picked":["Protect","ThirdEye","Vengeance"],"picked":"SKIP","floor":28},{"not_picked":["ForeignInfluence","ThirdEye","CutThroughFate"],"picked":"SKIP","floor":31},{"not_picked":["Omniscience","Brilliance"],"picked":"Judgement","floor":33},{"not_picked":["FlurryOfBlows+1"],"picked":"SKIP","floor":35},{"not_picked":["FollowUp"],"picked":"SKIP","floor":42},{"not_picked":["ThirdEye+1"],"picked":"SKIP","floor":44},{"not_picked":["Wallop+1"],"picked":"SKIP","floor":45},{"not_picked":["FlurryOfBlows+1"],"picked":"SKIP","floor":46},{"not_picked":["FollowUp+1"],"picked":"SKIP","floor":48}],"player_experience":283649,"relics_obtained":[{"floor":6,"key":"Anchor"},{"floor":9,"key":"PreservedInsect"},{"floor":10,"key":"Whetstone"},{"floor":12,"key":"Shuriken"},{"floor":23,"key":"Damaru"},{"floor":26,"key":"Pear"},{"floor":31,"key":"Lantern"},{"floor":43,"key":"Sundial"},{"floor":48,"key":"Gremlin Horn"}],"event_choices":[{"damage_healed":0,"gold_gain":275,"player_choice":"Desecrate","damage_taken":0,"max_hp_gain":0,"max_hp_loss":0,"event_name":"Golden Shrine","floor":4,"gold_loss":0,"cards_obtained":["Regret"]},{"damage_healed":0,"gold_gain":0,"player_choice":"Ignored","damage_taken":0,"max_hp_gain":0,"max_hp_loss":0,"event_name":"Ghosts","floor":19,"gold_loss":0},{"damage_healed":0,"gold_gain":0,"player_choice":"Copied","damage_taken":0,"max_hp_gain":0,"max_hp_loss":0,"event_name":"Duplicator","floor":21,"gold_loss":0,"cards_obtained":["Weave"]},{"damage_healed":0,"gold_gain":0,"player_choice":"Shed Blood","damage_taken":21,"max_hp_gain":5,"max_hp_loss":0,"event_name":"Forgotten Altar","floor":29,"gold_loss":0},{"damage_healed":0,"gold_gain":99,"player_choice":"Stole From Cult","damage_taken":0,"max_hp_gain":0,"max_hp_loss":0,"event_name":"Nest","floor":30,"gold_loss":0},{"damage_healed":0,"gold_gain":999,"player_choice":"Gold","damage_taken":0,"max_hp_gain":0,"max_hp_loss":0,"event_name":"MindBloom","floor":36,"gold_loss":0,"cards_obtained":["Normality","Normality"]},{"damage_healed":22,"gold_gain":0,"player_choice":"Writhe","damage_taken":0,"max_hp_gain":0,"max_hp_loss":0,"event_name":"Winding Halls","floor":37,"gold_loss":0,"cards_obtained":["Writhe"]},{"cards_removed":["Vigilance"],"damage_healed":0,"gold_gain":0,"player_choice":"Removed Skill","damage_taken":0,"max_hp_gain":0,"max_hp_loss":0,"event_name":"Falling","floor":39,"gold_loss":0},{"damage_healed":0,"gold_gain":0,"player_choice":"Ignored","damage_taken":0,"max_hp_gain":0,"max_hp_loss":0,"event_name":"Tomb of Lord Red Mask","floor":41,"gold_loss":0}],"is_beta":false,"boss_relics":[{"not_picked":["VioletLotus","Tiny House"],"picked":"SlaversCollar"},{"not_picked":["Fusion Hammer","Snecko Eye"],"picked":"Busted Crown"}],"items_purged_floors":[5,20,38],"is_endless":false,"potions_floor_spawned":[1,8,12,16,28,33,45,48],"ascension_level":2}}