{"host":"w7o06k3e8uel8euj","time":1608292925,"event":{"mods":["AchievementEnabler","BaseMod","Colored Powertips","Custom Start","DeckTracker","Keyboard Shortcuts","Minty Spire (QoL Compilation)","Quick Restart","Relic Stats","StSLib","SuperFastMode","everything is the same but u backflip on backflip"],"gold_per_floor":[119,130,130,140,65,65,77,90,114,14,39,58,86,86,86,86,86],"floor_reached":16,"playtime":166,"items_purged":["Strike_P","Defend_P"],"score":185,"play_id":"8dbc8718-98b6-4fca-9d2a-b0b21d1616ae","local_time":"20201218210205","is_ascension_mode":true,"campfire_choices":[{"data":"Eruption","floor":6,"key":"SMITH"},{"data":"Scrawl","floor":15,"key":"SMITH"}],"circlet_count":0,"master_deck":["AscendersBane","Strike_P","Strike_P+1","Strike_P","Defend_P+1","Defend_P","Defend_P","Eruption+1","Vigilance","Indignation","WheelKick","Scrawl+1"],"relics":["PureWater","NeowsBlessing","PreservedInsect","Bag of Marbles","Strawberry"],"acts_visited":["Exordium"],"potions_floor_usage":[11,11,16],"damage_taken":[{"damage":0.0,"enemies":"2 Louse","floor":1.0,"turns":2.0},{"damage":0.0,"enemies":"Small Slimes","floor":2.0,"turns":1.0},{"damage":0,"enemies":"Jaw Worm","floor":4,"turns":2},{"damage":5,"enemies":"Blue Slaver","floor":7,"turns":2},{"damage":0,"enemies":"Exordium Wildlife","floor":8,"turns":3},{"damage":2,"enemies":"3 Sentries","floor":11,"turns":5},{"damage":0,"enemies":"2 Fungi Beasts","floor":12,"turns":1},{"damage":12,"enemies":"Lagavulin","floor":13,"turns":3},{"damage":54,"enemies":"Hexaghost","floor":16,"turns":4}],"seed_played":"5475889147593653928","potions_obtained":[{"floor":1.0,"key":"DistilledChaos"},{"floor":2.0,"key":"Block Potion"},{"floor":7,"key":"Regen Potion"},{"floor":12,"key":"Block Potion"}],"is_trial":false,"path_per_floor":["M","M","?","M","$","R","M","M","T","$","E","M","E","?","R","B"],"character_chosen":"WATCHER","items_purchased":[],"campfire_rested":0,"item_purchase_floors":[],"current_hp_per_floor":[65,65,51,51,51,51,46,46,46,46,58,58,53,53,53,0,0],"gold":86,"neow_bonus":"THREE_ENEMY_KILL","is_daily":false,"chose_seed":false,"campfire_upgraded":2,"win_rate":0.0,"timestamp":1608292925,"path_taken":["M","M","?","M","$","R","M","M","T","$","E","M","E","?","R","BOSS"],"items_purchased_type":[],"build_version":"2020-12-13","purchased_purges":2,"victory":false,"max_hp_per_floor":[72,72,72,72,72,72,72,72,72,72,72,72,79,79,79,79,79],"relic_stats":{"counters":[9,23],"PreservedInsect":62,"obtain_stats":[{"NeowsBlessing":0,"Strawberry":13,"PreservedInsect":9,"Bag of Marbles":11,"PureWater":0},{"NeowsBlessing":0,"Strawberry":8,"PreservedInsect":5,"Bag of Marbles":6,"PureWater":0},{"NeowsBlessing":0,"Strawberry":19,"PreservedInsect":10,"Bag of Marbles":15,"PureWater":0}]},"card_choices":[{"not_picked":["Crescendo","Evaluate"],"picked":"Indignation","floor":1.0},{"not_picked":["CrushJoints","CarveReality"],"picked":"WheelKick","floor":2.0},{"not_picked":["BattleHymn","PathToVictory","Evaluate"],"picked":"SKIP","floor":4},{"not_picked":["Crescendo","FollowUp","ClearTheMind"],"picked":"SKIP","floor":7},{"not_picked":["Crescendo","FollowUp","ClearTheMind"],"picked":"SKIP","floor":7},{"not_picked":["ForeignInfluence","PathToVictory","Vengeance"],"picked":"SKIP","floor":8},{"not_picked":["ForeignInfluence","PathToVictory","Vengeance"],"picked":"SKIP","floor":8},{"not_picked":["Prostrate","FlyingSleeves","SignatureMove"],"picked":"SKIP","floor":11},{"not_picked":["FearNoEvil","Halt"],"picked":"Scrawl","floor":12},{"not_picked":["EmptyFist","ClearTheMind","WaveOfTheHand"],"picked":"SKIP","floor":13}],"player_experience":559833,"relics_obtained":[{"floor":9,"key":"PreservedInsect"},{"floor":11,"key":"Bag of Marbles"},{"floor":13,"key":"Strawberry"}],"event_choices":[{"damage_healed":0.0,"max_hp_gain":0.0,"max_hp_loss":0.0,"gold_gain":0.0,"event_name":"Shining Light","player_choice":"Entered Light","floor":3.0,"gold_loss":0.0,"damage_taken":14.0,"cards_upgraded":["Strike_P","Defend_P"]},{"damage_healed":0,"gold_gain":0,"player_choice":"Ignored","damage_taken":0,"max_hp_gain":0,"max_hp_loss":0,"event_name":"Liars Game","floor":14,"gold_loss":0}],"is_beta":false,"boss_relics":[],"items_purged_floors":[5,10],"is_endless":false,"potions_floor_spawned":[1,2,7,12],"killed_by":"Hexaghost","ascension_level":13}}