{"host":"ml80p9p157c7xd90","time":1608326846,"event":{"mods":["2.2 Compatiblity","Act Like it!","Ascension Unlocker","Aspiration","BaseMod","Better Altar","Better Match","Better Note","Better Sensory Stone","Better Skull","Better Third Choice","CapriCore","Colored Map","Conspire","Friendly Minions","Gensokyo","Halation","Minty Spire (QoL Compilation)","Pale of the Ancients","Replay The Spire","Shade Mod","StSLib","The Mystic","Wandering Minibosses"],"gold_per_floor":[111,150,150,162,177,177,203,203,203,229,229,25,37,52,52,52,52],"floor_reached":16,"playtime":1256,"items_purged":[],"score":200,"play_id":"ed0d539f-6e17-4687-be62-373c5c55c705","local_time":"20201218142726","is_ascension_mode":true,"campfire_choices":[{"floor":6,"key":"REST"}],"circlet_count":0,"master_deck":["AscendersBane","mysticmod:Strike_Mystic","mysticmod:Strike_Mystic","mysticmod:Strike_Mystic","mysticmod:Strike_Mystic","mysticmod:Defend_Mystic","mysticmod:Defend_Mystic","mysticmod:Defend_Mystic","mysticmod:Defend_Mystic","mysticmod:ArcaneDodge","mysticmod:ShockingGrasp","mysticmod:SummonFamiliar","mysticmod:PowerSlash","mysticmod:PowerSlash","mysticmod:SummonFamiliar+1","mysticmod:ObscuringMist","mysticmod:Momentum","mysticmod:PureInstinct+1","mysticmod:Grease","mysticmod:SuddenClarity","mysticmod:Alacrity"],"relics":["mysticmod:SpellBook","ReplayFunnel","Du-Vu Doll","Happy Flower","Replay:Kaleidoscope","halation:PurpleSoulGem","ReplayTheSpireMod:Ninjato","conspire:GiftBox","Membership Card"],"acts_visited":["Gensokyo:Gensokyo"],"potions_floor_usage":[7],"damage_taken":[{"damage":4,"enemies":"Gensokyo:Python","floor":1,"turns":4},{"damage":42,"enemies":"conspire:MimicChest","floor":2,"turns":12},{"damage":0,"enemies":"Gensokyo:2_Kodama","floor":4,"turns":4},{"damage":0,"enemies":"Gensokyo:Gryphon","floor":5,"turns":2},{"damage":11,"enemies":"Gensokyo:Cirno","floor":7,"turns":6},{"damage":9,"enemies":"Gensokyo:Mamizou","floor":10,"turns":8},{"damage":0,"enemies":"Gensokyo:LivingMonolith","floor":13,"turns":3},{"damage":4,"enemies":"Gensokyo:3_Kodama","floor":14,"turns":6},{"damage":49,"enemies":"Gensokyo:Reimu","floor":16,"turns":19}],"seed_played":"2900876181736631326","potions_obtained":[{"floor":2,"key":"Venom Potion"},{"floor":5,"key":"ColorlessPotion"},{"floor":13,"key":"Languid Potion"}],"is_trial":false,"path_per_floor":["M","?","?","M","M","R","E","?","T","E","?","$","M","M","R_BF","B"],"character_chosen":"MYSTIC_CLASS","items_purchased":["Membership Card","mysticmod:Grease"],"campfire_rested":1,"item_purchase_floors":[12,12],"current_hp_per_floor":[61,19,19,19,19,40,29,29,29,20,20,20,20,16,37,0,0],"gold":52,"neow_bonus":"RANDOM_COMMON_RELIC","is_daily":false,"chose_seed":false,"campfire_upgraded":0,"win_rate":0.0,"timestamp":1608326846,"path_taken":["M","?","?","M","?","R","E","?","T","E","?","?","M","M","R_BF","BOSS"],"items_purchased_type":["Relic","Card"],"build_version":"2020-12-13","purchased_purges":0,"victory":false,"max_hp_per_floor":[72,72,72,72,72,72,72,72,72,72,72,72,72,72,72,72,72],"card_choices":[{"not_picked":["mysticmod:Daze","mysticmod:Shield"],"picked":"mysticmod:SummonFamiliar","floor":1},{"not_picked":["mysticmod:TomeOfSpells","mysticmod:AllIn"],"picked":"mysticmod:Snowball","floor":2},{"not_picked":["mysticmod:SpellCombat","mysticmod:Alacrity"],"picked":"mysticmod:PowerSlash","floor":4},{"not_picked":["mysticmod:VorpalThrust","mysticmod:DiviningBlow"],"picked":"mysticmod:PowerSlash","floor":5},{"not_picked":["mysticmod:PowerSlash","mysticmod:Snowball"],"picked":"mysticmod:SummonFamiliar","floor":7},{"not_picked":["mysticmod:SpellRecall","mysticmod:GreaterInvisibility"],"picked":"mysticmod:ObscuringMist","floor":10},{"not_picked":["mysticmod:PunishingArmor","mysticmod:VorpalThrust"],"picked":"mysticmod:Momentum","floor":10},{"not_picked":["mysticmod:CorrosiveTouch","mysticmod:AllIn"],"picked":"mysticmod:SuddenClarity","floor":13},{"not_picked":["mysticmod:FiveFootStep","mysticmod:Disengage"],"picked":"mysticmod:Alacrity","floor":14}],"player_experience":409989,"relics_obtained":[{"floor":2,"key":"Du-Vu Doll"},{"floor":7,"key":"Replay:Kaleidoscope"},{"floor":9,"key":"ReplayTheSpireMod:Ninjato"},{"floor":10,"key":"conspire:GiftBox"}],"event_choices":[],"is_beta":false,"boss_relics":[],"items_purged_floors":[],"is_endless":false,"potions_floor_spawned":[2,5,13],"killed_by":"Gensokyo:Reimu","ascension_level":20}}