{"host":"kav75jn2167pb2t0","time":1608325352,"event":{"mods":["AchievementEnabler","BaseMod","Colored Map","Colored Powertips","FTL Soundtrack","Minty Spire (QoL Compilation)","Quick Restart","StSLib","SuperFastMode"],"gold_per_floor":[11,30,30,30,30,30,43,57,57,81,81,81,81,95,95,166,166,177,102,27,27,27,55,74,74,74,74,100,100,120,137,137,210,210,228,253,28,75,46,46,46,73,73,105,105,105,105,123,123,123,123,123,123,12,37,37,37],"floor_reached":56,"playtime":2739,"items_purged":["Strike_G","Strike_G"],"score":1904,"play_id":"2a0da553-348c-431d-9c50-ad4d120f9073","local_time":"20201218160232","is_ascension_mode":true,"campfire_choices":[{"data":"Blade Dance","floor":6.0,"key":"SMITH"},{"data":"Deflect","floor":11.0,"key":"SMITH"},{"floor":13.0,"key":"REST"},{"data":"Accuracy","floor":15.0,"key":"SMITH"},{"data":"Accuracy","floor":25.0,"key":"SMITH"},{"data":"Night Terror","floor":27.0,"key":"SMITH"},{"data":"Blade Dance","floor":29.0,"key":"SMITH"},{"floor":32.0,"key":"REST"},{"floor":40.0,"key":"REST"},{"data":"Footwork","floor":41.0,"key":"SMITH"},{"floor":46.0,"key":"RECALL"},{"floor":49.0,"key":"REST"},{"data":"Neutralize","floor":53.0,"key":"SMITH"}],"circlet_count":0,"master_deck":["AscendersBane","Strike_G","Defend_G","Defend_G","Defend_G","Survivor","Neutralize+1","Blade Dance+1","Footwork+1","Blade Dance+1","Deflect+1","Accuracy+1","Night Terror+1","Accuracy+1","Footwork+1","Cloak And Dagger","Finesse","Cloak And Dagger","Cloak And Dagger","Panacea"],"relics":["Ring of the Snake","WingedGreaves","Mango","Odd Mushroom","SlaversCollar","Orichalcum","Ornamental Fan","Bronze Scales","SacredBark","Incense Burner","Du-Vu Doll","Dream Catcher","Torii","Boot"],"acts_visited":["Exordium","TheCity","TheBeyond","TheEnding"],"potions_floor_usage":[55,55],"damage_taken":[{"damage":0.0,"enemies":"2 Louse","floor":1.0,"turns":4.0},{"damage":0.0,"enemies":"Small Slimes","floor":2.0,"turns":2.0},{"damage":0.0,"enemies":"Cultist","floor":7.0,"turns":3.0},{"damage":6.0,"enemies":"Blue Slaver","floor":8.0,"turns":4.0},{"damage":23.0,"enemies":"The Mushroom Lair","floor":10.0,"turns":5.0},{"damage":5.0,"enemies":"Exordium Wildlife","floor":14.0,"turns":6.0},{"damage":24.0,"enemies":"Hexaghost","floor":16.0,"turns":8.0},{"damage":19.0,"enemies":"2 Thieves","floor":18.0,"turns":4.0},{"damage":14.0,"enemies":"Book of Stabbing","floor":23.0,"turns":2.0},{"damage":6.0,"enemies":"Shell Parasite","floor":24.0,"turns":4.0},{"damage":0.0,"enemies":"Slavers","floor":28.0,"turns":4.0},{"damage":3.0,"enemies":"Sentry and Sphere","floor":30.0,"turns":3.0},{"damage":4.0,"enemies":"Centurion and Healer","floor":31.0,"turns":4.0},{"damage":43.0,"enemies":"Collector","floor":33.0,"turns":7.0},{"damage":1.0,"enemies":"3 Shapes","floor":35.0,"turns":6.0},{"damage":29.0,"enemies":"Mind Bloom Boss Battle","floor":36.0,"turns":4.0},{"damage":15.0,"enemies":"2 Orb Walkers","floor":38.0,"turns":4.0},{"damage":3.0,"enemies":"Nemesis","floor":42.0,"turns":7.0},{"damage":0.0,"enemies":"Giant Head","floor":44.0,"turns":7.0},{"damage":1.0,"enemies":"3 Darklings","floor":48.0,"turns":6.0},{"damage":51.0,"enemies":"Time Eater","floor":50.0,"turns":13.0},{"damage":2.0,"enemies":"Donu and Deca","floor":51.0,"turns":11.0},{"damage":59,"enemies":"Shield and Spear","floor":55,"turns":14},{"damage":39,"enemies":"The Heart","floor":56,"turns":2}],"seed_played":"-2338912951172965424","potions_obtained":[{"floor":2.0,"key":"Dexterity Potion"},{"floor":10.0,"key":"PowerPotion"},{"floor":16.0,"key":"CunningPotion"},{"floor":18.0,"key":"Regen Potion"},{"floor":24.0,"key":"SneckoOil"},{"floor":28.0,"key":"AttackPotion"},{"floor":30.0,"key":"Explosive Potion"},{"floor":38.0,"key":"LiquidMemories"},{"floor":42.0,"key":"Ancient Potion"}],"is_trial":false,"path_per_floor":["M","M","?","?","?","R","M","M","T","?","R","?","R","M","R","B",null,"M","?","$","?","?","E","M","R","T","R","E","R","M","M","R","B",null,"M","?","$","?","$","R","R","E","T","E","?","R","?","M","R","B","B",null,"R","$","E","B"],"character_chosen":"THE_SILENT","items_purchased":["Cloak And Dagger","Finesse","Cloak And Dagger","PowerPotion","SteroidPotion"],"campfire_rested":4,"item_purchase_floors":[37,37,39,54,54],"current_hp_per_floor":[59,59,59,33,33,33,33,27,41,18,18,18,42,37,37,13,63,44,44,44,44,44,35,29,29,29,29,29,29,26,22,46,3,61,60,31,31,16,16,40,40,37,37,37,37,37,37,36,60,9,7,62,62,62,3,0,0],"gold":37,"neow_bonus":"TRANSFORM_TWO_CARDS","is_daily":false,"chose_seed":false,"campfire_upgraded":8,"win_rate":0.0,"timestamp":1608325352,"path_taken":["M","M","?","?","?","R","M","?","T","?","R","?","R","M","R","BOSS","M","?","$","?","?","E","M","R","T","R","E","R","M","?","R","BOSS","M","?","$","?","$","R","R","E","T","E","?","R","?","M","R","BOSS","BOSS","R","$","E","BOSS"],"items_purchased_type":["Card","Card","Card","Potion","Potion"],"build_version":"2020-12-13","purchased_purges":2,"victory":false,"max_hp_per_floor":[66,66,66,66,66,66,66,66,80,80,80,80,80,80,80,80,80,80,80,80,80,80,80,80,80,80,80,80,80,80,80,80,80,80,80,80,80,80,80,80,80,80,80,80,80,80,80,80,80,80,80,80,80,80,80,80,80],"card_choices":[{"not_picked":["Flying Knee","Expertise","Deadly Poison"],"picked":"SKIP","floor":1.0},{"not_picked":["Quick Slash","Dagger Spray","Noxious Fumes"],"picked":"SKIP","floor":2.0},{"not_picked":["Dodge and Roll","Bouncing Flask"],"picked":"Footwork","floor":7.0},{"not_picked":["Flying Knee","PiercingWail"],"picked":"Blade Dance","floor":8.0},{"not_picked":["Deadly Poison","Skewer"],"picked":"Deflect","floor":10.0},{"not_picked":["Bouncing Flask","Blade Dance"],"picked":"Accuracy","floor":14.0},{"not_picked":["Malaise","Corpse Explosion"],"picked":"Night Terror","floor":16.0},{"not_picked":["Dagger Spray","Skewer","Poisoned Stab"],"picked":"SKIP","floor":18.0},{"not_picked":["Setup","Tactician+1"],"picked":"Accuracy","floor":23.0},{"not_picked":["Noxious Fumes","Masterful Stab","Outmaneuver"],"picked":"SKIP","floor":24.0},{"not_picked":["Prepared","Flying Knee","Noxious Fumes+1"],"picked":"SKIP","floor":28.0},{"not_picked":["Outmaneuver","Acrobatics","Dagger Spray"],"picked":"SKIP","floor":30.0},{"not_picked":["Poisoned Stab+1","Flechettes","Sucker Punch"],"picked":"SKIP","floor":31.0},{"not_picked":["Bane","Dodge and Roll"],"picked":"Footwork","floor":35.0},{"not_picked":["Tactician+1","Flying Knee"],"picked":"Cloak And Dagger","floor":38.0},{"not_picked":["Choke","Setup","Acrobatics"],"picked":"SKIP","floor":42.0},{"not_picked":["Tactician","Noxious Fumes","Outmaneuver"],"picked":"SKIP","floor":44.0},{"not_picked":["Secret Weapon","PanicButton"],"picked":"Panacea","floor":45.0},{"not_picked":["Footwork","Deadly Poison","Catalyst"],"picked":"SKIP","floor":48.0},{"not_picked":["Dagger Throw","Flying Knee+1","Heel Hook+1"],"picked":"SKIP","floor":55}],"player_experience":561458,"relics_obtained":[{"floor":9.0,"key":"Mango"},{"floor":10.0,"key":"Odd Mushroom"},{"floor":23.0,"key":"Orichalcum"},{"floor":26.0,"key":"Ornamental Fan"},{"floor":28.0,"key":"Bronze Scales"},{"floor":36.0,"key":"Incense Burner"},{"floor":38.0,"key":"Du-Vu Doll"},{"floor":42.0,"key":"Dream Catcher"},{"floor":44.0,"key":"Torii"},{"floor":55,"key":"Boot"}],"event_choices":[{"cards_removed":["Strike_G"],"damage_healed":0.0,"max_hp_gain":0.0,"max_hp_loss":0.0,"gold_gain":0.0,"event_name":"Living Wall","player_choice":"Forget","floor":3.0,"gold_loss":0.0,"damage_taken":0.0},{"damage_healed":0.0,"max_hp_gain":0.0,"max_hp_loss":0.0,"gold_gain":0.0,"event_name":"Scrap Ooze","player_choice":"Success","floor":4.0,"gold_loss":0.0,"damage_taken":26.0,"relics_obtained":["WingedGreaves"]},{"damage_healed":0.0,"max_hp_gain":0.0,"max_hp_loss":0.0,"gold_gain":0.0,"event_name":"Match and Keep!","player_choice":"0 cards matched","floor":5.0,"gold_loss":0.0,"damage_taken":0.0,"cards_obtained":[]},{"damage_healed":0.0,"max_hp_gain":0.0,"max_hp_loss":0.0,"gold_gain":0.0,"event_name":"Mushrooms","player_choice":"Fought Mushrooms","floor":10.0,"gold_loss":0.0,"damage_taken":0.0},{"damage_healed":0.0,"max_hp_gain":0.0,"max_hp_loss":0.0,"gold_gain":0.0,"event_name":"Shining Light","player_choice":"Ignored","floor":12.0,"gold_loss":0.0,"damage_taken":0.0},{"cards_removed":["Underhanded Strike"],"damage_healed":0.0,"max_hp_gain":0.0,"max_hp_loss":0.0,"gold_gain":0.0,"event_name":"Beggar","player_choice":"Gave Gold","floor":19.0,"gold_loss":75.0,"damage_taken":0.0},{"damage_healed":0.0,"max_hp_gain":0.0,"max_hp_loss":0.0,"gold_gain":0.0,"event_name":"The Mausoleum","player_choice":"Ignored","floor":21.0,"gold_loss":0.0,"damage_taken":0.0},{"cards_removed":["Defend_G"],"damage_healed":0.0,"max_hp_gain":0.0,"max_hp_loss":0.0,"gold_gain":0.0,"event_name":"Purifier","player_choice":"Purged","floor":22.0,"gold_loss":0.0,"damage_taken":0.0},{"damage_healed":0.0,"max_hp_gain":0.0,"max_hp_loss":0.0,"gold_gain":0.0,"event_name":"MindBloom","player_choice":"Fight","floor":36.0,"gold_loss":0.0,"damage_taken":0.0},{"damage_healed":0.0,"max_hp_gain":0.0,"max_hp_loss":0.0,"gold_gain":0.0,"event_name":"Mysterious Sphere","player_choice":"Fight","floor":38.0,"gold_loss":0.0,"damage_taken":0.0},{"damage_healed":0.0,"max_hp_gain":0.0,"max_hp_loss":0.0,"gold_gain":0.0,"event_name":"SensoryStone","player_choice":"Memory 1","floor":45.0,"gold_loss":0.0,"damage_taken":0.0},{"damage_healed":0.0,"max_hp_gain":0.0,"max_hp_loss":0.0,"gold_gain":0.0,"event_name":"Accursed Blacksmith","player_choice":"Forge","floor":47.0,"gold_loss":0.0,"damage_taken":0.0,"cards_upgraded":["Footwork"]}],"is_beta":false,"boss_relics":[{"not_picked":["Tiny House","Sozu"],"picked":"SlaversCollar"},{"not_picked":["Velvet Choker","Fusion Hammer"],"picked":"SacredBark"}],"items_purged_floors":[20,37],"is_endless":false,"potions_floor_spawned":[2,10,16,18,24,28,30,38,42],"killed_by":"The Heart","ascension_level":20}}