{"host":"r0ye8pdzuq6zwfvs","time":1608286738,"event":{"mods":["AchievementEnabler","BaseMod","BetterRewards","CapriCore","Card Forge","Colored Map","Colored Powertips","Custom Start","DeckTracker","HololiveMod","Luminous","Minty Spire (QoL Compilation)","Permanent Neow","Prisma Mod","Quick Restart","Relic Stats","Robot Space Explorer","Shop Mod","Spicy Shops","StSLib","SuperFastMode","Swap Starting Deck Mod","The Alterego","The Immortal","Uncapped"],"gold_per_floor":[99,99,99,99,99,99,99],"floor_reached":6,"playtime":1584,"items_purged":[],"score":125,"play_id":"4d4f9d74-1089-483c-bec0-6d14d72b41cc","local_time":"20201218031858","daily_mods":["Flight"],"is_ascension_mode":false,"campfire_choices":[],"circlet_count":0,"master_deck":["PrismaMod:MiyuCheapDefend1+1","PrismaMod:MiyuCheapDefend1+1","PrismaMod:MiyuCheapDefend1+1","PrismaMod:MiyuBride+1","PrismaMod:MiyuBride+1","PrismaMod:MiyuChristmas+1","PrismaMod:MiyuChristmas+1","PrismaMod:IllyaUberAttackChannel+1","PrismaMod:IllyaUberDefendChannel+1","Capacitor+1","PrismaMod:IllyaInstallCaster","PrismaMod:MiyuUncommonStrBuff+1","PrismaMod:MiyuUncommonStrBuff+1","PrismaMod:MiyuUncommonStrBuff+1"],"relics":["PrismaMod:PrismaSapphire","Hammer of Thor","Seething Fire","Anvil of the Gods","Anchor","Bag of Preparation","Calipers","Fusion Hammer","Ectoplasm"],"acts_visited":["Exordium"],"potions_floor_usage":[],"damage_taken":[{"damage":0,"enemies":"Small Slimes","floor":1,"turns":2},{"damage":0,"enemies":"Jaw Worm","floor":2,"turns":1},{"damage":0,"enemies":"Cultist","floor":3,"turns":1},{"damage":0,"enemies":"Red Slaver","floor":4,"turns":2},{"damage":0,"enemies":"3 Louse","floor":5,"turns":4},{"damage":0,"enemies":"Gremlin Nob","floor":6,"turns":2}],"seed_played":"495278055292574973","potions_obtained":[{"floor":1,"key":"Regen Potion"},{"floor":5,"key":"DuplicationPotion"},{"floor":6,"key":"SpeedPotion"}],"is_trial":true,"path_per_floor":["M","M","M","M","M","E"],"character_chosen":"MIYU","items_purchased":[],"campfire_rested":0,"item_purchase_floors":[],"current_hp_per_floor":[75,75,75,75,75,75,75],"gold":99,"neow_bonus":"","is_daily":false,"chose_seed":false,"campfire_upgraded":0,"win_rate":0.0,"timestamp":1608286738,"path_taken":["M","M","M","M","M","E"],"items_purchased_type":[],"build_version":"2020-12-13","purchased_purges":0,"victory":false,"max_hp_per_floor":[75,75,75,75,75,75,75],"relic_stats":{"counters":[6,12],"Ectoplasm":94,"Bag of Preparation":[12],"obtain_stats":[{"Anchor":0,"Calipers":0,"PrismaMod:PrismaSapphire":0,"Anvil of the Gods":0,"Hammer of Thor":0,"Fusion Hammer":0,"Ectoplasm":0,"Bag of Preparation":0,"Seething Fire":0},{"Anchor":0,"Calipers":0,"PrismaMod:PrismaSapphire":0,"Anvil of the Gods":0,"Hammer of Thor":0,"Fusion Hammer":0,"Ectoplasm":0,"Bag of Preparation":0,"Seething Fire":0},{"Anchor":0,"Calipers":0,"PrismaMod:PrismaSapphire":0,"Anvil of the Gods":0,"Hammer of Thor":0,"Fusion Hammer":0,"Ectoplasm":0,"Bag of Preparation":0,"Seething Fire":0}]},"card_choices":[{"not_picked":["PrismaMod:MiyuCheapChannelWeak","PrismaMod:MiyuUncommonAttack","PrismaMod:MiyuCheapAttack1"],"picked":"SKIP","floor":1},{"not_picked":["PrismaMod:MiyuUberAOEAttack","PrismaMod:MiyuCheapPlate","PrismaMod:MiyuUncommonDefend"],"picked":"SKIP","floor":2},{"not_picked":["PrismaMod:MiyuCheapStrBuff","PrismaMod:MiyuUncommonDexBuff","PrismaMod:MiyuCheapEvoke"],"picked":"SKIP","floor":3},{"not_picked":["PrismaMod:MiyuCheapChannelDefend","PrismaMod:MiyuCheapChannelVul","PrismaMod:MiyuMaid"],"picked":"SKIP","floor":4},{"not_picked":["PrismaMod:MiyuUncommonDexBuff","PrismaMod:MiyuEvokeBuffStr","PrismaMod:MiyuUncommonStrBuff"],"picked":"SKIP","floor":5},{"not_picked":["PrismaMod:MiyuEvokeBuffDex","PrismaMod:MiyuCheapEvoke","PrismaMod:MiyuEvokeAll"],"picked":"SKIP","floor":6},{"not_picked":["PrismaMod:MiyuEvokeBuffDex","PrismaMod:MiyuCheapEvoke","PrismaMod:MiyuEvokeAll"],"picked":"SKIP","floor":6}],"player_experience":209623,"relics_obtained":[],"event_choices":[],"is_beta":false,"boss_relics":[],"items_purged_floors":[],"is_endless":true,"potions_floor_spawned":[1,5,6],"killed_by":"Gremlin Nob","ascension_level":0}}