{"host":"dr5ef424til0p8zn","time":1608326852,"event":{"mods":["2.2 Compatiblity","Act Like it!","BaseMod","Better Skull","Gremlin Skip","Hallownest","Hermit","Minty Spire (QoL Compilation)","Shade Mod","StSLib","Td1madao Mod","The Bug Knight","The Hierophant"],"gold_per_floor":[144,189,234,279,129,219,264,264,289,379,424,469,14,104,104,404,554,599,299,299,299,299,299],"floor_reached":22,"playtime":1483,"items_purged":["Decay"],"score":306,"play_id":"7be2fc3e-d02f-4ee1-976b-6610b06b4908","local_time":"20201218222732","daily_mods":["Draft","Colorless Cards","Midas"],"is_ascension_mode":false,"campfire_choices":[{"floor":15,"key":"REST"}],"circlet_count":0,"master_deck":["Wireheading+1","JustLucky","Protect","WaveOfTheHand","Vengeance+1","ClearTheMind","EmptyBody","PathToVictory","Forethought","BowlingBash","Prostrate+1","FlurryOfBlows","Consecrate","ClearTheMind","Crescendo","FlurryOfBlows","SignatureMove","Deep Breath+1","Prostrate+1","CutThroughFate","BattleHymn","Alpha","Vault","ThirdEye+1","Nirvana","ThirdEye+1"],"relics":["PureWater","Chemical X","Bag of Marbles","Happy Flower","Turnip","OrangePellets","Juzu Bracelet","Peace Pipe","Tiny House","Orichalcum","Orrery"],"acts_visited":["Exordium","Hallownest:CityofTears"],"potions_floor_usage":[11,12,14],"damage_taken":[{"damage":0,"enemies":"Small Slimes","floor":1,"turns":3},{"damage":6,"enemies":"Cultist","floor":2,"turns":3},{"damage":3,"enemies":"2 Louse","floor":3,"turns":2},{"damage":0,"enemies":"Blue Slaver","floor":4,"turns":1},{"damage":0,"enemies":"Gremlin Nob","floor":6,"turns":2},{"damage":9,"enemies":"Red Slaver","floor":7,"turns":2},{"damage":0,"enemies":"HollowMod:MossKnight","floor":10,"turns":2},{"damage":3,"enemies":"Looter","floor":11,"turns":2},{"damage":5,"enemies":"Exordium Wildlife","floor":12,"turns":3},{"damage":0,"enemies":"Lagavulin","floor":14,"turns":2},{"damage":38,"enemies":"Hexaghost","floor":16,"turns":6},{"damage":10,"enemies":"Hallownest:2_Mistakes","floor":18,"turns":3},{"damage":24,"enemies":"Hallownest:3_Youths","floor":22,"turns":2}],"seed_played":"4511563792049188764","potions_obtained":[{"floor":1,"key":"SpeedPotion"},{"floor":2,"key":"Dexterity Potion"},{"floor":7,"key":"Strength Potion"},{"floor":11,"key":"GamblersBrew"},{"floor":14,"key":"Fruit Juice"}],"is_trial":false,"path_per_floor":["M","M","M","M","$","E","M","?","T","E","M","M","$","E","R","B",null,"M","$","?","?","M"],"character_chosen":"WATCHER","items_purchased":["Chemical X","OrangePellets","Juzu Bracelet","BattleHymn","Orichalcum","Orrery"],"campfire_rested":1,"item_purchase_floors":[5,13,13,13,19,19],"current_hp_per_floor":[72,66,63,63,63,63,54,54,54,54,51,46,46,51,74,36,82,72,72,82,17,0,0],"gold":299,"neow_bonus":"","is_daily":true,"chose_seed":false,"campfire_upgraded":0,"win_rate":0.0,"timestamp":1608326852,"path_taken":["M","M","M","M","$","E","M","?","T","E","M","?","$","E","R","BOSS","M","$","?","?","M"],"items_purchased_type":["Relic","Relic","Relic","Card","Relic","Relic"],"build_version":"2020-12-13","purchased_purges":1,"victory":false,"max_hp_per_floor":[72,72,72,72,72,72,72,72,72,72,72,72,72,77,77,77,82,82,82,82,82,82,82],"card_choices":[{"not_picked":["LikeWater","WheelKick"],"picked":"Wireheading","floor":0},{"not_picked":["ThirdEye","Swivel"],"picked":"JustLucky","floor":0},{"not_picked":["CrushJoints","Halt"],"picked":"Protect","floor":0},{"not_picked":["Protect","ClearTheMind"],"picked":"WaveOfTheHand","floor":0},{"not_picked":["DeceiveReality","CarveReality"],"picked":"Vengeance","floor":0},{"not_picked":["WreathOfFlame","BowlingBash"],"picked":"ClearTheMind","floor":0},{"not_picked":["EmptyFist","FearNoEvil"],"picked":"EmptyBody","floor":0},{"not_picked":["Protect","Worship"],"picked":"PathToVictory","floor":0},{"not_picked":["Halt","JustLucky"],"picked":"Forethought","floor":0},{"not_picked":["EmptyBody","DeceiveReality"],"picked":"BowlingBash","floor":0},{"not_picked":["BowlingBash","ClearTheMind"],"picked":"Prostrate","floor":0},{"not_picked":["PathToVictory","WindmillStrike"],"picked":"FlurryOfBlows","floor":0},{"not_picked":["JustLucky","Protect"],"picked":"Consecrate","floor":0},{"not_picked":["JustLucky","FlyingSleeves"],"picked":"ClearTheMind","floor":0},{"not_picked":["Mind Blast","Study"],"picked":"Crescendo","floor":0},{"not_picked":["Halt","Perseverance"],"picked":"FlurryOfBlows","floor":1},{"not_picked":["ClearTheMind","Crescendo","FlurryOfBlows"],"picked":"SKIP","floor":2},{"not_picked":["Purity","ThirdEye"],"picked":"SignatureMove","floor":3},{"not_picked":["Perseverance","CrushJoints"],"picked":"Deep Breath","floor":4},{"not_picked":["Halt","Protect","Dramatic Entrance"],"picked":"SKIP","floor":6},{"not_picked":["Discovery","Nirvana"],"picked":"Prostrate","floor":7},{"not_picked":["Adaptation","Fasting2"],"picked":"CutThroughFate","floor":10},{"not_picked":["Swivel","Mind Blast","Halt"],"picked":"SKIP","floor":11},{"not_picked":["FlyingSleeves","FlurryOfBlows","SashWhip"],"picked":"SKIP","floor":12},{"not_picked":["ThirdEye","Prostrate"],"picked":"Alpha","floor":14},{"not_picked":["Chrysalis","Panache"],"picked":"Vault","floor":16},{"not_picked":["Evaluate","Protect","BattleHymn"],"picked":"SKIP","floor":18},{"not_picked":["Study","EmptyFist"],"picked":"ThirdEye+1","floor":19},{"not_picked":["PanicButton","SignatureMove"],"picked":"Nirvana","floor":19},{"not_picked":["FollowUp+1","DeceiveReality"],"picked":"ThirdEye+1","floor":19}],"player_experience":426636,"relics_obtained":[{"floor":6,"key":"Bag of Marbles"},{"floor":9,"key":"Happy Flower"},{"floor":10,"key":"Turnip"},{"floor":14,"key":"Peace Pipe"}],"event_choices":[{"damage_healed":0,"gold_gain":0,"player_choice":"Cursed","damage_taken":0,"max_hp_gain":0,"max_hp_loss":0,"event_name":"Wheel of Change","floor":8,"gold_loss":0,"cards_obtained":["Decay"]},{"damage_healed":0,"gold_gain":0,"player_choice":"UP UP UP UP ","damage_taken":73,"relics_obtained":[],"max_hp_gain":0,"max_hp_loss":0,"event_name":"betterSkull:BetterSkull","floor":21,"gold_loss":0,"cards_upgraded":["Wireheading","Deep Breath","Prostrate","Prostrate"]}],"is_beta":false,"boss_relics":[{"not_picked":["SacredBark","Ectoplasm"],"picked":"Tiny House"}],"items_purged_floors":[13],"is_endless":false,"potions_floor_spawned":[1,2,7,11,14],"killed_by":"Hallownest:3_Youths","ascension_level":0}}