{"host":"r2b8ojg4o4pyvjvq","time":1608330897,"event":{"mods":["BaseMod","Colored Map","Downfall","Highlight Path","Hubris","Marisa????????","Minty Spire (QoL Compilation)","Quick Restart","Replay The Spire","StSLib","SuperFastMode"],"gold_per_floor":[118,193,211,211,231,231,231,231,251,251,304,46,46,58,69,69,69,165,165,185,185,195,195,195,195,195,40,121,141,141,141],"floor_reached":30,"playtime":824,"items_purged":[],"score":262,"play_id":"30e09e2b-2ab1-4120-b84f-e559f5e0c2a0","local_time":"20201218233457","is_ascension_mode":true,"campfire_choices":[{"data":"Eruption","floor":6.0,"key":"SMITH"},{"data":"Vigilance","floor":10.0,"key":"SMITH"},{"floor":13.0,"key":"REST"},{"floor":17.0,"key":"REST"},{"floor":25.0,"key":"REST"}],"circlet_count":0,"master_deck":["Strike_P","Strike_P","Strike_P","Strike_P","Defend_P+1","Defend_P+1","Defend_P","Defend_P","Eruption+1","Vigilance+1","BowlingBash","Consecrate","ThirdEye","JustLucky+1","CrushJoints","EmptyFist+1","Vault","CutThroughFate","LessonLearned","Wish"],"relics":["PureWater","Regal Pillow","Pet Ghost","Gremlin Food","Bottled Flame","Velvet Choker","Ring of Searing","ReplayTheSpireMod:Shallot","Mirror"],"acts_visited":["Exordium","TheCity"],"potions_floor_usage":[],"damage_taken":[{"damage":14.0,"enemies":"Jaw Worm","floor":1.0,"turns":3.0},{"damage":0.0,"enemies":"Cultist","floor":3.0,"turns":3.0},{"damage":3.0,"enemies":"2 Louse","floor":5.0,"turns":2.0},{"damage":0.0,"enemies":"Exordium Thugs","floor":9.0,"turns":2.0},{"damage":2.0,"enemies":"3 Louse","floor":14.0,"turns":2.0},{"damage":21.0,"enemies":"Blue Slaver","floor":15.0,"turns":2.0},{"damage":45.0,"enemies":"Hexaghost","floor":18.0,"turns":11.0},{"damage":7.0,"enemies":"Shell Parasite","floor":20.0,"turns":10.0},{"damage":19.0,"enemies":"Chosen","floor":22.0,"turns":2.0},{"damage":7.0,"enemies":"Centurion and Healer","floor":29.0,"turns":4.0},{"damage":36,"enemies":"Book of Stabbing","floor":30,"turns":7}],"seed_played":"2267326518377135201","potions_obtained":[{"floor":5.0,"key":"Swift Potion"},{"floor":14.0,"key":"AttackPotion"},{"floor":15.0,"key":"sneckomod:MuddlingPotion"},{"floor":22.0,"key":"SpeedPotion"}],"is_trial":false,"path_per_floor":["M","?","M","?","M","R","PTL","PTL","M","R","T","$","R","M","M","$","R","B",null,"M","?","M","?","T","R","?","$","T","M","E"],"character_chosen":"WATCHER","items_purchased":["Bottled Flame","LessonLearned"],"campfire_rested":3,"item_purchase_floors":[12,27],"current_hp_per_floor":[58,47,47,44,41,41,41,41,41,41,41,41,72,70,49,49,72,27,72,65,65,46,46,46,72,59,59,59,52,16,16],"gold":141,"neow_bonus":"RANDOM_COMMON_RELIC","is_daily":false,"chose_seed":false,"campfire_upgraded":2,"win_rate":0.0,"timestamp":1608330897,"path_taken":["M","?","M","?","M","R","PTL","PTL","M","R","T","$","R","M","?","?","R","BOSS","M","?","M","?","?","R","?","$","T","M","E"],"items_purchased_type":["Relic","Card"],"build_version":"2020-12-13","purchased_purges":0,"victory":false,"max_hp_per_floor":[72,72,72,72,72,72,72,72,72,72,72,72,72,72,72,72,72,72,72,72,72,72,72,72,72,77,77,77,77,77,77],"card_choices":[{"not_picked":["EmptyBody","PathToVictory"],"picked":"BowlingBash","floor":1.0},{"not_picked":["EmptyBody","Replay:ManipulateFuture"],"picked":"Consecrate","floor":3.0},{"not_picked":["ClearTheMind","Protect"],"picked":"ThirdEye","floor":5.0},{"not_picked":["ClearTheMind","LikeWater"],"picked":"JustLucky","floor":9.0},{"not_picked":["Replay:Cycle","Replay:Anticipation"],"picked":"CrushJoints","floor":14.0},{"not_picked":["EmptyBody","CrushJoints"],"picked":"EmptyFist","floor":15.0},{"not_picked":["MasterReality","Blasphemy"],"picked":"Vault","floor":18.0},{"not_picked":["CrushJoints","ClearTheMind","Protect"],"picked":"SKIP","floor":20.0},{"not_picked":["Worship+1","SandsOfTime"],"picked":"CutThroughFate","floor":22.0},{"not_picked":["FlyingSleeves+1","WindmillStrike+1"],"picked":"Wish","floor":29.0}],"player_experience":460767,"relics_obtained":[{"floor":11.0,"key":"Gremlin Food"},{"floor":23.0,"key":"Ring of Searing"},{"floor":24.0,"key":"ReplayTheSpireMod:Shallot"},{"floor":28.0,"key":"Mirror"}],"event_choices":[{"damage_healed":0.0,"max_hp_gain":0.0,"max_hp_loss":0.0,"gold_gain":75.0,"event_name":"World of Goop","player_choice":"Gather Gold","floor":2.0,"gold_loss":0.0,"damage_taken":11.0},{"damage_healed":0.0,"max_hp_gain":0.0,"max_hp_loss":0.0,"gold_gain":0.0,"event_name":"Scrap Ooze","player_choice":"Success","floor":4.0,"gold_loss":0.0,"damage_taken":3.0,"relics_obtained":["Pet Ghost"]},{"damage_healed":0.0,"max_hp_gain":0.0,"max_hp_loss":0.0,"gold_gain":0.0,"event_name":"Ghosts","player_choice":"Ignored","floor":21.0,"gold_loss":0.0,"damage_taken":0.0},{"damage_healed":0.0,"max_hp_gain":5.0,"max_hp_loss":0.0,"gold_gain":0.0,"event_name":"Forgotten Altar","player_choice":"Shed Blood","floor":26.0,"gold_loss":0.0,"damage_taken":18.0}],"is_beta":false,"boss_relics":[{"not_picked":["Philosopher\u0027s Stone","HolyWater"],"picked":"Velvet Choker"}],"items_purged_floors":[],"is_endless":false,"potions_floor_spawned":[5,14,15,22],"killed_by":"Book of Stabbing","ascension_level":4}}