{"host":"h2kd9fh9k05klpg6","time":1608261660,"event":{"mods":["AchievementEnabler","Act Like it!","BaseMod","Better Third Choice","BetterRewards","Card Forge","Minty Spire (QoL Compilation)","Permanent Neow","Quick Restart","Replay The Spire","StSLib"],"gold_per_floor":[110,110,110,127,127,127,127,127,127,152,164,194,204,204,204,308,308,321,321,321,178,198,227,227,257,284,296,43,77,90,108,108,204,204,217,217,229,244,244,244,255,274,298,333,345,345,355,259,259,259],"floor_reached":51,"playtime":3823,"items_purged":["Looming Evil"],"score":1379,"play_id":"cdb1a709-61de-4562-b553-8048d9a8e0aa","local_time":"20201217222100","is_ascension_mode":true,"campfire_choices":[{"floor":6,"key":"RECALL"},{"floor":8,"key":"REST"}],"circlet_count":0,"master_deck":["Strike_P+1","Strike_P+1","Defend_P+1","Vigilance+1","FollowUp+1","DeusExMachina+1","CutThroughFate+1","Brilliance+1","Devotion+1","Replay:DivineShield+1","Prostrate+1","Replay:Vibes+1","FlurryOfBlows+1","Ragnarok+1","Feed+1"],"relics":["Hammer of Thor","Seething Fire","Anvil of the Gods","Thread and Needle","ReplayTheSpireMod:Shallot","ReplayTheSpireMod:CursedCoin","Du-Vu Doll","Ring of Misfortune","Ring of Fury","Yang","Chameleon Ring","Replay:Towering Pillar of Hats","Replay:M_StaffOfTheSnake","Coffee Dripper","Singing Bowl","Pen Nib","Replay:Rubber Ducky","Shuriken","Bag of Marbles","Gremlin Horn","Whetstone","Runic Pyramid","Bag of Preparation","ReplayFunnel","Vajra"],"acts_visited":["Exordium","TheCity","TheBeyond"],"potions_floor_usage":[10,16,16,25,29,31,33,33,33,41,50,50],"damage_taken":[{"damage":0,"enemies":"Jaw Worm","floor":1,"turns":2},{"damage":0,"enemies":"2 Louse","floor":4,"turns":2},{"damage":0,"enemies":"Lagavulin","floor":10,"turns":3},{"damage":0,"enemies":"Small Slimes","floor":11,"turns":1},{"damage":0,"enemies":"Gremlin Nob","floor":12,"turns":3},{"damage":0,"enemies":"Red Slaver","floor":13,"turns":2},{"damage":0,"enemies":"Fading Forest","floor":16,"turns":11},{"damage":0,"enemies":"Spheric Guardian","floor":18,"turns":3},{"damage":0,"enemies":"Chosen","floor":22,"turns":3},{"damage":0,"enemies":"Book of Stabbing","floor":23,"turns":4},{"damage":0,"enemies":"Gremlin Leader","floor":25,"turns":3},{"damage":0,"enemies":"Snake Plant","floor":27,"turns":2},{"damage":0,"enemies":"Slavers","floor":29,"turns":3},{"damage":0,"enemies":"3 Cultists","floor":30,"turns":3},{"damage":0,"enemies":"Cultist and Chosen","floor":31,"turns":4},{"damage":0,"enemies":"Collector","floor":33,"turns":2},{"damage":10,"enemies":"3 Darklings","floor":35,"turns":3},{"damage":3,"enemies":"3 Shapes","floor":37,"turns":6},{"damage":0,"enemies":"Jaw Worm Horde","floor":38,"turns":2},{"damage":0,"enemies":"Transient","floor":41,"turns":5},{"damage":0,"enemies":"4 Shapes","floor":42,"turns":3},{"damage":0,"enemies":"Nemesis","floor":44,"turns":3},{"damage":0,"enemies":"Maw","floor":45,"turns":3},{"damage":0,"enemies":"Transient","floor":47,"turns":5},{"damage":0,"enemies":"Donu and Deca","floor":50,"turns":2}],"seed_played":"8421927341321451785","potions_obtained":[{"floor":4,"key":"Fire Potion"},{"floor":11,"key":"BottledMiracle"},{"floor":12,"key":"Elixir"},{"floor":13,"key":"Swift Potion"},{"floor":15,"key":"Death Potion"},{"floor":22,"key":"SteroidPotion"},{"floor":23,"key":"Milkshake"},{"floor":24,"key":"Dexterity Potion"},{"floor":27,"key":"Block Potion"},{"floor":30,"key":"LiquidBronze"},{"floor":31,"key":"SpeedPotion"},{"floor":32,"key":"Flashbang"},{"floor":32,"key":"SkillPotion"},{"floor":35,"key":"FairyPotion"},{"floor":38,"key":"SmokeBomb"},{"floor":40,"key":"AttackPotion"},{"floor":40,"key":"ColorlessPotion"},{"floor":41,"key":"BlessingOfTheForge"},{"floor":46,"key":"Flashbang"},{"floor":46,"key":"SkillPotion"}],"is_trial":false,"path_per_floor":["M","$","?","M","?","R","$","R","T","E","M","E","M","?","R","B",null,"M","?","?","$","M","E","R","E","T","M","$","E","M","M","R","B",null,"M","?","M","M","?","R","M","M","T","E","M","R","M","$","R","B",null],"character_chosen":"WATCHER","items_purchased":["ReplayTheSpireMod:Shallot","ReplayTheSpireMod:CursedCoin","Pen Nib","Gremlin Horn","Ambrosia"],"campfire_rested":1,"item_purchase_floors":[0,0,21,28,48],"current_hp_per_floor":[40,40,40,40,40,40,40,61,61,61,61,61,61,61,61,72,72,72,59,59,59,61,63,63,65,65,67,67,69,71,73,73,75,93,85,87,86,88,88,88,90,92,92,92,94,94,96,96,96,100],"gold":259,"neow_bonus":"","is_daily":false,"chose_seed":false,"campfire_upgraded":0,"win_rate":0.0,"timestamp":1608261660,"path_taken":["M","$","?","M","?","R","?","R","T","E","M","E","M","?","R","BOSS","M","?","?","$","M","E","R","E","T","?","?","E","M","M","R","BOSS","M","?","?","M","?","R","?","M","T","E","M","R","M","$","R","BOSS"],"items_purchased_type":["Relic","Relic","Relic","Relic","Potion"],"build_version":"2020-12-13","purchased_purges":1,"victory":true,"max_hp_per_floor":[72,72,72,72,72,72,72,72,72,72,72,72,72,72,72,72,72,72,77,77,77,79,81,81,83,83,85,85,87,89,91,91,93,93,95,97,99,101,101,101,103,105,105,105,107,107,109,109,109,113],"card_choices":[{"not_picked":["Prostrate","EmptyMind","Crescendo"],"picked":"SKIP","floor":1},{"not_picked":["Pray","PathToVictory","SignatureMove"],"picked":"SKIP","floor":4},{"not_picked":["Alpha","Crescendo","FollowUp"],"picked":"SKIP","floor":10},{"not_picked":["Wireheading","Conclude","Replay:DivineShield"],"picked":"SKIP","floor":11},{"not_picked":["PathToVictory","CutThroughFate","BowlingBash"],"picked":"SKIP","floor":12},{"not_picked":["JustLucky","Crescendo","Adaptation"],"picked":"SKIP","floor":13},{"not_picked":["Halt","Protect","Perseverance"],"picked":"SKIP","floor":18},{"not_picked":["Replay:BluntJabs","Replay:Anticipation","JustLucky"],"picked":"Singing Bowl","floor":22},{"not_picked":["Replay:AtTheReady+1","Collect","InnerPeace"],"picked":"Singing Bowl","floor":23},{"not_picked":["EmptyFist","BowlingBash","Vengeance"],"picked":"Singing Bowl","floor":25},{"not_picked":["ThirdEye","LikeWater","Halt+1"],"picked":"Singing Bowl","floor":27},{"not_picked":["JustLucky+1","Replay:BluntJabs+1","Judgement"],"picked":"Singing Bowl","floor":29},{"not_picked":["SignatureMove","SashWhip+1","PathToVictory+1"],"picked":"Singing Bowl","floor":30},{"not_picked":["Crescendo+1","ThirdEye+1","FlurryOfBlows"],"picked":"Singing Bowl","floor":31},{"not_picked":["ConjureBlade","DevaForm","Devotion"],"picked":"Singing Bowl","floor":33},{"not_picked":["PathToVictory","ThirdEye","Replay:AtTheReady+1"],"picked":"Singing Bowl","floor":35},{"not_picked":["Good Instincts","Impatience","Blind"],"picked":"Singing Bowl","floor":36},{"not_picked":["Tantrum","PathToVictory","Weave"],"picked":"Singing Bowl","floor":37},{"not_picked":["SandsOfTime+1","FollowUp","Adaptation"],"picked":"Singing Bowl","floor":38},{"not_picked":["ThirdEye+1","FlyingSleeves","CrushJoints+1"],"picked":"Singing Bowl","floor":41},{"not_picked":["JustLucky","Evaluate","Prostrate"],"picked":"Singing Bowl","floor":42},{"not_picked":["EmptyBody","Replay:AtTheReady+1"],"picked":"Ragnarok","floor":44},{"not_picked":["Protect","PathToVictory","EmptyMind+1"],"picked":"Singing Bowl","floor":45},{"not_picked":["WreathOfFlame","Replay:AtTheReady","ReachHeaven"],"picked":"Singing Bowl","floor":47}],"player_experience":439274,"relics_obtained":[{"floor":3,"key":"Ring of Misfortune"},{"floor":3,"key":"Ring of Fury"},{"floor":9,"key":"Yang"},{"floor":10,"key":"Chameleon Ring"},{"floor":12,"key":"Replay:Towering Pillar of Hats"},{"floor":23,"key":"Replay:Rubber Ducky"},{"floor":25,"key":"Shuriken"},{"floor":26,"key":"Bag of Marbles"},{"floor":29,"key":"Whetstone"},{"floor":39,"key":"Bag of Preparation"},{"floor":43,"key":"ReplayFunnel"},{"floor":44,"key":"Vajra"}],"event_choices":[{"damage_healed":0,"gold_gain":0,"cards_transformed":["Defend_P"],"player_choice":"Change","damage_taken":0,"max_hp_gain":0,"max_hp_loss":0,"event_name":"Living Wall","floor":5,"gold_loss":0,"cards_obtained":["FlurryOfBlows"]},{"damage_healed":0,"gold_gain":0,"player_choice":"Shed Blood","damage_taken":18,"max_hp_gain":5,"max_hp_loss":0,"event_name":"Forgotten Altar","floor":19,"gold_loss":0},{"damage_healed":0,"gold_gain":0,"player_choice":"Gave Potion","damage_taken":0,"relics_obtained":["Singing Bowl"],"max_hp_gain":0,"max_hp_loss":0,"event_name":"WeMeetAgain","floor":20,"gold_loss":0},{"damage_healed":0,"gold_gain":0,"player_choice":"Random: Blue","damage_taken":0,"max_hp_gain":0,"max_hp_loss":0,"event_name":"betterThird:BetterPortal","floor":36,"gold_loss":0},{"damage_healed":0,"gold_gain":0,"player_choice":"Memory 1","damage_taken":0,"max_hp_gain":0,"max_hp_loss":0,"event_name":"SensoryStone","floor":36,"gold_loss":0},{"damage_healed":0,"gold_gain":0,"player_choice":"Relic","damage_taken":0,"max_hp_gain":0,"max_hp_loss":0,"event_name":"Wheel of Change","floor":39,"gold_loss":0}],"is_beta":false,"boss_relics":[{"not_picked":["Replay:Drink Me","Ectoplasm"],"picked":"Coffee Dripper"},{"not_picked":["Kintsugi","Empty Cage"],"picked":"Runic Pyramid"}],"items_purged_floors":[0],"is_endless":false,"potions_floor_spawned":[4,11,12,13,22,23,27,30,31,35,38,41],"ascension_level":2}}