{"host":"wgmqvkrq9e6a43rs","time":1608316869,"event":{"mods":["BaseMod","Colored Map","DeckTracker","HololiveMod","Minty Spire (QoL Compilation)","StSLib","SuperFastMode"],"gold_per_floor":[90,103,24,24,65,65,140,140,140,190,190,190,239,267,267,402,402,438,479,538,566,456,456,485,284,284,284,144,211,211,268,268,391,391,434,474,405,459,350,426,457,457,480,281,339,366,6,36,36,36],"floor_reached":51,"playtime":4354,"items_purged":["Hololive_Strike","Hololive_Defend","Hololive_Defend","Hololive_CallUruhaRushia","Hololive_CallHoushouMarine","Hololive_CallSakuraMiko"],"score":1775,"play_id":"44b014c3-1331-444b-bccf-bc1088bff4b5","local_time":"20201219034109","is_ascension_mode":true,"campfire_choices":[{"data":"Hololive_Drill","floor":6.0,"key":"SMITH"},{"data":"Hololive_CallMinatoAqua","floor":11.0,"key":"SMITH"},{"data":"Hololive_StrengthChampion+1","floor":15.0,"key":"SMITH"},{"data":"Hololive_Yoholoon","floor":23.0,"key":"SMITH"},{"data":"Hololive_Yoholoon","floor":27,"key":"SMITH"},{"data":"Hololive_DDD","floor":30,"key":"SMITH"},{"data":"Hololive_DevilCharm","floor":32,"key":"SMITH"},{"data":"Hololive_Thief","floor":49,"key":"SMITH"}],"circlet_count":0,"master_deck":["AscendersBane","Hololive_Drill+1","Hololive_CallAmaneKanata+1","Hololive_CallMinatoAqua+1","Hololive_CallMurasakiShion","Hololive_StrengthChampion+2","Hololive_CandyCastle","Hololive_Drill","Hololive_CallTokoyamiTowa","Hololive_CallInugamiKorone","Hololive_Thief","Hololive_DevilCharm+1","Hololive_Yoholoon+1","Hololive_FlyingPonyTail","Hololive_Yoholoon+1","Hololive_Rebound","Hololive_Thief+1","Hololive_DevilCharm","Hololive_CallRoboco","Hololive_DDD+1","Hololive_FlyingPonyTail","Hololive_WolfAndLamb","Hololive_Yoholoon","Hololive_Yoholoon","Hololive_FlyingPonyTail","Hololive_Yoholoon+1","Hololive_Rebound+1","Master of Strategy","Hololive_FlyingPonyTail"],"relics":["Hololive_TheStar","Golden Idol","Ginger","Strawberry","Bag of Preparation","Coffee Dripper","Membership Card","The Courier","CeramicFish","Omamori","Calling Bell","Nunchaku","Gremlin Horn","Incense Burner","Bird Faced Urn","Potion Belt","DollysMirror","Happy Flower","Pen Nib","InkBottle","Bag of Marbles"],"acts_visited":["Exordium","TheCity","TheBeyond"],"potions_floor_usage":[29,29,31,40,50,50,50],"damage_taken":[{"damage":1.0,"enemies":"Small Slimes","floor":1.0,"turns":4.0},{"damage":0.0,"enemies":"Jaw Worm","floor":2.0,"turns":3.0},{"damage":0.0,"enemies":"Cultist","floor":5.0,"turns":3.0},{"damage":0.0,"enemies":"Gremlin Nob","floor":10.0,"turns":4.0},{"damage":0.0,"enemies":"Lagavulin","floor":13.0,"turns":4.0},{"damage":0.0,"enemies":"Blue Slaver","floor":14.0,"turns":3.0},{"damage":0.0,"enemies":"The Guardian","floor":16.0,"turns":7.0},{"damage":0.0,"enemies":"Chosen","floor":18.0,"turns":4.0},{"damage":0.0,"enemies":"2 Thieves","floor":19.0,"turns":4.0},{"damage":0.0,"enemies":"Chosen and Byrds","floor":20.0,"turns":5.0},{"damage":0.0,"enemies":"Snecko","floor":21.0,"turns":3.0},{"damage":0.0,"enemies":"Sentry and Sphere","floor":24.0,"turns":5.0},{"damage":0,"enemies":"Slavers","floor":29,"turns":4},{"damage":0,"enemies":"Book of Stabbing","floor":31,"turns":5},{"damage":0,"enemies":"Collector","floor":33,"turns":7},{"damage":0,"enemies":"Orb Walker","floor":35,"turns":4},{"damage":0,"enemies":"3 Darklings","floor":36,"turns":5},{"damage":0,"enemies":"Sphere and 2 Shapes","floor":38,"turns":4},{"damage":0,"enemies":"Nemesis","floor":40,"turns":5},{"damage":0,"enemies":"Writhing Mass","floor":41,"turns":5},{"damage":6,"enemies":"Reptomancer","floor":45,"turns":6},{"damage":16,"enemies":"4 Shapes","floor":46,"turns":5},{"damage":0,"enemies":"Sphere and 2 Shapes","floor":48,"turns":4},{"damage":0,"enemies":"Donu and Deca","floor":50,"turns":6}],"seed_played":"4351158379258765822","potions_obtained":[{"floor":1.0,"key":"LiquidBronze"},{"floor":5.0,"key":"SkillPotion"},{"floor":14.0,"key":"Explosive Potion"},{"floor":16.0,"key":"ColorlessPotion"},{"floor":21.0,"key":"EssenceOfSteel"},{"floor":29,"key":"Block Potion"},{"floor":38,"key":"Swift Potion"},{"floor":41,"key":"Strength Potion"},{"floor":48,"key":"SpeedPotion"}],"is_trial":false,"path_per_floor":["M","M","$","?","M","R","?","?","T","E","R","?","E","M","R","B",null,"M","M","M","M","$","R","M","$","T","R","$","E","R","E","R","B",null,"M","M","$","M","$","E","M","?","T","$","E","M","$","M","R","B",null],"character_chosen":"Hololive_HololiveCharacter","items_purchased":["Hololive_CandyCastle","Hololive_Yoholoon","Membership Card","Hololive_Yoholoon","Hololive_Rebound","Hololive_Thief","Hololive_DevilCharm","Hololive_CallRoboco","Hololive_Yoholoon","Hololive_Yoholoon","Hololive_FlyingPonyTail","DollysMirror","Happy Flower","InkBottle","Bag of Marbles","Master of Strategy","Swift Potion","BlessingOfTheForge"],"campfire_rested":0,"item_purchase_floors":[3,22,25,25,25,28,28,28,37,39,39,44,44,47,47,47,47,47],"current_hp_per_floor":[31,31,31,31,31,31,20,13,13,20,20,20,20,20,20,20,35,35,35,35,35,35,35,35,35,35,35,35,35,35,35,35,35,39,39,39,39,39,39,39,40,40,40,40,40,30,30,40,40,40],"gold":36,"neow_bonus":"UPGRADE_CARD","is_daily":false,"chose_seed":false,"campfire_upgraded":8,"win_rate":0.0,"timestamp":1608316869,"path_taken":["M","M","$","?","M","R","?","?","T","E","R","?","E","M","R","BOSS","M","M","M","M","$","R","M","$","T","R","$","E","R","E","R","BOSS","M","M","?","M","$","E","M","?","T","$","E","M","$","M","R","BOSS"],"items_purchased_type":["Card","Card","Relic","Card","Card","Card","Card","Card","Card","Card","Card","Relic","Relic","Relic","Relic","Card","Potion","Potion"],"build_version":"2020-12-13","purchased_purges":6,"victory":true,"max_hp_per_floor":[35,35,35,33,33,33,33,33,33,40,40,40,40,40,40,40,40,40,40,40,40,40,40,40,40,40,40,40,40,40,40,40,40,40,40,40,40,40,40,40,40,40,40,40,40,40,40,40,40,40],"card_choices":[{"not_picked":["Hololive_CallHoshimachiSuisei","Hololive_RevenueBasedLive","Hololive_Trident"],"picked":"Hololive_StrengthChampion","floor":1.0},{"not_picked":["Hololive_LuckPotion","Hololive_SoulCatcher","Hololive_CocoNews"],"picked":"Hololive_CallHoushouMarine","floor":2.0},{"not_picked":["Hololive_OvertimeWork","Hololive_Teleport","Hololive_CallMurasakiShion"],"picked":"Hololive_Drill","floor":5.0},{"not_picked":["Hololive_Drill","Hololive_RevenueBasedLive","Hololive_CallSakuraMiko"],"picked":"Hololive_CallTokoyamiTowa","floor":10.0},{"not_picked":["Hololive_CallYukihanaLamy","Hololive_Trident","Hololive_CallYuzukiChoco"],"picked":"Hololive_CallInugamiKorone","floor":13.0},{"not_picked":["Hololive_CallAkiRosenthal","Hololive_Trident","Hololive_Psychosis","Hololive_LuckPotion"],"picked":"SKIP","floor":14.0},{"not_picked":["Hololive_MaximGun","Hololive_Nanodesu","Hololive_FlareMind"],"picked":"Hololive_Thief","floor":16.0},{"not_picked":["Hololive_CallCivia+1","Hololive_Drill","Hololive_CallHimemoriLuna","Hololive_Sequa"],"picked":"SKIP","floor":18.0},{"not_picked":["Hololive_LuckPotion+1","Hololive_OvertimeWork+1","Hololive_Trident","Hololive_ManjiGathering"],"picked":"SKIP","floor":19.0},{"not_picked":["Hololive_CallCivia","Hololive_Psychosis","Hololive_RevenueBasedLive"],"picked":"Hololive_DevilCharm","floor":20.0},{"not_picked":["Hololive_HuntDinosaur","Hololive_LuckPotion","Hololive_Psychosis","Hololive_Sequa"],"picked":"SKIP","floor":21.0},{"not_picked":["Hololive_CallManoAloe","Hololive_Psychosis","Hololive_Sequa"],"picked":"Hololive_FlyingPonyTail","floor":24.0},{"not_picked":["Hololive_FlyingPonyTail","Hololive_CallInugamiKorone","Hololive_CallMoonaHoshinova"],"picked":"Hololive_DDD","floor":29},{"not_picked":["Hololive_Sequa","Hololive_OvertimeWork","Hololive_Teleport"],"picked":"Hololive_FlyingPonyTail","floor":31},{"not_picked":["Hololive_DiamondStrike","Hololive_Recruit","Hololive_OpenUp"],"picked":"Hololive_WolfAndLamb","floor":33},{"not_picked":["Hololive_Psychosis","Hololive_LuckPotion+1","Hololive_CocoNews+1","Hololive_Rebound"],"picked":"SKIP","floor":35},{"not_picked":["Hololive_Psychosis","Hololive_Rebound","Hololive_Trident","Hololive_CocoNews"],"picked":"SKIP","floor":36},{"not_picked":["Hololive_CallAiraniIofifteen","Hololive_HuntDinosaur","Hololive_Psychosis","Hololive_CallYukihanaLamy"],"picked":"SKIP","floor":38},{"not_picked":["Hololive_Sequa+1","Hololive_Drill+1","Hololive_RevenueBasedLive","Hololive_CallYogiri"],"picked":"SKIP","floor":40},{"not_picked":["Hololive_Trident","Hololive_CallYogiri","Hololive_Rebound","Hololive_Drill"],"picked":"SKIP","floor":41},{"not_picked":["Hololive_CallAkaiHaato","Hololive_LuckPotion","Hololive_HuntDinosaur"],"picked":"Hololive_Rebound+1","floor":45},{"not_picked":["Hololive_CallOmaruPolka","Hololive_OpenUp","Hololive_CocoNews","Hololive_CallSpadeEcho"],"picked":"SKIP","floor":46},{"not_picked":["Hololive_Rebound","Hololive_CocoNews","Hololive_CallSpadeEcho+1"],"picked":"Hololive_FlyingPonyTail","floor":48}],"player_experience":1099848,"relics_obtained":[{"floor":9.0,"key":"Ginger"},{"floor":10.0,"key":"Strawberry"},{"floor":13.0,"key":"Bag of Preparation"},{"floor":26,"key":"The Courier"},{"floor":29,"key":"CeramicFish"},{"floor":31,"key":"Omamori"},{"floor":34,"key":"Nunchaku"},{"floor":34,"key":"Gremlin Horn"},{"floor":34,"key":"Incense Burner"},{"floor":40,"key":"Bird Faced Urn"},{"floor":43,"key":"Potion Belt"},{"floor":45,"key":"Pen Nib"}],"event_choices":[{"damage_healed":0.0,"max_hp_gain":0.0,"max_hp_loss":2.0,"gold_gain":0.0,"event_name":"Golden Idol","player_choice":"Lose Max HP","floor":4.0,"gold_loss":0.0,"damage_taken":0.0,"relics_obtained":["Golden Idol"]},{"damage_healed":0.0,"max_hp_gain":0.0,"max_hp_loss":0.0,"gold_gain":75.0,"event_name":"World of Goop","player_choice":"Gather Gold","floor":7.0,"gold_loss":0.0,"damage_taken":11.0},{"cards_removed":["Hololive_Strike"],"damage_healed":0.0,"max_hp_gain":0.0,"max_hp_loss":0.0,"gold_gain":0.0,"event_name":"Golden Wing","player_choice":"Card Removal","floor":8.0,"gold_loss":0.0,"damage_taken":7.0},{"damage_healed":0.0,"max_hp_gain":0.0,"max_hp_loss":0.0,"gold_gain":0.0,"event_name":"Upgrade Shrine","player_choice":"Upgraded","floor":12.0,"gold_loss":0.0,"damage_taken":0.0,"cards_upgraded":["Hololive_StrengthChampion"]},{"damage_healed":0,"gold_gain":0,"player_choice":"Ignored","damage_taken":0,"max_hp_gain":0,"max_hp_loss":0,"event_name":"Mysterious Sphere","floor":42,"gold_loss":0}],"is_beta":false,"boss_relics":[{"not_picked":["Runic Dome","Philosopher\u0027s Stone"],"picked":"Coffee Dripper"},{"not_picked":["Pandora\u0027s Box","Tiny House"],"picked":"Calling Bell"}],"items_purged_floors":[22,28,37,39,44,47],"is_endless":false,"potions_floor_spawned":[1,5,14,16,19,21,29,38,41,48],"ascension_level":13}}