{"host":"1c52r9kaxdyo25eq","time":1608297368,"event":{"mods":["AchievementEnabler","BaseMod","Minty Spire (QoL Compilation)","Rare Cards Sparkle","SuperFastMode","everything is the same but u backflip on backflip"],"gold_per_floor":[11,11,26,38,56,56,84,84,108,108,108,120,45,70,70,147,147,165,177,195,195,207,207,226,226,307,324,342,342,353,353,353],"floor_reached":31,"playtime":825,"items_purged":["Defend_G"],"score":482,"play_id":"271d37ac-98ae-47b5-8d04-81af731d646c","local_time":"20201218221608","is_ascension_mode":true,"campfire_choices":[{"floor":6.0,"key":"REST"},{"floor":8.0,"key":"REST"},{"data":"Flechettes","floor":10.0,"key":"SMITH"},{"data":"Dagger Spray","floor":15.0,"key":"SMITH"},{"floor":23,"key":"REST"},{"data":"Setup","floor":25,"key":"SMITH"}],"circlet_count":0,"master_deck":["AscendersBane","Defend_G","Defend_G","Survivor","Neutralize","Footwork","Flechettes+1","Setup+1","Backflip","Cloak And Dagger","Dagger Spray+1","Envenom","Glass Knife+1","Backstab+1","Predator+1","Eviscerate","Blur","Well Laid Plans"],"relics":["Ring of the Snake","Akabeko","PreservedInsect","Potion Belt","Toy Ornithopter","Astrolabe","Molten Egg 2"],"acts_visited":["Exordium","TheCity"],"potions_floor_usage":[16,27,30,30],"damage_taken":[{"damage":5.0,"enemies":"Small Slimes","floor":1.0,"turns":4.0},{"damage":6.0,"enemies":"Cultist","floor":3.0,"turns":5.0},{"damage":5.0,"enemies":"2 Louse","floor":4.0,"turns":4.0},{"damage":43.0,"enemies":"Exordium Thugs","floor":5.0,"turns":7.0},{"damage":26.0,"enemies":"3 Sentries","floor":7.0,"turns":10.0},{"damage":11.0,"enemies":"Gremlin Gang","floor":12.0,"turns":6.0},{"damage":10,"enemies":"Slime Boss","floor":16,"turns":9},{"damage":12,"enemies":"Chosen","floor":18,"turns":4},{"damage":20,"enemies":"3 Byrds","floor":19,"turns":5},{"damage":14,"enemies":"Centurion and Healer","floor":20,"turns":6},{"damage":12,"enemies":"3 Cultists","floor":22,"turns":4},{"damage":0,"enemies":"Snecko","floor":24,"turns":3},{"damage":17,"enemies":"Snake Plant","floor":27,"turns":4},{"damage":0,"enemies":"Sentry and Sphere","floor":28,"turns":4},{"damage":23,"enemies":"Cultist and Chosen","floor":30,"turns":5},{"damage":0,"enemies":"Shelled Parasite and Fungi","floor":31,"turns":1}],"seed_played":"-1818443831017488902","potions_obtained":[{"floor":3.0,"key":"Regen Potion"},{"floor":4.0,"key":"PowerPotion"},{"floor":5.0,"key":"Fire Potion"},{"floor":12.0,"key":"Strength Potion"},{"floor":20,"key":"Energy Potion"},{"floor":22,"key":"Block Potion"},{"floor":27,"key":"Fire Potion"},{"floor":28,"key":"LiquidMemories"}],"is_trial":false,"path_per_floor":["M","?","M","M","M","R","E","R","T","R","?","M","$","T","R","B",null,"M","M","M","?","M","R","M","R","T","M","M","?","M","M"],"character_chosen":"THE_SILENT","items_purchased":[],"campfire_rested":3,"item_purchase_floors":[],"current_hp_per_floor":[54,54,48,43,15,34,8,27,27,27,27,16,16,16,16,11,52,40,20,6,19,7,26,26,26,26,14,14,14,1,1,1],"gold":353,"neow_bonus":"TRANSFORM_TWO_CARDS","is_daily":false,"chose_seed":false,"campfire_upgraded":3,"win_rate":0.0,"timestamp":1608297368,"path_taken":["M","?","M","M","?","R","E","R","T","R","?","M","$","?","R","BOSS","M","M","?","?","M","R","M","R","T","M","M","?","M","?"],"items_purchased_type":[],"build_version":"2020-12-13","purchased_purges":1,"victory":false,"max_hp_per_floor":[66,66,66,66,66,66,66,66,66,66,66,66,66,66,66,66,66,66,66,66,66,66,66,66,66,66,66,66,66,66,66,66],"card_choices":[{"not_picked":["Underhanded Strike","Poisoned Stab","Distraction"],"picked":"SKIP","floor":1.0},{"not_picked":["Endless Agony","Distraction","Setup"],"picked":"SKIP","floor":3.0},{"not_picked":["Underhanded Strike","Setup"],"picked":"Backflip","floor":4.0},{"not_picked":["Quick Slash","Outmaneuver"],"picked":"Dagger Spray","floor":5.0},{"not_picked":["Heel Hook","Phantasmal Killer"],"picked":"Cloak And Dagger","floor":7.0},{"not_picked":["Outmaneuver","Infinite Blades"],"picked":"Dagger Spray","floor":12.0},{"not_picked":["Malaise","Night Terror"],"picked":"Envenom","floor":16},{"not_picked":["Deflect","Backflip"],"picked":"Eviscerate","floor":18},{"not_picked":["Dagger Throw","Backflip"],"picked":"Blur","floor":19},{"not_picked":["Dodge and Roll","Terror","Cloak And Dagger"],"picked":"SKIP","floor":20},{"not_picked":["PiercingWail+1","Outmaneuver","Blade Dance"],"picked":"SKIP","floor":22},{"not_picked":["Distraction","Underhanded Strike","Slice"],"picked":"SKIP","floor":24},{"not_picked":["Caltrops","Skewer+1","Dagger Throw+1"],"picked":"SKIP","floor":27},{"not_picked":["Setup","Outmaneuver"],"picked":"Well Laid Plans","floor":28},{"not_picked":["Distraction","Dagger Throw+1","Heel Hook+1"],"picked":"SKIP","floor":30}],"player_experience":495932,"relics_obtained":[{"floor":7.0,"key":"Akabeko"},{"floor":9.0,"key":"PreservedInsect"},{"floor":14.0,"key":"Toy Ornithopter"},{"floor":26,"key":"Molten Egg 2"}],"event_choices":[{"damage_healed":0.0,"max_hp_gain":0.0,"max_hp_loss":0.0,"gold_gain":0.0,"cards_transformed":["Strike_G"],"event_name":"Transmorgrifier","player_choice":"Transformed","floor":2.0,"gold_loss":0.0,"damage_taken":0.0,"cards_obtained":["Setup"]},{"cards_removed":["Dagger Spray"],"damage_healed":0.0,"max_hp_gain":0.0,"max_hp_loss":0.0,"gold_gain":0.0,"event_name":"WeMeetAgain","player_choice":"Gave Card","floor":11.0,"gold_loss":0.0,"damage_taken":0.0,"relics_obtained":["Potion Belt"]},{"damage_healed":13,"gold_gain":0,"player_choice":"Heal","damage_taken":0,"max_hp_gain":0,"max_hp_loss":0,"event_name":"The Library","floor":21,"gold_loss":0},{"cards_removed":["Strike_G"],"damage_healed":0,"gold_gain":0,"player_choice":"Purged","damage_taken":0,"max_hp_gain":0,"max_hp_loss":0,"event_name":"Purifier","floor":29,"gold_loss":0}],"is_beta":false,"boss_relics":[{"not_picked":["Busted Crown","Snecko Eye"],"picked":"Astrolabe"}],"items_purged_floors":[13],"is_endless":false,"potions_floor_spawned":[3,4,5,12,20,22,27,28],"killed_by":"Shelled Parasite and Fungi","ascension_level":20}}