{"host":"fflyk188z5ncxlup","time":1608330526,"event":{"mods":["AchievementEnabler","BaseMod","Bestiary","Better Third Choice","Block Reminder","Colored Map","Colored Powertips","DeckTracker","Googly Eyes","Minty Spire (QoL Compilation)","StSLib","SuperFastMode"],"gold_per_floor":[115,115,190,202,221,221,221,146,228,242,273,292,310,310,310,406,406,422,465,465,465,484,484,509,509,559,572,572,572],"floor_reached":28,"playtime":1469,"items_purged":["Pain"],"score":385,"play_id":"96952ed5-64ae-4582-9052-6ed6c56dd18c","local_time":"20201219072846","is_ascension_mode":true,"campfire_choices":[{"floor":6.0,"key":"REST"},{"floor":15.0,"key":"REST"},{"floor":23.0,"key":"REST"},{"floor":25.0,"key":"REST"}],"circlet_count":0,"master_deck":["AscendersBane","Strike_B","Strike_B","Defend_B","Defend_B","Defend_B+1","Defend_B","Zap","Dualcast","Stack","Electrodynamics","Hologram","Conserve Battery","Apotheosis+1","Chaos+1","Double Energy+1","Machine Learning","Electrodynamics"],"relics":["Cracked Core","White Beast Statue","Toxic Egg 2","War Paint","Golden Idol","Snecko Eye","Red Mask","Ancient Tea Set"],"acts_visited":["Exordium","TheCity"],"potions_floor_usage":[28],"damage_taken":[{"damage":3.0,"enemies":"Cultist","floor":1.0,"turns":4.0},{"damage":4.0,"enemies":"2 Louse","floor":4.0,"turns":3.0},{"damage":6.0,"enemies":"Small Slimes","floor":5.0,"turns":3.0},{"damage":2.0,"enemies":"Exordium Thugs","floor":10.0,"turns":3.0},{"damage":7.0,"enemies":"3 Sentries","floor":11.0,"turns":6.0},{"damage":0.0,"enemies":"2 Fungi Beasts","floor":12.0,"turns":3.0},{"damage":2.0,"enemies":"Large Slime","floor":13.0,"turns":4.0},{"damage":11.0,"enemies":"The Guardian","floor":16.0,"turns":18.0},{"damage":22.0,"enemies":"2 Thieves","floor":18.0,"turns":3.0},{"damage":4.0,"enemies":"Masked Bandits","floor":19.0,"turns":2.0},{"damage":10.0,"enemies":"Chosen","floor":22.0,"turns":6.0},{"damage":21.0,"enemies":"Centurion and Healer","floor":24.0,"turns":4.0},{"damage":3.0,"enemies":"Sentry and Sphere","floor":27.0,"turns":4.0},{"damage":81,"enemies":"Gremlin Leader","floor":28,"turns":6}],"seed_played":"4318951672765184216","potions_obtained":[{"floor":1.0,"key":"GamblersBrew"},{"floor":4.0,"key":"Ancient Potion"},{"floor":12.0,"key":"FairyPotion"},{"floor":18.0,"key":"EssenceOfDarkness"},{"floor":19.0,"key":"DuplicationPotion"},{"floor":27.0,"key":"FocusPotion"}],"is_trial":false,"path_per_floor":["M","?","?","M","M","R","?","$","T","M","E","M","M","?","R","B",null,"M","?","?","$","M","R","M","R","T","M","E"],"character_chosen":"DEFECT","items_purchased":[],"campfire_rested":4,"item_purchase_floors":[],"current_hp_per_floor":[61,56,45,41,35,56,56,56,56,54,47,47,45,45,64,53,61,39,35,35,35,25,44,23,42,42,39,0,0],"gold":572,"neow_bonus":"TRANSFORM_TWO_CARDS","is_daily":false,"chose_seed":false,"campfire_upgraded":0,"win_rate":0.0,"timestamp":1608330526,"path_taken":["M","?","?","M","M","R","?","$","T","M","E","M","M","?","R","BOSS","M","?","?","$","M","R","M","R","T","M","E"],"items_purchased_type":[],"build_version":"2020-12-13","purchased_purges":1,"victory":false,"max_hp_per_floor":[71,71,71,71,71,71,71,71,71,71,71,71,71,64,64,64,64,64,64,64,64,64,64,64,64,64,64,64,64],"card_choices":[{"not_picked":["Cold Snap","Gash"],"picked":"Hologram","floor":1.0},{"not_picked":["Blizzard","Static Discharge"],"picked":"Conserve Battery","floor":4.0},{"not_picked":["Steam","Hologram","Beam Cell"],"picked":"SKIP","floor":5.0},{"not_picked":["Chill+1","Turbo+1"],"picked":"Chaos+1","floor":10.0},{"not_picked":["Undo+1","Sweeping Beam","Skim+1"],"picked":"SKIP","floor":11.0},{"not_picked":["Fusion+1","Barrage","Sweeping Beam"],"picked":"SKIP","floor":12.0},{"not_picked":["Compile Driver","Aggregate+1"],"picked":"Double Energy+1","floor":13.0},{"not_picked":["Core Surge","Meteor Strike"],"picked":"Machine Learning","floor":16.0},{"not_picked":["Hologram+1","Turbo+1","Auto Shields+1"],"picked":"SKIP","floor":18.0},{"not_picked":["Rebound","Beam Cell"],"picked":"Electrodynamics","floor":22.0},{"not_picked":["Steam+1","Compile Driver","Rebound"],"picked":"SKIP","floor":24.0},{"not_picked":["Coolheaded+1","Leap+1","Conserve Battery+1"],"picked":"SKIP","floor":27.0}],"player_experience":371029,"relics_obtained":[{"floor":9.0,"key":"Toxic Egg 2"},{"floor":11.0,"key":"War Paint"},{"floor":19.0,"key":"Red Mask"},{"floor":26.0,"key":"Ancient Tea Set"}],"event_choices":[{"damage_healed":0.0,"max_hp_gain":0.0,"max_hp_loss":0.0,"gold_gain":0.0,"event_name":"betterThird:BetterScrap","player_choice":"Relic ","floor":2.0,"gold_loss":0.0,"damage_taken":5.0,"cards_obtained":["Escape Plan"]},{"damage_healed":0.0,"max_hp_gain":0.0,"max_hp_loss":0.0,"gold_gain":75.0,"event_name":"betterThird:BetterGoop","player_choice":"Gold","floor":3.0,"gold_loss":0.0,"damage_taken":11.0},{"damage_healed":56.0,"max_hp_gain":0.0,"max_hp_loss":71.0,"gold_gain":0.0,"event_name":"betterThird:BetterShining","player_choice":"Embrace","floor":7.0,"gold_loss":0.0,"damage_taken":0.0},{"damage_healed":0.0,"max_hp_gain":0.0,"max_hp_loss":7.0,"gold_gain":0.0,"event_name":"Golden Idol","player_choice":"Lose Max HP","floor":14.0,"gold_loss":0.0,"damage_taken":0.0,"relics_obtained":["Golden Idol"]},{"damage_healed":0.0,"max_hp_gain":0.0,"max_hp_loss":0.0,"gold_gain":0.0,"event_name":"Masked Bandits","player_choice":"Fought Bandits","floor":19.0,"gold_loss":0.0,"damage_taken":0.0},{"damage_healed":0.0,"max_hp_gain":0.0,"max_hp_loss":0.0,"gold_gain":0.0,"event_name":"Ghosts","player_choice":"Ignored","floor":20.0,"gold_loss":0.0,"damage_taken":0.0}],"is_beta":false,"boss_relics":[{"not_picked":["Velvet Choker","Cursed Key"],"picked":"Snecko Eye"}],"items_purged_floors":[8],"is_endless":false,"potions_floor_spawned":[1,4,5,10,11,12,13,16,18,19,22,24,27],"killed_by":"Gremlin Leader","ascension_level":15}}