{"host":"ejgiolu3cn4jwoxa","time":1608267581,"event":{"mods":["2.2 Compatiblity","A Magickal Journey","Act Like it!","Aspiration","Astrologer","BaseMod","Beaked The Cultist","Better Altar","Better Match","Better Sensory Stone","Better Skull","CapriCore","Challenge The Spire","Colored Powertips","Conspire","DeckTracker","Energized Spire","Gensokyo","GifTheSpireLib","GungeonMod","Halation","Hallownest","Hermit","Hubris","Infinite Spire","Jedi Mod","KinomotoSakuraMod(木之本?)","Koishi","Lobotomy","LobotomyExtend","Magitek Elite","Marisa（霧雨　魔理沙）","Marked Mod","Minty Spire (QoL Compilation)","Pale of the Ancients","Permanent Neow","Prisma Mod","Quick Restart","Random Character Button","Reimu（博??梦）","Relic Sorter","Replay The Spire","Shade Mod","Somnambulant","Spicy Shops","Spikes Relics","StSLib","Stuff the Spire","The Administrix","The Animator","The Blue Laboratory","The Bug Knight","The Construct","The Cursed","The Exalted","The Forsaken","The Hierophant","The Immortal","The Judge","The Mystic","The Problem Sleuth","The Runesmith","The Sage","The Senshi","The Servant 0.9.4","The Showman","The Spell Scribe","The Valiant","The Wild Card","TheArtist","TheBandit","Trackpad","Wandering Minibosses","vexMod"],"gold_per_floor":[17,30,45,64,80,107,107,107,188,205,221,255,255,255,255,255,255],"floor_reached":16,"playtime":1514,"items_purged":[],"score":114,"play_id":"9fe38021-7b15-4d25-8e88-c3419d894b05","local_time":"20201217235941","is_ascension_mode":false,"campfire_choices":[{"floor":13,"key":"REST"},{"floor":15,"key":"REST"}],"circlet_count":0,"master_deck":["Strike_G","Strike_G","Strike_G","Strike_G","Strike_G","Defend_G","Defend_G","Defend_G","Defend_G","Defend_G","Neutralize","Deflect","jedi:pocketpoison","jedi:pocketpoison","Poisoned Stab","Deflect","Dagger Spray","m_Survivalism","StuffTheSpire:ClusterCrunch","StuffTheSpire:Python","All Out Attack"],"relics":["Ring of the Snake","DemoMod:AgedBell","LetterFromLob","CrazyTorch:ReiMu","infinitespire:Satchel","jedi:bottledfury","Lantern"],"acts_visited":["Exordium"],"potions_floor_usage":[12,12,16],"damage_taken":[{"damage":0,"enemies":"2 Louse","floor":1,"turns":3},{"damage":2,"enemies":"Small Slimes","floor":2,"turns":6},{"damage":0,"enemies":"Cultist","floor":3,"turns":4},{"damage":0,"enemies":"3 Louse","floor":4,"turns":3},{"damage":12,"enemies":"Large Slime","floor":5,"turns":7},{"damage":3,"enemies":"HollowMod:MossKnight","floor":6,"turns":10},{"damage":5,"enemies":"Gremlin Gang","floor":10,"turns":4},{"damage":1,"enemies":"Exordium Thugs","floor":11,"turns":4},{"damage":39,"enemies":"Lagavulin","floor":12,"turns":7},{"damage":31,"enemies":"The Guardian","floor":16,"turns":8}],"seed_played":"6316853418200796361","potions_obtained":[{"floor":1,"key":"blueLaboratory:HummingbirdPotion"},{"floor":2,"key":"SkillPotion"},{"floor":4,"key":"blueLaboratory:LouseDecoction"}],"is_trial":false,"path_per_floor":["M","M","M","M","M","E","$","?","T","M","M","E","R","$","R","B"],"character_chosen":"THE_SILENT","items_purchased":["infinitespire:Satchel"],"campfire_rested":2,"item_purchase_floors":[7],"current_hp_per_floor":[70,68,68,68,56,53,53,53,53,48,47,8,29,29,50,19,19],"gold":255,"neow_bonus":"ONE_RARE_RELIC","is_daily":false,"chose_seed":false,"campfire_upgraded":0,"win_rate":0.0,"timestamp":1608267581,"path_taken":["M","M","M","M","M","E","$","?","T","M","M","E","R","$","R","BOSS"],"items_purchased_type":["Relic"],"build_version":"2020-12-13","purchased_purges":0,"victory":false,"max_hp_per_floor":[70,70,70,70,70,70,70,70,70,70,70,70,70,70,70,70,70],"card_choices":[{"not_picked":["StuffTheSpire:ClusterCrunch","Blade Dance"],"picked":"Deflect","floor":1},{"not_picked":["PiercingWail","StuffTheSpire:BumpUp"],"picked":"jedi:pocketpoison","floor":2},{"not_picked":["Caltrops","Flying Knee"],"picked":"jedi:pocketpoison","floor":3},{"not_picked":["Flying Knee","Prepared"],"picked":"Poisoned Stab","floor":4},{"not_picked":["Infinite Blades","hubris:SlightOfHand"],"picked":"Deflect","floor":5},{"not_picked":["Acrobatics","Fluid Movement"],"picked":"Dagger Spray","floor":6},{"not_picked":["jedi:poisonivy","Hidden Blade"],"picked":"StuffTheSpire:ClusterCrunch","floor":10},{"not_picked":["hubris:SlightOfHand","Replay:Poison Smokescreen"],"picked":"StuffTheSpire:Python","floor":11},{"not_picked":["Hidden Blade","hubris:SlightOfHand"],"picked":"All Out Attack","floor":12}],"player_experience":917140,"relics_obtained":[{"floor":1,"key":"LetterFromLob"},{"floor":6,"key":"CrazyTorch:ReiMu"},{"floor":9,"key":"jedi:bottledfury"},{"floor":12,"key":"Lantern"}],"event_choices":[],"is_beta":false,"boss_relics":[],"items_purged_floors":[],"is_endless":false,"potions_floor_spawned":[1,2,4,6],"killed_by":"The Guardian","ascension_level":0}}