{"host":"2461dio7vetlq1z3","time":1608323515,"event":{"mods":["2.2 Compatiblity","AchievementEnabler","BaseMod","Better Third Choice","Hermit","Minty Spire (QoL Compilation)","Relic Stats","Spicy Shops","StSLib","The Animator","Waifu the Spire"],"gold_per_floor":[109,128,128,144,156,156,188,201,253,253,279,229,229,255,255,331,331,381,381],"floor_reached":18,"playtime":631,"items_purged":[],"score":297,"play_id":"6707a3d0-1e5f-4735-943e-68414283df3a","local_time":"20201218213155","is_ascension_mode":true,"campfire_choices":[{"data":"Eruption","floor":6.0,"key":"SMITH"},{"data":"FlurryOfBlows","floor":13.0,"key":"SMITH"},{"data":"Omniscience","floor":15.0,"key":"SMITH"}],"circlet_count":0,"master_deck":["AscendersBane","Strike_P","Strike_P","Defend_P","Defend_P","Defend_P","Defend_P","Eruption+1","Vigilance","Consecrate","BowlingBash","FlurryOfBlows","EmptyFist","FearNoEvil","FlurryOfBlows+1","Halt","Conclude+1","Omniscience+1","Wish"],"relics":["SacredBark","Pantograph","Centennial Puzzle","Molten Egg 2","Potion Belt","Snecko Eye"],"acts_visited":["Exordium","TheCity"],"potions_floor_usage":[],"damage_taken":[{"damage":5.0,"enemies":"2 Louse","floor":1.0,"turns":4.0},{"damage":0.0,"enemies":"Cultist","floor":2.0,"turns":3.0},{"damage":2.0,"enemies":"Small Slimes","floor":4.0,"turns":3.0},{"damage":0.0,"enemies":"2 Fungi Beasts","floor":5.0,"turns":2.0},{"damage":12.0,"enemies":"Lagavulin","floor":7.0,"turns":5.0},{"damage":0.0,"enemies":"Exordium Wildlife","floor":8.0,"turns":2.0},{"damage":7.0,"enemies":"3 Sentries","floor":11.0,"turns":6.0},{"damage":8.0,"enemies":"Gremlin Nob","floor":14.0,"turns":3.0},{"damage":37.0,"enemies":"Hexaghost","floor":16.0,"turns":9.0},{"damage":60,"enemies":"Shell Parasite","floor":18,"turns":7}],"seed_played":"4206313186344066403","potions_obtained":[{"floor":4.0,"key":"FearPotion"},{"floor":5.0,"key":"AttackPotion"},{"floor":8.0,"key":"SteroidPotion"},{"floor":16.0,"key":"Ancient Potion"}],"is_trial":false,"path_per_floor":["M","M","?","M","M","R","E","M","T","?","E","?","R","E","R","B",null,"M"],"character_chosen":"WATCHER","items_purchased":[],"campfire_rested":0,"item_purchase_floors":[],"current_hp_per_floor":[60,60,60,58,58,58,46,46,46,46,39,39,39,31,31,19,59,0,0],"gold":381,"neow_bonus":"BOSS_RELIC","is_daily":false,"chose_seed":false,"campfire_upgraded":3,"win_rate":0.0,"timestamp":1608323515,"path_taken":["M","M","?","M","?","R","E","M","T","?","E","?","R","E","R","BOSS","M"],"items_purchased_type":[],"build_version":"2020-12-13","purchased_purges":0,"victory":false,"max_hp_per_floor":[72,72,72,72,72,72,72,72,72,72,72,72,72,72,72,72,72,72,72],"relic_stats":{"Centennial Puzzle":[12],"counters":[10,44],"Pantograph":25,"Snecko Eye":[11,7,18,15],"obtain_stats":[{"Potion Belt":14,"Centennial Puzzle":9,"SacredBark":0,"Pantograph":7,"Snecko Eye":17,"Molten Egg 2":11,"PureWater":0},{"Potion Belt":8,"Centennial Puzzle":6,"SacredBark":0,"Pantograph":5,"Snecko Eye":9,"Molten Egg 2":7,"PureWater":0},{"Potion Belt":28,"Centennial Puzzle":19,"SacredBark":0,"Pantograph":17,"Snecko Eye":37,"Molten Egg 2":25,"PureWater":0}]},"card_choices":[{"not_picked":["ThirdEye","Study"],"picked":"Consecrate","floor":1.0},{"not_picked":["FlurryOfBlows","DeceiveReality"],"picked":"BowlingBash","floor":2.0},{"not_picked":["CutThroughFate","CrushJoints"],"picked":"EmptyFist","floor":4.0},{"not_picked":["Weave","FlurryOfBlows"],"picked":"FearNoEvil","floor":5.0},{"not_picked":["ClearTheMind","ThirdEye"],"picked":"FlurryOfBlows","floor":7.0},{"not_picked":["Vengeance","InnerPeace"],"picked":"Halt","floor":8.0},{"not_picked":["Collect","MasterReality"],"picked":"Conclude+1","floor":11.0},{"not_picked":["Fasting2","BowlingBash+1"],"picked":"Omniscience","floor":14.0},{"not_picked":["Brilliance+1","ConjureBlade"],"picked":"Wish","floor":16.0}],"player_experience":817114,"relics_obtained":[{"floor":7.0,"key":"Pantograph"},{"floor":9.0,"key":"Centennial Puzzle"},{"floor":11.0,"key":"Molten Egg 2"},{"floor":14.0,"key":"Potion Belt"}],"event_choices":[{"damage_healed":0.0,"max_hp_gain":0.0,"max_hp_loss":0.0,"gold_gain":0.0,"event_name":"Match and Keep!","player_choice":"1 cards matched","floor":3.0,"gold_loss":0.0,"damage_taken":0.0,"cards_obtained":["FlurryOfBlows"]},{"cards_removed":["Strike_P"],"damage_healed":0.0,"max_hp_gain":0.0,"max_hp_loss":0.0,"gold_gain":0.0,"event_name":"Living Wall","player_choice":"Forget","floor":10.0,"gold_loss":0.0,"damage_taken":0.0},{"cards_removed":["Strike_P"],"damage_healed":0.0,"max_hp_gain":0.0,"max_hp_loss":0.0,"gold_gain":0.0,"event_name":"The Cleric","player_choice":"Card Removal","floor":12.0,"gold_loss":50.0,"damage_taken":0.0}],"is_beta":false,"boss_relics":[{"not_picked":["Black Star","Calling Bell"],"picked":"Snecko Eye"}],"items_purged_floors":[],"is_endless":false,"potions_floor_spawned":[4,5,8,16],"killed_by":"Shell Parasite","ascension_level":13}}