{"host":"j85m7jj09j2pgi00","time":1608262495,"event":{"mods":["AchievementEnabler","Aspiration","BaseMod","Beaked The Cultist","BetterRewards","Colored Map","Colored Powertips","Conspire","Defuse TimeMaze Blight","Downfall","Energized Spire","Friendly Minions","GifTheSpireLib","Googly Eyes","Gremlin Mod","Halation","Highlight Path","Hubris","Infinite Spire","Marisa????????","Minty Spire (QoL Compilation)","Quick Restart","RatMod","Relic Sorter","Replay The Spire","Somnambulant","StSLib","Stuff the Spire","SuperFastMode","The Blackbeard","The Bug Knight","The Construct","The Disciple","The Factory","The Hierophant","The Jungle","The Mystic","The Necromancer","The Servant 0.9.4","Trackpad","UnlockEverythingMod","vexMod"],"gold_per_floor":[99,116,116,116,116,116,143,33,68,68,82,82,97,112,126,228,228,78,88,114,131,151,151,206,232,232,266,283,283,298,298,315,418,418,418,418,428,428,440,457,484,484,512,512,524,534,544,555,575,673,673,673,673,693,712,712,812,864,876,876,876,876],"floor_reached":61,"playtime":4363,"items_purged":["champ:Strike"],"score":823,"play_id":"0c40db96-dc94-4ea9-b116-c2509565b76f","local_time":"20201217213455","is_ascension_mode":false,"campfire_choices":[{"data":"champ:Taunt","floor":1,"key":"SMITH"},{"data":"champ:Execute","floor":6,"key":"SMITH"},{"data":"champ:Lariat","floor":10,"key":"SMITH"},{"data":"champ:GutPunch","floor":18,"key":"SMITH"},{"data":"StuffTheSpire:PestControl","floor":35,"key":"SMITH"},{"data":"infinitespire:Collect","floor":38,"key":"SMITH"},{"data":"champ:Improvising","floor":44,"key":"SMITH"},{"data":"champ:Encircle","floor":52,"key":"SMITH"},{"data":"champ:Shatter","floor":56,"key":"SMITH"},{"floor":60,"key":"RECALL"}],"circlet_count":0,"master_deck":["champ:Defend+1","champ:Defend+1","champ:Defend+1","champ:Defend+1","champ:Taunt+1","champ:Shatter+1","champ:FanOfKnives","champ:GutPunch+1","champ:FocusedBerserking+1","champ:FanOfKnives+1","infinitespire:Collect+1","champ:ArenaPreparation+1","StuffTheSpire:PestControl+1","champ:Improvising+1","champ:FocusedBerserking+1","champ:Lariat+1","champ:Encircle+1","champ:EndlessRage+1","champ:ArenaPreparation+1","champ:Aggression","champ:BerserkerStyle"],"relics":["Runic Dome","champ:LiftRelic","halation:Toothbrush","Spirit Poop","energizedSpire:DeadBattery","downfall:HeartBlessingGreen","downfall:HeartBlessingBlue","halation:LettersToHer","trackpad:AdjectivePendant","War Paint","aspiration:Lifesprig","vexMod:CursedCompass","Smiling Mask","Calipers","energizedSpire:RedRose","StuffTheSpire:Mouthbags","aspiration:PoetsPen_weak","hubris:Towel","vexMod:FocusSash"],"acts_visited":["Exordium","TheCity","TheBeyond","Exordium"],"potions_floor_usage":[16,16,19,61],"damage_taken":[{"damage":0,"enemies":"2 Louse","floor":2,"turns":2},{"damage":13,"enemies":"downfall:FleeingMerchant","floor":8,"turns":4},{"damage":52,"enemies":"Replay:BlueRogue","floor":9,"turns":5},{"damage":15,"enemies":"Jaw Worm","floor":11,"turns":2},{"damage":3,"enemies":"conspire:RoseBush","floor":13,"turns":2},{"damage":58,"enemies":"3 Louse","floor":14,"turns":8},{"damage":26,"enemies":"Exordium Thugs","floor":15,"turns":4},{"damage":76,"enemies":"downfall:Silent","floor":16,"turns":9},{"damage":40,"enemies":"conspire:FuzzyDice","floor":19,"turns":5},{"damage":73,"enemies":"Slavers","floor":20,"turns":6},{"damage":33,"enemies":"Chosen","floor":21,"turns":5},{"damage":41,"enemies":"Snake Plant","floor":22,"turns":4},{"damage":52,"enemies":"Gremlin Leader","floor":25,"turns":7},{"damage":77,"enemies":"Nightmare","floor":27,"turns":8},{"damage":55,"enemies":"Snecko","floor":28,"turns":4},{"damage":59,"enemies":"Centurion and Healer","floor":30,"turns":3},{"damage":50,"enemies":"Cultist and Chosen","floor":32,"turns":2},{"damage":97,"enemies":"downfall:Watcher","floor":33,"turns":8},{"damage":76,"enemies":"3 Shapes","floor":37,"turns":3},{"damage":41,"enemies":"3 Darklings","floor":39,"turns":3},{"damage":32,"enemies":"Spire Growth","floor":40,"turns":3},{"damage":116,"enemies":"Nightmare","floor":43,"turns":7},{"damage":23,"enemies":"Jaw Worm Horde","floor":45,"turns":3},{"damage":37,"enemies":"3 Darklings","floor":46,"turns":2},{"damage":97,"enemies":"Transient","floor":47,"turns":5},{"damage":30,"enemies":"Jaw Worm Horde","floor":48,"turns":2},{"damage":55,"enemies":"Writhing Mass","floor":49,"turns":4},{"damage":111,"enemies":"downfall:Defect","floor":50,"turns":4},{"damage":27,"enemies":"Cultist","floor":54,"turns":3},{"damage":6,"enemies":"2 Louse","floor":55,"turns":2},{"damage":39,"enemies":"downfall:Heads","floor":57,"turns":3},{"damage":50,"enemies":"Jaw Worm","floor":59,"turns":2},{"damage":154,"enemies":"Nightmare","floor":61,"turns":3}],"seed_played":"-3594331305223885646","potions_obtained":[{"floor":9,"key":"Ancient Potion"},{"floor":11,"key":"Block Potion"},{"floor":13,"key":"PowerPotion"},{"floor":16,"key":"Slimebound:ThreeZeroPotion"},{"floor":21,"key":"Block Potion"},{"floor":30,"key":"Ancient Potion"},{"floor":31,"key":"CultistPotion"}],"is_trial":false,"path_per_floor":["R","M","?","?","?","R","T","$","E","R","M","?","M","M","M","B",null,"R","M","E","M","M","?","T","E","?","NM","M","?","M","?","M","B",null,"R","?","M","R","M","M","T","AVR","NM","R","M","M","M","M","M","B",null,"R","?","M","M","R","?","T","M","R","NM"],"character_chosen":"THE_CHAMP","items_purchased":["champ:Lariat","champ:FanOfKnives"],"campfire_rested":0,"item_purchase_floors":[8,8],"current_hp_per_floor":[90,90,90,90,90,90,90,87,58,58,58,61,61,64,62,41,101,111,102,94,111,88,88,88,111,106,114,114,94,94,94,101,114,114,114,114,114,114,114,114,114,117,128,128,128,125,128,128,128,128,128,128,128,128,128,128,134,134,134,134,0,0],"gold":876,"neow_bonus":"BOSS_RELIC","is_daily":false,"chose_seed":false,"campfire_upgraded":9,"win_rate":0.0,"timestamp":1608262495,"path_taken":["R","M","?","?","?","R","T","$","E","R","M","?","M","M","M","BOSS","R","M","E","M","M","?","T","E","?","NM","?","?","M","?","M","BOSS","R","?","M","R","M","?","T","AVR","NM","R","?","M","M","M","M","BOSS","R","?","M","M","R","?","T","M","R","NM"],"items_purchased_type":["Card","Card"],"build_version":"2020-12-13","purchased_purges":1,"victory":false,"max_hp_per_floor":[90,90,90,90,90,90,90,90,90,90,90,93,93,101,101,101,101,111,111,111,111,111,111,111,111,114,114,114,114,114,114,114,114,114,114,114,114,114,114,114,114,117,128,128,128,128,128,128,128,128,128,128,128,128,128,128,134,134,134,134,134,134],"card_choices":[{"not_picked":["champ:Haymaker","champ:SwordSigil","champ:Circumvent"],"picked":"SKIP","floor":2},{"not_picked":["champ:CrookedStrike","champ:Backstep"],"picked":"champ:Shatter","floor":8},{"not_picked":["champ:Improvising","champ:TornadoPunch"],"picked":"champ:GutPunch","floor":9},{"not_picked":["champ:RapidStrikes","champ:TornadoPunch","champ:Balance"],"picked":"SKIP","floor":11},{"not_picked":["champ:FocusedGladiator","champ:BerserkersShout"],"picked":"champ:FightOn","floor":13},{"not_picked":["champ:RapidStrikes","champ:Circumvent","champ:ShieldWall"],"picked":"SKIP","floor":14},{"not_picked":["champ:TornadoPunch","champ:HeartStrike","champ:Haymaker"],"picked":"SKIP","floor":15},{"not_picked":["champ:FlashCut","champ:CalledShot"],"picked":"champ:FocusedBerserking","floor":19},{"not_picked":["champ:BladeFlurry","champ:DefensiveShout+1","champ:Aggression"],"picked":"SKIP","floor":20},{"not_picked":["champ:Circumvent","champ:StanceDance"],"picked":"champ:FanOfKnives","floor":21},{"not_picked":["champ:HeartStrike+1","champ:DefensiveShout","champ:Haymaker"],"picked":"SKIP","floor":22},{"not_picked":["champ:DeathBlow","champ:SwordThrow","champ:CrookedStrike+1"],"picked":"SKIP","floor":25},{"not_picked":["infinitespire:Punishment","ReplayTheSpireMod:Chaos Vortex"],"picked":"infinitespire:Collect","floor":27},{"not_picked":["champ:SwordSigil","champ:CrookedStrike"],"picked":"champ:ArenaPreparation+1","floor":27},{"not_picked":["champ:Aggression","champ:PerfectedStrike","champ:GutPunch+1"],"picked":"SKIP","floor":28},{"not_picked":["champ:RapidStrikes","champ:DefensiveStyle","champ:DefensiveShout"],"picked":"SKIP","floor":30},{"not_picked":["champ:PreciseThrust","champ:Circumvent","champ:VampiricStrike"],"picked":"SKIP","floor":32},{"not_picked":["champ:HeavySlash","champ:CheapShot"],"picked":"champ:Improvising","floor":33},{"not_picked":["champ:FocusedGladiator+1","champ:BladeFlurry+1"],"picked":"champ:FocusedBerserking+1","floor":37},{"not_picked":["champ:SkillfulDodge+1","champ:FocusedGladiator","champ:StanceDance+1"],"picked":"SKIP","floor":39},{"not_picked":["champ:RageSigil+1","champ:FlashCut"],"picked":"champ:FightOn","floor":40},{"not_picked":["champ:DefensiveShout+1","champ:BerserkersShout+1"],"picked":"champ:Encircle","floor":43},{"not_picked":["champ:RapidStrikes","champ:DeathBlow"],"picked":"champ:EndlessRage+1","floor":45},{"not_picked":["champ:FanOfKnives","champ:BladeFlurry+1","champ:LastStand"],"picked":"SKIP","floor":46},{"not_picked":["champ:SwordSigil+1","champ:ViciousMockery"],"picked":"champ:ArenaPreparation+1","floor":47},{"not_picked":["champ:ShieldSigil","champ:GladiatorsShout","champ:TornadoPunch"],"picked":"SKIP","floor":48},{"not_picked":["champ:Riposte+1","champ:EnGarde+1","champ:StanceDance+1"],"picked":"SKIP","floor":49},{"not_picked":["champ:FalseCounter","champ:DefensiveShout","champ:EnGarde"],"picked":"SKIP","floor":54},{"not_picked":["champ:FocusedDefense","champ:Control","champ:SwordSigil"],"picked":"SKIP","floor":55},{"not_picked":["champ:FalseCounter","champ:FlashCut"],"picked":"champ:BerserkerStyle","floor":59}],"player_experience":1549145,"relics_obtained":[{"floor":9,"key":"halation:Toothbrush"},{"floor":20,"key":"halation:LettersToHer"},{"floor":24,"key":"halation:LettersToHer"},{"floor":24,"key":"trackpad:AdjectivePendant"},{"floor":25,"key":"War Paint"},{"floor":27,"key":"aspiration:Lifesprig"},{"floor":41,"key":"halation:LettersToHer"},{"floor":41,"key":"Smiling Mask"},{"floor":43,"key":"StuffTheSpire:Mouthbags"},{"floor":58,"key":"halation:LettersToHer"},{"floor":58,"key":"vexMod:FocusSash"}],"event_choices":[{"cards_removed":["Regret"],"damage_healed":0,"gold_gain":0,"player_choice":"Offered Curse","damage_taken":0,"relics_obtained":["Spirit Poop"],"max_hp_gain":0,"max_hp_loss":0,"event_name":"Bonfire Elementals","floor":12,"gold_loss":0}],"is_beta":false,"boss_relics":[{"not_picked":["halation:SmartPhone","hubris:TerracottaHorce"],"picked":"energizedSpire:DeadBattery"},{"not_picked":["halation:PlatinumPhoenix","Fusion Hammer"],"picked":"vexMod:CursedCompass"},{"not_picked":["halation:LoveArrow","vexMod:BigBerry"],"picked":"aspiration:PoetsPen_weak"}],"items_purged_floors":[42],"is_endless":true,"potions_floor_spawned":[9,11,13,15,16,21,30,32,40,43,46,48,49,50,55,59],"killed_by":"Nightmare","ascension_level":0}}