{"host":"0azimyi6n3ugndj4","time":1608304535,"event":{"mods":["BaseMod","Bestiary","Conspire","Curses Come First","Defuse TimeMaze Blight","Hyrulean Relics","Infinite Spire","Minty Spire (QoL Compilation)","Relic Sorter","Relic Stats","Replay The Spire","StSLib","SuperFastMode","Uncapped","¡¼?Úª?ø«¡½REMEMod"],"gold_per_floor":[99,99,99,141,141,141,225,225,225,225,261,88,88,127,127,343,343,391,433,433,708,750,825,825,864,934,324,324,423,423,510,510,729,729,791,1091,1091,1091,1091,1091,1091],"floor_reached":40,"playtime":863,"items_purged":[],"score":1272,"play_id":"261785a5-732a-4b43-9b71-32a494aeee01","local_time":"20201219001535","daily_mods":["Draft","Hoarder","Chimera","Shiny","Specialized","Vintage","ControlledChaos","Allstar","Diverse","Colorless Cards","Heirloom","Time Dilation","Flight","Binary","Elite Swarm","Lethality","Midas","Binary"],"is_ascension_mode":true,"campfire_choices":[{"floor":6.0,"key":"REST"},{"floor":8.0,"key":"REST"},{"floor":15.0,"key":"REST"},{"floor":24.0,"key":"REST"},{"floor":32.0,"key":"REST"}],"circlet_count":0,"master_deck":["Demon Form+1","Wraith Form v2+1","Echo Form","DevaForm","AscendersBane","Survivor","Zap","Strike_R","Strike_G","Strike_B","Defend_R","Defend_G","Defend_P","Brilliance","Devotion","Replay:AllIn","LessonLearned","Vault","Alpha","Establishment","REME_WorshipGod","Replay:LoomingThreat","DeusExMachina","Judgement","ConjureBlade","REME_EmptyShield","MasterReality","Blasphemy","Ragnarok","REME_CRH","Scrawl","Wish","Omniscience","SpiritShield","DevaForm","Hyperbeam","REME_ForAll","Machine Learning","Buffer","Mirror Shield","Seek","Echo Form","All For One","Reboot","Fission","Core Surge","Multi-Cast","Thunder Strike","Biased Cognition","REME_Shoggoth","Electrodynamics","ReplayRNGCard","ReplayTheSpireMod:Omega Cannon","Rainbow","Meteor Strike","ReplayTheSpireMod:Fabricate Wheel","Amplify","Creative AI","REME_ShadowForm","ReplayTheSpireMod:Necrosis","Corpse Explosion","Die Die Die","Atom Bomb","ReplayTheSpireMod:From All Sides","Adrenaline","Envenom","Doppelganger","Burst","Wraith Form v2","REME_SpectralBlade","Tools of the Trade","REME_CopyPotion","After Image","Poison Darts","A Thousand Cuts","Replay:Bag of Tricks","Malaise","Phantasmal Killer","Night Terror","infinitespire:Neurotoxin","REME_GrazeFinale","Bullet Time","Storm of Steel","Glass Knife","Grand Finale","Double Tap","Demon Form","REME_ACTH","Fiend Fire","Eclipse","conspire:Purge","Berserk","Impervious","Juggernaut","Brutality","Demonic Infusion","conspire:HitWhereItHurts","Exhume","Offering","REME_Fury","Bludgeon","Feed","Replay:Many Hands","Limit Break","Corruption","Barricade","Hemogenesis","REME_TheLastStrike","Reaper","Immolate","Thinking Ahead","Metamorphosis","Master of Strategy","Magnetism","Chrysalis","Mayhem","REME_PuzzleBox","Secret Weapon","Midas Touch","ReplayTheSpireMod:Brewmster","REME_AllRoundStrike","Poisoned Strike","Sadistic Nature","Replay:Dark Deal","REME_Flogging","ReplayUltimateDefense","Transmutation","REME_BattleFury","HandOfGreed","ReplayTheSpireMod:Necrogeddon","Apotheosis","Panache+1","Violence","Secret Technique","The Bomb","Crow Ritual","REME_BuildACard","REME_ProfessionalPlagiarism","Conserve Battery","Conserve Battery","Conserve Battery","Conserve Battery","Conserve Battery","Conserve Battery","Conserve Battery","Conserve Battery","Conserve Battery","Conserve Battery","Conserve Battery","Conserve Battery","Conserve Battery","Conserve Battery","Conserve Battery","Cold Snap","Cold Snap","Cold Snap","Feel No Pain","Feel No Pain","Feel No Pain","Dodge and Roll","Dodge and Roll","Dodge and Roll","Slice","Slice","Slice","Draining Mist","Draining Mist","Draining Mist","Compile Driver","Compile Driver","Compile Driver","Steam","Steam","Steam","Swivel","Swivel","Swivel","Hidden Blade","Hidden Blade","Hidden Blade","Cleave","Cleave","Cleave","Headbutt","Headbutt","Headbutt","WaveOfTheHand","WaveOfTheHand","Underhanded Strike","Underhanded Strike","Underhanded Strike","Capacitor","Capacitor","Capacitor","PathToVictory","PathToVictory","PathToVictory","Uppercut","Uppercut","Uppercut","Eruption","Eruption","Eruption","Pain","Pain","Regret","Regret","Regret","infinitespire:Oblivion","infinitespire:Oblivion","infinitespire:Oblivion","Berserk","Berserk","Berserk"],"relics":["Frozen Eye","Busted Crown","REME_ComplimentaryCards","FossilizedHelix","Replay:M_SmolderingBlood","WarpedTongs","Replay:Baseball","zeldaRelics:CourageTriforce","Ginger","Akabeko","Cauldron","King of Hearts","conspire:RunicOctahedron","REME_HourglassOfDeath","Turnip","Regal Pillow","infinitespire:CursedDice","zeldaRelics:WisdomTriforce","Juzu Bracelet","REME_LimitBreaker","REME_CardOfGreed","ChewingGum","Tiny Chest","Unceasing Top","zeldaRelics:PowerPiece"],"acts_visited":["Exordium","TheCity","TheBeyond"],"potions_floor_usage":[40],"damage_taken":[{"damage":0.0,"enemies":"Small Slimes","floor":4.0,"turns":2.0},{"damage":0.0,"enemies":"Lagavulin","floor":7.0,"turns":2.0},{"damage":7.0,"enemies":"conspire:RoseBush","floor":11.0,"turns":2.0},{"damage":0.0,"enemies":"infinitespire:Voidling","floor":14.0,"turns":1.0},{"damage":21.0,"enemies":"The Guardian","floor":16.0,"turns":6.0},{"damage":29.0,"enemies":"3 Byrds","floor":18.0,"turns":3.0},{"damage":2.0,"enemies":"conspire:FuzzyDice","floor":19.0,"turns":2.0},{"damage":0.0,"enemies":"Snecko","floor":22.0,"turns":4.0},{"damage":0.0,"enemies":"conspire:Head Lice","floor":23.0,"turns":2.0},{"damage":1.0,"enemies":"Centurion and Healer","floor":25.0,"turns":2.0},{"damage":26.0,"enemies":"Nightmare","floor":29.0,"turns":5.0},{"damage":23.0,"enemies":"Slavers","floor":31.0,"turns":3.0},{"damage":30.0,"enemies":"Automaton","floor":33.0,"turns":4.0},{"damage":1.0,"enemies":"3 Darklings","floor":35.0,"turns":3.0},{"damage":1.0,"enemies":"infinitespire:Three Voidlings","floor":36.0,"turns":2.0},{"damage":100053.0,"enemies":"Nightmare_Alpha","floor":36.0,"turns":6.0},{"damage":38,"enemies":"Nightmare","floor":40,"turns":2}],"seed_played":"3451404591498810063","potions_obtained":[{"floor":4.0,"key":"EntropicBrew"},{"floor":12.0,"key":"Fruit Juice"},{"floor":12.0,"key":"Fruit Juice"},{"floor":12.0,"key":"EntropicBrew"}],"is_trial":true,"path_per_floor":["?","?","$","M","$","R","E","R","T","?","M","$","?","M","R","B",null,"M","M","?","?","M","E","R","M","T","$","?","NM","?","E","R","B",null,"M","?","?","T","?","NM"],"character_chosen":"IRONCLAD","items_purchased":["Cauldron","Juzu Bracelet","REME_LimitBreaker","REME_CardOfGreed"],"campfire_rested":5,"item_purchase_floors":[12,27,27,27],"current_hp_per_floor":[68,68,68,68,68,75,75,75,75,75,68,78,78,78,85,64,80,51,49,49,49,49,49,85,84,84,84,59,33,33,10,52,25,76,75,33,33,33,33,0,0],"gold":1091,"neow_bonus":"","is_daily":false,"chose_seed":false,"campfire_upgraded":0,"win_rate":0.0,"timestamp":1608304535,"path_taken":["?","?","$","?","?","R","E","R","T","?","?","$","?","M","R","BOSS","M","M","?","?","?","E","R","?","T","$","?","NM","?","E","R","BOSS","M","?","?","?","?","NM"],"items_purchased_type":["Relic","Relic","Relic","Relic"],"build_version":"2020-12-13","purchased_purges":0,"victory":false,"max_hp_per_floor":[75,75,75,75,75,75,75,75,75,75,75,85,85,85,85,85,85,85,85,85,85,85,85,85,85,85,85,90,90,90,90,90,93,93,93,93,93,93,93,93,93],"relic_stats":{"Regal Pillow":26,"Busted Crown":28,"counters":[17,48],"Tiny Chest":1,"Turnip":[0],"Juzu Bracelet":1,"Ginger":[9],"obtain_stats":[{"Regal Pillow":22,"King of Hearts":14,"Juzu Bracelet":27,"Ginger":10,"Burning Blood":0,"zeldaRelics:WisdomTriforce":31,"Frozen Eye":0,"Replay:M_SmolderingBlood":1,"Tiny Chest":35,"zeldaRelics:CouragePiece":7,"zeldaRelics:PowerPiece":38,"zeldaRelics:WisdomPiece":26,"infinitespire:CursedDice":25,"conspire:RunicOctahedron":17,"REME_LimitBreaker":27,"Akabeko":11,"zeldaRelics:CourageTriforce":23,"WarpedTongs":2,"Cauldron":12,"Replay:Baseball":4,"Busted Crown":0,"REME_HourglassOfDeath":18,"ChewingGum":34,"Turnip":19,"REME_CardOfGreed":27,"FossilizedHelix":0,"Unceasing Top":36,"REME_ComplimentaryCards":0},{"Regal Pillow":8,"King of Hearts":4,"Juzu Bracelet":10,"Ginger":2,"Burning Blood":0,"zeldaRelics:WisdomTriforce":12,"Frozen Eye":0,"Replay:M_SmolderingBlood":0,"Tiny Chest":14,"zeldaRelics:CouragePiece":2,"zeldaRelics:PowerPiece":16,"zeldaRelics:WisdomPiece":10,"infinitespire:CursedDice":10,"conspire:RunicOctahedron":5,"REME_LimitBreaker":10,"Akabeko":3,"zeldaRelics:CourageTriforce":9,"WarpedTongs":0,"Cauldron":3,"Replay:Baseball":1,"Busted Crown":0,"REME_HourglassOfDeath":6,"ChewingGum":13,"Turnip":7,"REME_CardOfGreed":10,"FossilizedHelix":0,"Unceasing Top":16,"REME_ComplimentaryCards":0},{"Regal Pillow":21,"King of Hearts":7,"Juzu Bracelet":25,"Ginger":4,"Burning Blood":0,"zeldaRelics:WisdomTriforce":32,"Frozen Eye":0,"Replay:M_SmolderingBlood":0,"Tiny Chest":39,"zeldaRelics:CouragePiece":4,"zeldaRelics:PowerPiece":46,"zeldaRelics:WisdomPiece":25,"infinitespire:CursedDice":25,"conspire:RunicOctahedron":13,"REME_LimitBreaker":25,"Akabeko":6,"zeldaRelics:CourageTriforce":23,"WarpedTongs":0,"Cauldron":6,"Replay:Baseball":2,"Busted Crown":0,"REME_HourglassOfDeath":16,"ChewingGum":36,"Turnip":18,"REME_CardOfGreed":25,"FossilizedHelix":0,"Unceasing Top":46,"REME_ComplimentaryCards":0}],"Unceasing Top":[0],"WarpedTongs":[48]},"card_choices":[{"not_picked":["FearNoEvil","Prepared"],"picked":"Cold Snap","floor":0.0},{"not_picked":["Outmaneuver","Evaluate"],"picked":"Feel No Pain","floor":0.0},{"not_picked":["Ball Lightning","Hidden Blade"],"picked":"Dodge and Roll","floor":0.0},{"not_picked":["Dramatic Entrance","Deadly Poison"],"picked":"Slice","floor":0.0},{"not_picked":["ReplayTheSpireMod:Trickstab","Leap"],"picked":"Draining Mist","floor":0.0},{"not_picked":["Poisoned Stab","Dramatic Entrance"],"picked":"Compile Driver","floor":0.0},{"not_picked":["Iron Wave","Scrape"],"picked":"Steam","floor":0.0},{"not_picked":["Turbo","Uppercut"],"picked":"Swivel","floor":0.0},{"not_picked":["Redo","Twin Strike"],"picked":"Hidden Blade","floor":0.0},{"not_picked":["FlurryOfBlows","Replay:BluntJabs"],"picked":"Cleave","floor":0.0},{"not_picked":["Finisher","CutThroughFate"],"picked":"Headbutt","floor":0.0},{"not_picked":["Dramatic Entrance","Outmaneuver"],"picked":"WaveOfTheHand","floor":0.0},{"not_picked":["BowlingBash","conspire:Banana"],"picked":"Underhanded Strike","floor":0.0},{"not_picked":["Survey Options","Perfected Strike"],"picked":"Capacitor","floor":0.0},{"not_picked":["Stack","Replay:DivineShield"],"picked":"PathToVictory","floor":0.0},{"not_picked":["infinitespire:UltimateForm","infinitespire:FinalStrike"],"picked":"infinitespire:Oblivion","floor":36}],"player_experience":1463255,"relics_obtained":[{"floor":4.0,"key":"Replay:Baseball"},{"floor":7.0,"key":"zeldaRelics:CouragePiece"},{"floor":9.0,"key":"zeldaRelics:CouragePiece"},{"floor":11.0,"key":"Akabeko"},{"floor":14.0,"key":"King of Hearts"},{"floor":18.0,"key":"REME_HourglassOfDeath"},{"floor":19.0,"key":"Turnip"},{"floor":22.0,"key":"Regal Pillow"},{"floor":23.0,"key":"zeldaRelics:CouragePiece"},{"floor":25.0,"key":"infinitespire:CursedDice"},{"floor":26.0,"key":"zeldaRelics:WisdomPiece"},{"floor":29.0,"key":"zeldaRelics:WisdomPiece"},{"floor":31.0,"key":"zeldaRelics:WisdomPiece"},{"floor":35.0,"key":"Tiny Chest"},{"floor":36,"key":"Unceasing Top"},{"floor":38,"key":"zeldaRelics:PowerPiece"}],"event_choices":[{"damage_healed":0.0,"max_hp_gain":0.0,"max_hp_loss":0.0,"gold_gain":0.0,"event_name":"Accursed Blacksmith","player_choice":"Rummage","floor":2.0,"gold_loss":0.0,"damage_taken":0.0,"relics_obtained":["WarpedTongs"],"cards_obtained":["Pain"]},{"cards_removed":["Unload"],"damage_healed":0.0,"max_hp_gain":0.0,"max_hp_loss":0.0,"gold_gain":0.0,"event_name":"WeMeetAgain","player_choice":"Gave Card","floor":10.0,"gold_loss":0.0,"damage_taken":0.0,"relics_obtained":["Ginger"]},{"damage_healed":0.0,"max_hp_gain":0.0,"max_hp_loss":0.0,"gold_gain":0.0,"event_name":"Vampires","player_choice":"Ignored","floor":20.0,"gold_loss":0.0,"damage_taken":0.0},{"damage_healed":0.0,"max_hp_gain":0.0,"max_hp_loss":0.0,"gold_gain":275.0,"event_name":"Golden Shrine","player_choice":"Desecrate","floor":21.0,"gold_loss":0.0,"damage_taken":0.0,"cards_obtained":["Regret"]},{"damage_healed":0.0,"max_hp_gain":5.0,"max_hp_loss":0.0,"gold_gain":0.0,"event_name":"Forgotten Altar","player_choice":"Shed Blood","floor":28.0,"gold_loss":0.0,"damage_taken":30.0},{"damage_healed":0.0,"max_hp_gain":0.0,"max_hp_loss":0.0,"gold_gain":0.0,"event_name":"Upgrade Shrine","player_choice":"Upgraded","floor":30.0,"gold_loss":0.0,"damage_taken":0.0,"cards_upgraded":["Wraith Form v2"]},{"damage_healed":0,"gold_gain":0,"player_choice":"Upgraded","damage_taken":0,"max_hp_gain":0,"max_hp_loss":0,"event_name":"Upgrade Shrine","floor":36,"gold_loss":0,"cards_upgraded":["Demon Form"]},{"damage_healed":0,"gold_gain":0,"cards_transformed":["Eruption"],"player_choice":"Transformed","damage_taken":0,"max_hp_gain":0,"max_hp_loss":0,"event_name":"Transmorgrifier","floor":37,"gold_loss":0,"cards_obtained":["Berserk"]},{"cards_removed":["Pain"],"damage_healed":0,"gold_gain":0,"player_choice":"Purged","damage_taken":0,"max_hp_gain":0,"max_hp_loss":0,"event_name":"Purifier","floor":39,"gold_loss":0}],"is_beta":false,"boss_relics":[{"not_picked":["Honey Jar","Astrolabe"],"picked":"conspire:RunicOctahedron"},{"not_picked":["Kintsugi","Ring of Chaos"],"picked":"ChewingGum"}],"items_purged_floors":[],"is_endless":true,"potions_floor_spawned":[4,16,19,23,25,29],"killed_by":"Nightmare","ascension_level":20}}