{"host":"vxxgntm1odai56nh","time":1608324556,"event":{"mods":["AchievementEnabler","BaseMod","Colored Map","Colored Powertips","Highlight Path","Minty Spire (QoL Compilation)","Permanent Neow","Rare Cards Sparkle","Relic Stats","StSLib"],"gold_per_floor":[117,67,67,80,9,9,44,64,132,132,167,167,180,205,205,335,335,356,356,356,372,38,38,76,76,127,151,151,76,76,116,116,237,237,261,284,298,321,321,321,321,321],"floor_reached":41,"playtime":1519,"items_purged":["Strike_P"],"score":560,"play_id":"331b500f-3524-46ab-86af-4bfe30d0b423","local_time":"20201218154916","is_ascension_mode":true,"campfire_choices":[{"data":"Eruption","floor":6,"key":"SMITH"},{"floor":12,"key":"REST"},{"data":"SignatureMove","floor":15,"key":"SMITH"},{"data":"EmptyBody","floor":23,"key":"SMITH"},{"floor":25,"key":"REST"},{"floor":28,"key":"REST"},{"data":"MentalFortress","floor":30,"key":"SMITH"},{"data":"LikeWater","floor":32,"key":"SMITH"},{"floor":40,"key":"REST"}],"circlet_count":0,"master_deck":["Defend_P","Defend_P","Eruption+1","Vigilance","Indignation","FlurryOfBlows+1","EmptyBody+1","Halt","JustLucky","SignatureMove+1","FlurryOfBlows","CutThroughFate","Halt+1","Scrawl+1","LikeWater+1","MentalFortress+1","FlurryOfBlows+1","Ragnarok+1","DevaForm","Adaptation"],"relics":["PureWater","Regal Pillow","Golden Idol","Akabeko","Toxic Egg 2","Pear","Busted Crown","Bag of Preparation","TeardropLocket","Bottled Tornado","Potion Belt","Whetstone","Empty Cage","Art of War"],"acts_visited":["Exordium","TheCity","TheBeyond"],"potions_floor_usage":[7,11,14,24,33],"damage_taken":[{"damage":24,"enemies":"Small Slimes","floor":1,"turns":3},{"damage":0,"enemies":"2 Louse","floor":4,"turns":2},{"damage":23,"enemies":"Lagavulin","floor":7,"turns":4},{"damage":0,"enemies":"Cultist","floor":8,"turns":4},{"damage":7,"enemies":"3 Sentries","floor":11,"turns":7},{"damage":5,"enemies":"Blue Slaver","floor":13,"turns":2},{"damage":0,"enemies":"3 Louse","floor":14,"turns":1},{"damage":24,"enemies":"The Guardian","floor":16,"turns":6},{"damage":2,"enemies":"Spheric Guardian","floor":18,"turns":3},{"damage":0,"enemies":"Chosen","floor":21,"turns":2},{"damage":37,"enemies":"Slavers","floor":24,"turns":9},{"damage":30,"enemies":"Snake Plant","floor":27,"turns":2},{"damage":0,"enemies":"Book of Stabbing","floor":31,"turns":2},{"damage":71,"enemies":"Automaton","floor":33,"turns":7},{"damage":11,"enemies":"3 Shapes","floor":35,"turns":2},{"damage":41,"enemies":"3 Darklings","floor":37,"turns":3},{"damage":13,"enemies":"Spire Growth","floor":38,"turns":2},{"damage":50,"enemies":"Giant Head","floor":41,"turns":6}],"seed_played":"2572662087118619506","potions_obtained":[{"floor":1,"key":"DistilledChaos"},{"floor":7,"key":"Explosive Potion"},{"floor":8,"key":"Swift Potion"},{"floor":11,"key":"AttackPotion"},{"floor":18,"key":"SteroidPotion"},{"floor":24,"key":"BottledMiracle"},{"floor":31,"key":"AttackPotion"},{"floor":37,"key":"Energy Potion"}],"is_trial":false,"path_per_floor":["M","?","?","M","$","R","E","M","T","?","E","R","M","M","R","B",null,"M","?","?","M","$","R","E","R","T","M","R","$","R","E","R","B",null,"M","T","M","M","?","R","E"],"character_chosen":"WATCHER","items_purchased":["EmptyBody","Halt","TeardropLocket","MentalFortress"],"campfire_rested":4,"item_purchase_floors":[5,5,22,22],"current_hp_per_floor":[48,48,48,48,48,48,25,25,25,25,28,66,61,61,61,37,77,75,75,75,75,75,75,38,76,76,46,77,77,77,77,77,6,77,66,66,25,12,12,50,0,0],"gold":321,"neow_bonus":"RANDOM_COMMON_RELIC","is_daily":false,"chose_seed":false,"campfire_upgraded":5,"win_rate":0.0,"timestamp":1608324556,"path_taken":["M","?","?","M","$","R","E","M","T","?","E","R","M","?","R","BOSS","M","?","?","?","?","R","E","R","T","M","R","$","R","E","R","BOSS","M","?","M","M","?","R","E"],"items_purchased_type":["Card","Card","Relic","Card"],"build_version":"2020-12-13","purchased_purges":1,"victory":false,"max_hp_per_floor":[72,72,67,67,67,67,67,67,67,67,77,77,77,77,77,77,77,77,77,77,77,77,77,77,77,77,77,77,77,77,77,77,77,77,77,77,77,77,77,77,77,77],"relic_stats":{"Regal Pillow":53,"Busted Crown":18,"counters":[18,67],"Golden Idol":120,"Bag of Preparation":[18],"Art of War":[1],"Whetstone":["Ragnarok","FlurryOfBlows"],"obtain_stats":[{"Potion Belt":26,"Regal Pillow":0,"Pear":11,"Golden Idol":3,"Bag of Preparation":19,"TeardropLocket":22,"Whetstone":31,"Bottled Tornado":24,"Empty Cage":34,"Akabeko":7,"Busted Crown":17,"Art of War":36,"PureWater":0,"Toxic Egg 2":9},{"Potion Belt":11,"Regal Pillow":0,"Pear":5,"Golden Idol":1,"Bag of Preparation":9,"TeardropLocket":10,"Whetstone":13,"Bottled Tornado":11,"Empty Cage":14,"Akabeko":3,"Busted Crown":8,"Art of War":15,"PureWater":0,"Toxic Egg 2":4},{"Potion Belt":43,"Regal Pillow":0,"Pear":20,"Golden Idol":3,"Bag of Preparation":32,"TeardropLocket":34,"Whetstone":47,"Bottled Tornado":43,"Empty Cage":54,"Akabeko":9,"Busted Crown":29,"Art of War":56,"PureWater":0,"Toxic Egg 2":13}]},"card_choices":[{"not_picked":["Wireheading","FollowUp"],"picked":"Indignation","floor":1},{"not_picked":["Nirvana","Evaluate"],"picked":"FlurryOfBlows","floor":4},{"not_picked":["Sanctity","Perseverance"],"picked":"JustLucky","floor":7},{"not_picked":["CrushJoints","Halt"],"picked":"SignatureMove","floor":8},{"not_picked":["EmptyFist","Meditate+1"],"picked":"FlurryOfBlows","floor":11},{"not_picked":["EmptyBody+1","Brilliance"],"picked":"CutThroughFate","floor":13},{"not_picked":["LikeWater","SashWhip"],"picked":"Halt+1","floor":14},{"not_picked":["Ragnarok","Alpha+1"],"picked":"Scrawl+1","floor":16},{"not_picked":["CutThroughFate"],"picked":"SKIP","floor":18},{"not_picked":["FlyingSleeves"],"picked":"SKIP","floor":21},{"not_picked":["Collect+1"],"picked":"SKIP","floor":24},{"not_picked":[],"picked":"FlurryOfBlows+1","floor":27},{"not_picked":[],"picked":"Ragnarok","floor":31},{"not_picked":[],"picked":"DevaForm","floor":33},{"not_picked":[],"picked":"Adaptation","floor":35},{"not_picked":["CarveReality+1"],"picked":"SKIP","floor":37},{"not_picked":["CarveReality+1"],"picked":"SKIP","floor":37},{"not_picked":["FlurryOfBlows"],"picked":"SKIP","floor":38}],"player_experience":129338,"relics_obtained":[{"floor":7,"key":"Akabeko"},{"floor":9,"key":"Toxic Egg 2"},{"floor":11,"key":"Pear"},{"floor":24,"key":"Bottled Tornado"},{"floor":26,"key":"Potion Belt"},{"floor":31,"key":"Whetstone"},{"floor":36,"key":"Art of War"}],"event_choices":[{"cards_removed":["Strike_P"],"damage_healed":0,"gold_gain":0,"player_choice":"Card Removal","damage_taken":0,"max_hp_gain":0,"max_hp_loss":0,"event_name":"The Cleric","floor":2,"gold_loss":50},{"damage_healed":0,"gold_gain":0,"player_choice":"Lose Max HP","damage_taken":0,"relics_obtained":["Golden Idol"],"max_hp_gain":0,"max_hp_loss":5,"event_name":"Golden Idol","floor":3,"gold_loss":0},{"cards_removed":["Strike_P"],"damage_healed":0,"gold_gain":0,"player_choice":"Card Removal","damage_taken":0,"max_hp_gain":0,"max_hp_loss":0,"event_name":"Wheel of Change","floor":10,"gold_loss":0},{"damage_healed":0,"gold_gain":0,"player_choice":"Opened","damage_taken":0,"relics_obtained":["Bag of Preparation"],"max_hp_gain":0,"max_hp_loss":0,"event_name":"The Mausoleum","floor":19,"gold_loss":0},{"damage_healed":0,"gold_gain":0,"cards_transformed":["Strike_P"],"player_choice":"Transformed","damage_taken":0,"max_hp_gain":0,"max_hp_loss":0,"event_name":"Transmorgrifier","floor":20,"gold_loss":0,"cards_obtained":["LikeWater"]},{"damage_healed":0,"gold_gain":0,"player_choice":"Ignored","damage_taken":0,"max_hp_gain":0,"max_hp_loss":0,"event_name":"Tomb of Lord Red Mask","floor":39,"gold_loss":0}],"is_beta":false,"boss_relics":[{"not_picked":["Cursed Key","Velvet Choker"],"picked":"Busted Crown"},{"not_picked":["Runic Dome","Pandora\u0027s Box"],"picked":"Empty Cage"}],"items_purged_floors":[29],"is_endless":false,"potions_floor_spawned":[1,7,8,11,18,24,31,37],"killed_by":"Giant Head","ascension_level":3}}