{"host":"gbop6m4qugddaz18","time":1608319820,"event":{"mods":["2.2 Compatiblity","BaseMod","Better Third Choice","Block Reminder","Downfall","GifTheSpireLib","Highlight Path","Minty Spire (QoL Compilation)","Replay The Spire","StSLib"],"gold_per_floor":[219,231,244,45,10,36,36,65,65,80,114,126,126,141,141,237,337,349,363,382,382,382],"floor_reached":21,"playtime":1030,"items_purged":[],"score":213,"play_id":"835126b1-9e99-45ab-8111-24d1cd75cc39","local_time":"20201218143020","is_ascension_mode":true,"campfire_choices":[{"data":"Bash","floor":7,"key":"SMITH"},{"data":"Life Link","floor":13,"key":"SMITH"},{"data":"Metallicize","floor":15,"key":"SMITH"}],"circlet_count":0,"master_deck":["Strike_R","Strike_R","Strike_R","Strike_R","Strike_R","Defend_R","Defend_R","Defend_R","Defend_R","Bash+1","Inflame","Shrug It Off","Clash","Iron Wave","Metallicize+1","Life Link+1","Cleave","True Grit","Ghostly Armor","Heavy Blade","Barricade","Body Slam+1","Pommel Strike","Shrug It Off+1"],"relics":["Burning Blood","King of Hearts","Onion Ring","Eternal Feather","Shuriken","Question Card","Replay:Wanted Poster"],"acts_visited":["Exordium","TheCity"],"potions_floor_usage":[8,11,11],"damage_taken":[{"damage":5,"enemies":"Cultist","floor":1,"turns":4},{"damage":6,"enemies":"Jaw Worm","floor":2,"turns":4},{"damage":7,"enemies":"2 Louse","floor":3,"turns":3},{"damage":33,"enemies":"Gremlin Nob","floor":6,"turns":5},{"damage":7,"enemies":"3 Sentries","floor":8,"turns":10},{"damage":13,"enemies":"Red Slaver","floor":10,"turns":4},{"damage":26,"enemies":"Lagavulin","floor":11,"turns":6},{"damage":0,"enemies":"Looter","floor":12,"turns":3},{"damage":0,"enemies":"Large Slime","floor":14,"turns":4},{"damage":41,"enemies":"Fading Forest","floor":16,"turns":11},{"damage":11,"enemies":"Shell Parasite","floor":18,"turns":5},{"damage":34,"enemies":"3 Byrds","floor":19,"turns":6},{"damage":27,"enemies":"Snake Plant","floor":20,"turns":4},{"damage":29,"enemies":"3 Cultists","floor":21,"turns":4}],"seed_played":"-2541707981545779232","potions_obtained":[{"floor":1,"key":"Dexterity Potion"},{"floor":8,"key":"Guardian:BlockOnCardUsePotion"},{"floor":10,"key":"Fire Potion"},{"floor":12,"key":"SpeedPotion"},{"floor":16,"key":"SpeedPotion"},{"floor":18,"key":"Swift Potion"},{"floor":20,"key":"FearPotion"}],"is_trial":false,"path_per_floor":["M","M","M","$","?","E","R","E","T","M","E","M","R","M","R","B",null,"M","M","M","M"],"character_chosen":"IRONCLAD","items_purchased":["King of Hearts","Iron Wave"],"campfire_rested":0,"item_purchase_floors":[4,4],"current_hp_per_floor":[80,80,79,79,80,53,53,52,52,45,25,31,40,46,58,33,80,75,47,26,0,0],"gold":382,"neow_bonus":"HUNDRED_GOLD","is_daily":false,"chose_seed":false,"campfire_upgraded":3,"win_rate":0.0,"timestamp":1608319820,"path_taken":["M","M","?","$","?","E","R","E","T","M","E","M","R","M","R","BOSS","M","M","M","M"],"items_purchased_type":["Relic","Card"],"build_version":"2020-12-13","purchased_purges":0,"victory":false,"max_hp_per_floor":[80,80,80,80,80,80,80,80,80,80,80,80,80,80,80,80,80,80,80,80,80,80],"card_choices":[{"not_picked":["Body Slam","Twin Strike"],"picked":"Inflame","floor":1},{"not_picked":["Burning Pact","Clash"],"picked":"Shrug It Off","floor":2},{"not_picked":["Havoc","Sentinel"],"picked":"Clash","floor":3},{"not_picked":["Inflame","Havoc"],"picked":"Metallicize","floor":6},{"not_picked":["Immolate","Flex"],"picked":"Life Link","floor":8},{"not_picked":["Sentinel","Defy Death"],"picked":"Cleave","floor":10},{"not_picked":["Warcry","Life Link"],"picked":"True Grit","floor":11},{"not_picked":["Battle Trance","True Grit","Abandon"],"picked":"Ghostly Armor","floor":12},{"not_picked":["Bloodletting","Cleave","Pommel Strike"],"picked":"Heavy Blade","floor":14},{"not_picked":["Double Tap","Impervious","Limit Break"],"picked":"Barricade","floor":16},{"not_picked":["Flame Barrier","Sword Boomerang","Anger"],"picked":"Body Slam+1","floor":18},{"not_picked":["Heavy Blade","Clothesline+1","Sentinel"],"picked":"Pommel Strike","floor":19},{"not_picked":["Fire Breathing","Entrench+1","True Grit"],"picked":"Shrug It Off+1","floor":20}],"player_experience":459360,"relics_obtained":[{"floor":6,"key":"Onion Ring"},{"floor":8,"key":"Eternal Feather"},{"floor":9,"key":"Shuriken"},{"floor":11,"key":"Question Card"}],"event_choices":[{"damage_healed":20,"gold_gain":0,"player_choice":"Healed","damage_taken":0,"max_hp_gain":0,"max_hp_loss":0,"event_name":"The Cleric","floor":5,"gold_loss":35}],"is_beta":false,"boss_relics":[{"not_picked":["Painkiller Herb","Replay:Drink Me"],"picked":"Replay:Wanted Poster"}],"items_purged_floors":[],"is_endless":false,"potions_floor_spawned":[1,8,10,12,16,18,20],"killed_by":"3 Cultists","ascension_level":1}}