{"host":"no0bdlpxzp7bzzks","time":1608254791,"event":{"mods":["BaseMod","Better Match","Block Reminder","Colored Map","Curses Come First","DeckTracker","Downfall","Duelist Mod","Filter the Spire","Highlight Path","Jedi Mod","Jorbs\u0027s Wanderer Trilogy","Key Reminder","Minty Spire (QoL Compilation)","Permanent Neow","Relic Sorter","Relic Stats","Replay The Spire","StSLib","The Construct"],"gold_per_floor":[126,140,184,184,195,195,195],"floor_reached":6,"playtime":711,"items_purged":[],"score":36,"play_id":"ebed81ae-9412-4d4b-ad43-c7f42563d69d","local_time":"20201217192631","is_ascension_mode":false,"campfire_choices":[],"circlet_count":0,"master_deck":["stsjorbsmod:ForbiddenGrimoire+1","stsjorbsmod:Strike_Wanderer","stsjorbsmod:Strike_Wanderer","stsjorbsmod:Strike_Wanderer","stsjorbsmod:Strike_Wanderer","stsjorbsmod:Defend_Wanderer","stsjorbsmod:Defend_Wanderer","stsjorbsmod:Defend_Wanderer","stsjorbsmod:Defend_Wanderer","stsjorbsmod:FreshAdventure","stsjorbsmod:EyeOfTheStorm","stsjorbsmod:Stalwart","ReplayTheSpireMod:Splinters","stsjorbsmod:LocateObject","stsjorbsmod:Will"],"relics":["stsjorbsmod:GrimoireRelic","Oddly Smooth Stone","jedi:bottledfury"],"acts_visited":["Exordium"],"potions_floor_usage":[6,6],"damage_taken":[{"damage":2,"enemies":"Small Slimes","floor":1,"turns":7},{"damage":25,"enemies":"Jaw Worm","floor":2,"turns":7},{"damage":29,"enemies":"Cultist","floor":5,"turns":7},{"damage":22,"enemies":"Gremlin Nob","floor":6,"turns":3}],"seed_played":"-7363379470181094655","potions_obtained":[{"floor":3,"key":"FearPotion"},{"floor":3,"key":"GamblersBrew"},{"floor":3,"key":"PowerPotion"}],"is_trial":false,"path_per_floor":["M","M","?","?","M","E"],"character_chosen":"WANDERER","items_purchased":[],"campfire_rested":0,"item_purchase_floors":[],"current_hp_per_floor":[72,47,47,44,15,0,0],"gold":195,"neow_bonus":"RANDOM_COMMON_RELIC","is_daily":false,"chose_seed":false,"campfire_upgraded":0,"win_rate":0.0,"timestamp":1608254791,"path_taken":["M","M","?","?","M","E"],"items_purchased_type":[],"build_version":"2020-12-13","purchased_purges":0,"victory":false,"max_hp_per_floor":[72,72,72,72,72,72,72],"relic_stats":{"counters":[4,24],"obtain_stats":[{"Oddly Smooth Stone":0,"stsjorbsmod:GrimoireRelic":0,"jedi:bottledfury":4},{"Oddly Smooth Stone":0,"stsjorbsmod:GrimoireRelic":0,"jedi:bottledfury":2},{"Oddly Smooth Stone":0,"stsjorbsmod:GrimoireRelic":0,"jedi:bottledfury":14}]},"card_choices":[{"not_picked":["stsjorbsmod:ParryingBlow","stsjorbsmod:FracturedMind"],"picked":"stsjorbsmod:Stalwart","floor":1},{"not_picked":["stsjorbsmod:BlackTentacles","stsjorbsmod:ChainLightning","stsjorbsmod:AnimateObjects"],"picked":"SKIP","floor":2},{"not_picked":["stsjorbsmod:Counterspell","stsjorbsmod:Hurt"],"picked":"stsjorbsmod:LocateObject","floor":3},{"not_picked":["stsjorbsmod:LocateObject","stsjorbsmod:Hurt"],"picked":"stsjorbsmod:Will","floor":5}],"player_experience":135741,"relics_obtained":[],"event_choices":[{"damage_healed":0,"gold_gain":0,"player_choice":"Success","damage_taken":3,"relics_obtained":["jedi:bottledfury"],"max_hp_gain":0,"max_hp_loss":0,"event_name":"Scrap Ooze","floor":4,"gold_loss":0}],"is_beta":false,"boss_relics":[],"items_purged_floors":[],"is_endless":false,"potions_floor_spawned":[],"killed_by":"Gremlin Nob","ascension_level":0}}