{"host":"6azrrw3tf7wb0f4b","time":1608258205,"event":{"mods":["BaseMod","DeckTracker","Minty Spire (QoL Compilation)","SuperFastMode"],"gold_per_floor":[112,112,122,297,315,315,37,37,91,91,103,103,203,223,223,327,327,340,353,43,54,154,154,154],"floor_reached":23,"playtime":467,"items_purged":["Doubt","Strike_B"],"score":244,"play_id":"47f4d3ee-97bb-46b8-bd19-89eb6c078516","local_time":"20201218112325","is_ascension_mode":true,"campfire_choices":[{"data":"Dualcast","floor":6,"key":"SMITH"},{"data":"Coolheaded","floor":12,"key":"SMITH"},{"data":"Conserve Battery","floor":15,"key":"SMITH"}],"circlet_count":0,"master_deck":["Strike_B","Strike_B+1","Defend_B","Defend_B","Defend_B","Zap+1","Dualcast+1","Capacitor","Conserve Battery+1","Coolheaded+1","Turbo","Doom and Gloom","Heatsinks+1","BootSequence","Seek","Self Repair+1","Ball Lightning+1","Loop","Hologram"],"relics":["Cracked Core","Akabeko","Blood Vial","Empty Cage","ClockworkSouvenir"],"acts_visited":["Exordium","TheCity"],"potions_floor_usage":[19,23],"damage_taken":[{"damage":1,"enemies":"Cultist","floor":1,"turns":3},{"damage":1,"enemies":"2 Louse","floor":3,"turns":2},{"damage":2,"enemies":"Small Slimes","floor":5,"turns":4},{"damage":4,"enemies":"Blue Slaver","floor":11,"turns":4},{"damage":10,"enemies":"2 Fungi Beasts","floor":14,"turns":4},{"damage":34,"enemies":"The Guardian","floor":16,"turns":12},{"damage":18,"enemies":"Shell Parasite","floor":18,"turns":6},{"damage":27,"enemies":"3 Byrds","floor":19,"turns":4},{"damage":23,"enemies":"Snake Plant","floor":21,"turns":3},{"damage":29,"enemies":"Slavers","floor":23,"turns":2}],"seed_played":"8552349973163211539","potions_obtained":[{"floor":1,"key":"Dexterity Potion"},{"floor":11,"key":"PotionOfCapacity"},{"floor":18,"key":"Fire Potion"}],"is_trial":false,"path_per_floor":["M","?","M","?","M","R","$","?","T","?","M","R","?","M","R","B",null,"M","M","$","M","?","E"],"character_chosen":"DEFECT","items_purchased":["Turbo","Doom and Gloom","Heatsinks","Loop","ClockworkSouvenir"],"campfire_rested":0,"item_purchase_floors":[7,7,7,20,20],"current_hp_per_floor":[67,72,71,71,69,69,69,69,69,53,51,51,51,43,43,11,63,47,32,32,21,21,0,0],"gold":154,"neow_bonus":"UPGRADE_CARD","is_daily":false,"chose_seed":false,"campfire_upgraded":3,"win_rate":0.0,"timestamp":1608258205,"path_taken":["M","?","M","?","M","R","$","?","T","?","?","R","?","?","R","BOSS","M","M","$","M","?","E"],"items_purchased_type":["Card","Card","Card","Card","Relic"],"build_version":"2020-12-13","purchased_purges":2,"victory":false,"max_hp_per_floor":[75,80,80,80,80,80,80,80,80,80,80,80,80,80,80,80,80,80,80,80,80,80,80,80],"card_choices":[{"not_picked":["Aggregate","Skim"],"picked":"Capacitor","floor":1},{"not_picked":["Rebound","Redo"],"picked":"Conserve Battery","floor":3},{"not_picked":["Rebound","Heatsinks"],"picked":"Coolheaded","floor":5},{"not_picked":["Ball Lightning","Leap"],"picked":"BootSequence","floor":11},{"not_picked":["Thunder Strike","Sweeping Beam","Stack"],"picked":"SKIP","floor":14},{"not_picked":["Rainbow","Thunder Strike"],"picked":"Seek","floor":16},{"not_picked":["Rebound","Barrage"],"picked":"Self Repair+1","floor":18},{"not_picked":["Genetic Algorithm","Barrage"],"picked":"Ball Lightning+1","floor":19},{"not_picked":["Turbo","Gash"],"picked":"Hologram","floor":21}],"player_experience":598206,"relics_obtained":[{"floor":9,"key":"Blood Vial"}],"event_choices":[{"damage_healed":0,"gold_gain":0,"player_choice":"Donut","damage_taken":0,"max_hp_gain":5,"max_hp_loss":0,"event_name":"Big Fish","floor":2,"gold_loss":0},{"damage_healed":0,"gold_gain":175,"player_choice":"AGREE","damage_taken":0,"max_hp_gain":0,"max_hp_loss":0,"event_name":"Liars Game","floor":4,"gold_loss":0,"cards_obtained":["Doubt"]},{"damage_healed":0,"gold_gain":0,"player_choice":"Searched \u00271\u0027 times","damage_taken":0,"relics_obtained":["Akabeko"],"max_hp_gain":0,"max_hp_loss":0,"event_name":"Dead Adventurer","floor":8,"gold_loss":0},{"damage_healed":0,"gold_gain":0,"player_choice":"Entered Light","damage_taken":16,"max_hp_gain":0,"max_hp_loss":0,"event_name":"Shining Light","floor":10,"gold_loss":0,"cards_upgraded":["Heatsinks","Strike_B"]},{"damage_healed":0,"gold_gain":100,"player_choice":"Pray","damage_taken":0,"max_hp_gain":0,"max_hp_loss":0,"event_name":"Golden Shrine","floor":13,"gold_loss":0},{"damage_healed":0,"gold_gain":100,"player_choice":"Pray","damage_taken":0,"max_hp_gain":0,"max_hp_loss":0,"event_name":"Golden Shrine","floor":22,"gold_loss":0}],"is_beta":false,"boss_relics":[{"not_picked":["Fusion Hammer","Calling Bell"],"picked":"Empty Cage"}],"items_purged_floors":[7,20],"is_endless":false,"potions_floor_spawned":[1,11,18],"killed_by":"Slavers","ascension_level":7}}