{"host":"lhth1efayex2023z","time":1608328679,"event":{"mods":["BaseMod","Colored Map","Googly Eyes","Minty Spire (QoL Compilation)","StSLib"],"gold_per_floor":[366,385,8,8,20,55,55,82,105,122,122,153,59,59,59,59,59],"floor_reached":16,"playtime":570,"items_purged":["Pain"],"score":171,"play_id":"0ebaa675-ebe7-4ddc-a0a3-a77e101b82cc","local_time":"20201218145759","is_ascension_mode":true,"campfire_choices":[{"floor":7.0,"key":"REST"},{"floor":11.0,"key":"REST"},{"data":"Footwork","floor":15.0,"key":"SMITH"}],"circlet_count":0,"master_deck":["Strike_G","Strike_G","Strike_G","Strike_G","Defend_G","Defend_G","Defend_G","Defend_G","Defend_G","Survivor","Neutralize","Prepared","Blade Dance","Poisoned Stab","After Image","Dash","Infinite Blades","Footwork+1","Backflip","Parasite"],"relics":["Ring of the Snake","Question Card","Anchor","Boot","Bronze Scales","Regal Pillow"],"acts_visited":["Exordium"],"potions_floor_usage":[16],"damage_taken":[{"damage":12.0,"enemies":"Small Slimes","floor":1.0,"turns":5.0},{"damage":6.0,"enemies":"Jaw Worm","floor":2.0,"turns":4.0},{"damage":0.0,"enemies":"Cultist","floor":5.0,"turns":4.0},{"damage":14.0,"enemies":"Lagavulin","floor":6.0,"turns":5.0},{"damage":43.0,"enemies":"Gremlin Nob","floor":8.0,"turns":5.0},{"damage":0.0,"enemies":"Lots of Slimes","floor":10.0,"turns":3.0},{"damage":5.0,"enemies":"3 Sentries","floor":12.0,"turns":7.0},{"damage":22,"enemies":"Slime Boss","floor":16,"turns":8}],"seed_played":"7557303602748270239","potions_obtained":[{"floor":1.0,"key":"Poison Potion"},{"floor":2.0,"key":"Fire Potion"},{"floor":12.0,"key":"SteroidPotion"}],"is_trial":false,"path_per_floor":["M","M","$","?","M","E","R","E","T","M","R","E","$","?","R","B"],"character_chosen":"THE_SILENT","items_purchased":["Question Card","PowerPotion","Footwork","Backflip"],"campfire_rested":2,"item_purchase_floors":[3,3,13,13],"current_hp_per_floor":[51,45,45,38,38,24,45,2,2,2,23,18,18,35,35,13,13],"gold":59,"neow_bonus":"TWO_FIFTY_GOLD","is_daily":false,"chose_seed":false,"campfire_upgraded":1,"win_rate":0.0,"timestamp":1608328679,"path_taken":["M","M","$","?","M","E","R","E","T","M","R","E","$","?","R","BOSS"],"items_purchased_type":["Relic","Potion","Card","Card"],"build_version":"2020-12-13","purchased_purges":1,"victory":false,"max_hp_per_floor":[70,70,70,70,70,70,70,70,70,70,70,70,70,70,70,70,70],"card_choices":[{"not_picked":["Acrobatics","Bane"],"picked":"Prepared","floor":1.0},{"not_picked":["Dodge and Roll","Concentrate"],"picked":"Blade Dance","floor":2.0},{"not_picked":["Outmaneuver","PiercingWail","Dagger Throw"],"picked":"Poisoned Stab","floor":5.0},{"not_picked":["Heel Hook","Deadly Poison","Leg Sweep"],"picked":"After Image","floor":6.0},{"not_picked":["Backflip","Noxious Fumes","Acrobatics"],"picked":"Dash","floor":8.0},{"not_picked":["Dagger Spray","Sucker Punch","Setup"],"picked":"Infinite Blades","floor":10.0},{"not_picked":["Concentrate","All Out Attack","Dagger Spray","Underhanded Strike"],"picked":"SKIP","floor":12.0}],"player_experience":365576,"relics_obtained":[{"floor":6.0,"key":"Anchor"},{"floor":8.0,"key":"Boot"},{"floor":9.0,"key":"Bronze Scales"},{"floor":12.0,"key":"Regal Pillow"}],"event_choices":[{"cards_removed":["Strike_G"],"damage_healed":0.0,"max_hp_gain":0.0,"max_hp_loss":0.0,"gold_gain":0.0,"event_name":"Golden Wing","player_choice":"Card Removal","floor":4.0,"gold_loss":0.0,"damage_taken":7.0},{"damage_healed":17.0,"max_hp_gain":0.0,"max_hp_loss":0.0,"gold_gain":0.0,"event_name":"Mushrooms","player_choice":"Healed and dodged fight","floor":14.0,"gold_loss":0.0,"damage_taken":0.0,"cards_obtained":["Parasite"]}],"is_beta":false,"boss_relics":[],"items_purged_floors":[3],"is_endless":false,"potions_floor_spawned":[1,2,12],"killed_by":"Slime Boss","ascension_level":9}}