{"host":"1sn8m3l2btf1jbx1","time":1608258742,"event":{"mods":["AchievementEnabler","BaseMod","Colored Map","Colored Powertips","Highlight Path","Minty Spire (QoL Compilation)","Quick Restart","Rare Cards Sparkle","StSLib"],"gold_per_floor":[119,133,17,17,17,17,44,44,44,44,69,23,23,52,52,148,148,168,183,183,194,194,194],"floor_reached":22,"playtime":869,"items_purged":[],"score":371,"play_id":"28d16840-d764-4155-bde4-48c75c90a4e7","local_time":"20201218103222","is_ascension_mode":true,"campfire_choices":[{"data":"Eruption","floor":6.0,"key":"SMITH"},{"data":"Pray","floor":8.0,"key":"SMITH"},{"data":"Vigilance","floor":10.0,"key":"SMITH"},{"data":"Weave","floor":15.0,"key":"SMITH"}],"circlet_count":0,"master_deck":["Strike_P","Strike_P","Strike_P","Strike_P+1","Defend_P","Defend_P","Defend_P","Defend_P","Eruption+1","Vigilance+1","Consecrate","Perseverance+1","PathToVictory+1","Wireheading","Pray+1","Wallop","CutThroughFate","Weave+1","Devotion","InnerPeace+1","EmptyBody","ConjureBlade","Dramatic Entrance","PathToVictory"],"relics":["PureWater","NeowsBlessing","Ginger","PreservedInsect","Tiny Chest","Pen Nib","Vajra","Sozu"],"acts_visited":["Exordium","TheCity"],"potions_floor_usage":[],"damage_taken":[{"damage":0.0,"enemies":"Cultist","floor":1.0,"turns":1.0},{"damage":0.0,"enemies":"Jaw Worm","floor":2.0,"turns":1.0},{"damage":0.0,"enemies":"Gremlin Nob","floor":7.0,"turns":1.0},{"damage":15.0,"enemies":"Lagavulin","floor":11.0,"turns":5.0},{"damage":1.0,"enemies":"3 Sentries","floor":14.0,"turns":4.0},{"damage":0.0,"enemies":"Slime Boss","floor":16.0,"turns":4.0},{"damage":4.0,"enemies":"2 Thieves","floor":18.0,"turns":4.0},{"damage":24.0,"enemies":"3 Byrds","floor":19.0,"turns":4.0},{"damage":7,"enemies":"Snecko","floor":21,"turns":5},{"damage":33,"enemies":"3 Cultists","floor":22,"turns":4}],"seed_played":"1383071843532932006","potions_obtained":[{"floor":7.0,"key":"StancePotion"},{"floor":11.0,"key":"Explosive Potion"}],"is_trial":false,"path_per_floor":["M","M","$","?","?","R","E","R","T","R","E","$","?","E","R","B",null,"M","M","?","M","M"],"character_chosen":"WATCHER","items_purchased":["PathToVictory","Wireheading","CutThroughFate"],"campfire_rested":0,"item_purchase_floors":[3,3,12],"current_hp_per_floor":[65,65,65,65,51,51,51,51,51,51,36,36,29,28,28,28,61,57,33,33,26,0,0],"gold":194,"neow_bonus":"THREE_ENEMY_KILL","is_daily":false,"chose_seed":false,"campfire_upgraded":4,"win_rate":0.0,"timestamp":1608258742,"path_taken":["M","M","$","?","?","R","E","R","T","R","E","$","?","E","R","BOSS","M","M","?","?","M"],"items_purchased_type":["Card","Card","Card"],"build_version":"2020-12-13","purchased_purges":0,"victory":false,"max_hp_per_floor":[72,72,72,72,72,72,72,72,72,72,72,72,72,72,72,72,72,72,72,72,72,72,72],"card_choices":[{"not_picked":["BowlingBash","Halt"],"picked":"Consecrate","floor":1.0},{"not_picked":["SashWhip","Swivel"],"picked":"Perseverance","floor":2.0},{"not_picked":["FlyingSleeves","Crescendo"],"picked":"Pray","floor":7.0},{"not_picked":["Pray","FlyingSleeves"],"picked":"Wallop","floor":11.0},{"not_picked":["CarveReality","Omniscience"],"picked":"Weave","floor":14.0},{"not_picked":["Brilliance","SpiritShield"],"picked":"Devotion","floor":16.0},{"not_picked":["CutThroughFate","CrushJoints"],"picked":"InnerPeace+1","floor":18.0},{"not_picked":["FlyingSleeves","Crescendo"],"picked":"EmptyBody","floor":19.0},{"not_picked":["Swivel","BattleHymn"],"picked":"PathToVictory","floor":21}],"player_experience":294791,"relics_obtained":[{"floor":7.0,"key":"Ginger"},{"floor":9.0,"key":"PreservedInsect"},{"floor":11.0,"key":"Tiny Chest"},{"floor":14.0,"key":"Vajra"}],"event_choices":[{"damage_healed":0.0,"max_hp_gain":0.0,"max_hp_loss":0.0,"gold_gain":0.0,"event_name":"Living Wall","player_choice":"Grow","floor":4.0,"gold_loss":0.0,"damage_taken":0.0,"cards_upgraded":["PathToVictory"]},{"damage_healed":0.0,"max_hp_gain":0.0,"max_hp_loss":0.0,"gold_gain":0.0,"event_name":"Shining Light","player_choice":"Entered Light","floor":5.0,"gold_loss":0.0,"damage_taken":14.0,"cards_upgraded":["Strike_P","Perseverance"]},{"damage_healed":0.0,"max_hp_gain":0.0,"max_hp_loss":0.0,"gold_gain":0.0,"event_name":"Scrap Ooze","player_choice":"Success","floor":13.0,"gold_loss":0.0,"damage_taken":7.0,"relics_obtained":["Pen Nib"]},{"damage_healed":0,"gold_gain":0,"player_choice":"2 cards matched","damage_taken":0,"max_hp_gain":0,"max_hp_loss":0,"event_name":"Match and Keep!","floor":20,"gold_loss":0,"cards_obtained":["ConjureBlade","Dramatic Entrance"]}],"is_beta":false,"boss_relics":[{"not_picked":["Philosopher\u0027s Stone","Velvet Choker"],"picked":"Sozu"}],"items_purged_floors":[],"is_endless":false,"potions_floor_spawned":[7,11,18,21],"killed_by":"3 Cultists","ascension_level":7}}