{"host":"cz3p2o9n3b1gdmkz","time":1608283200,"event":{"mods":["AchievementEnabler","BaseMod","CapriCore","GungeonMod","Hermit","Lobotomy","Minty Spire (QoL Compilation)","Replay The Spire","Shop Mod","StSLib","SuperFastMode","The Cursed","The Dragon Tamer","The Gatherer","The Jungle","The Poker Player","The Runesmith"],"gold_per_floor":[109,109,109,130,130,163,183,216,241,90,90,107,177,192,192,299,299,318,162,162,183,183,183,202,227,227,252,252,252,286,302,302,406,406,426,278,278,59,59,59,105,105,129,150,150,150,450,473,473,485,485,485,485,281,91,1],"floor_reached":57,"playtime":3732,"items_purged":[],"score":1896,"play_id":"64a45559-3061-4282-b2e8-84c1b7f62861","local_time":"20201218182000","is_ascension_mode":true,"campfire_choices":[{"data":"hermit:Strike_Hermit","floor":11.0,"key":"SMITH"},{"floor":15,"key":"REST"},{"data":"hermit:Strike_Hermit","floor":23,"key":"SMITH"},{"data":"hermit:Strike_Hermit","floor":28,"key":"SMITH"},{"data":"hermit:Strike_Hermit","floor":32,"key":"SMITH"},{"data":"hermit:Strike_Hermit","floor":40,"key":"SMITH"},{"data":"hermit:Strike_Hermit","floor":42,"key":"SMITH"},{"data":"hermit:Strike_Hermit","floor":45,"key":"SMITH"},{"floor":49,"key":"RECALL"},{"data":"hermit:Strike_Hermit","floor":53,"key":"SMITH"}],"circlet_count":0,"master_deck":["AscendersBane","hermit:Strike_Hermit","hermit:Strike_Hermit","hermit:Strike_Hermit","hermit:Defend_Hermit","hermit:Defend_Hermit","hermit:Defend_Hermit","hermit:Snapshot","hermit:Covet","OldLady","hermit:Scavenge","Regret","UniverseFragment","hermit:Gambit+1","DespairKnight","CENSORED","hermit:GhostlyPresence","hermit:Dissolve+1","CurseOfTheBell","Bloodbath","hermit:Maintenance","OSAHOGD","ShyLook","hermit:Scavenge+1","BigBadWolf","LongBird","hermit:Gestalt+1","Writhe","Freischutz","Variant","Secret Weapon","DemoMod:Invincible","Mind Blast","ReplayTheSpireMod:IOU","Chrysalis","hermit:Grudge+1"],"relics":["hermit:Momento","CogitoBucket","RabbitCall","Simple Rune","Strawberry","Replay:Kaleidoscope","Replay:Baseball","War Paint","HellTrain","Whetstone","Calling Bell","Ancient Tea Set","InkBottle","Gambling Chip","Happy Flower","MutagenicStrength","TreeSap","Mirror","ReplayTheSpireMod:Ninjato","Replay:Bronze Core","BehaviorAdjustment","Membership Card","Du-Vu Doll","Guide Book","Centennial Puzzle","Blood Vial","Replay:Wax Seal","DemoMod:ClearGuonStone","ReplayTheSpireMod:ShopPack","Gremlin Food"],"acts_visited":["Exordium","TheCity","TheBeyond","TheEnding"],"potions_floor_usage":[16,27,33,35,50,55,55],"damage_taken":[{"damage":2.0,"enemies":"2 Louse","floor":1.0,"turns":2.0},{"damage":1.0,"enemies":"Cultist","floor":4.0,"turns":3.0},{"damage":16.0,"enemies":"Replay:BlueRogue","floor":6.0,"turns":10.0},{"damage":1.0,"enemies":"Small Slimes","floor":7.0,"turns":4.0},{"damage":10.0,"enemies":"3 Sentries","floor":8.0,"turns":11.0},{"damage":3.0,"enemies":"Looter","floor":12.0,"turns":5.0},{"damage":6.0,"enemies":"Blue Slaver","floor":14.0,"turns":4.0},{"damage":24,"enemies":"Hexaghost","floor":16,"turns":11},{"damage":10,"enemies":"Spheric Guardian","floor":18,"turns":6},{"damage":0,"enemies":"Chosen","floor":21,"turns":5},{"damage":0,"enemies":"Snake Plant","floor":24,"turns":1},{"damage":0,"enemies":"Centurion and Healer","floor":25,"turns":7},{"damage":0,"enemies":"Book of Stabbing","floor":27,"turns":3},{"damage":19,"enemies":"Chosen and Byrds","floor":30,"turns":7},{"damage":18,"enemies":"3 Cultists","floor":31,"turns":7},{"damage":63,"enemies":"Pondfish","floor":33,"turns":7},{"damage":55,"enemies":"3 Shapes","floor":35,"turns":7},{"damage":17,"enemies":"Reptomancer","floor":41,"turns":6},{"damage":11,"enemies":"3 Darklings","floor":44,"turns":6},{"damage":9,"enemies":"4 Shapes","floor":48,"turns":3},{"damage":29,"enemies":"Replay:Hell Engine","floor":50,"turns":9},{"damage":34,"enemies":"Shield and Spear","floor":55,"turns":3},{"damage":136,"enemies":"The Heart","floor":56,"turns":12}],"seed_played":"-1661548165790984525","potions_obtained":[{"floor":4.0,"key":"FearPotion"},{"floor":7.0,"key":"Swift Potion"},{"floor":8.0,"key":"SteroidPotion"},{"floor":18,"key":"Weak Potion"},{"floor":33,"key":"DistilledChaos"},{"floor":44,"key":"Energy Potion"},{"floor":48,"key":"DuplicationPotion"}],"is_trial":false,"path_per_floor":["M","?","$","M","?","E","M","E","T","$","R","M","?","M","R","B",null,"M","$","?","M","?","R","M","M","T","E","R","?","M","M","R","B",null,"M","$","?","$","?","R","E","R","T","M","R","T","?","M","R","B",null,null,"R","$","E","B",null],"character_chosen":"HERMIT","items_purchased":["War Paint","Happy Flower","Membership Card","Du-Vu Doll","Guide Book","Replay:Wax Seal","DemoMod:ClearGuonStone","ReplayTheSpireMod:ShopPack","Dexterity Potion","Mind Blast","Chrysalis"],"campfire_rested":1,"item_purchase_floors":[10,19,36,38,38,54,54,54,54,54,54],"current_hp_per_floor":[66,66,66,65,65,56,55,45,45,45,45,42,10,6,30,22,67,64,64,64,66,66,66,15,82,82,82,82,82,73,64,64,55,64,32,32,49,49,49,49,39,39,39,30,30,30,30,24,24,52,52,52,52,52,30,24],"gold":1,"neow_bonus":"","is_daily":false,"chose_seed":false,"campfire_upgraded":8,"win_rate":0.0,"timestamp":1608283200,"path_taken":["M","?","$","M","?","E","M","E","T","$","R","?","?","M","R","BOSS","M","$","?","M","?","R","M","M","T","E","R","?","M","?","R","BOSS","M","$","?","$","?","R","E","R","T","M","R","?","?","M","R","BOSS","R","$","E","BOSS"],"items_purchased_type":["Relic","Relic","Relic","Relic","Relic","Relic","Relic","Relic","Potion","Card","Card"],"build_version":"2020-12-13","purchased_purges":0,"victory":true,"max_hp_per_floor":[75,75,75,75,75,82,82,82,82,82,82,82,82,82,82,82,82,82,82,82,82,82,82,82,82,82,82,82,82,82,82,82,67,67,67,67,67,67,67,67,67,67,67,67,67,67,67,67,67,52,52,52,52,52,52,37],"card_choices":[{"not_picked":["Laetitia","WallGazer","CherryBlossoms"],"picked":"Singing Bowl","floor":1.0},{"not_picked":["Bloodbath","PunishingBird"],"picked":"OldLady","floor":1.0},{"not_picked":["hermit:Cheat","hermit:ShadowCloak"],"picked":"hermit:Scavenge","floor":1.0},{"not_picked":["SpiderBud","SingingMachine","VoidDream"],"picked":"Singing Bowl","floor":4.0},{"not_picked":["FairyFestival","Wellcheers"],"picked":"UniverseFragment","floor":4.0},{"not_picked":["hermit:Manifest","hermit:Maintenance"],"picked":"hermit:Vantage","floor":4.0},{"not_picked":["PunishingBird","Rudolta","Scorched"],"picked":"Singing Bowl","floor":6.0},{"not_picked":["WallGazer","OSAHOGD"],"picked":"Yin","floor":6.0},{"not_picked":["hermit:FromBeyond","hermit:GoldenBullet","hermit:SprayPray"],"picked":"SKIP","floor":6.0},{"not_picked":["hermit:Malice","hermit:LoneWolf","hermit:BodyArmor"],"picked":"SKIP","floor":7.0},{"not_picked":["ShyLook","FieryBird","OSAHOGD"],"picked":"Singing Bowl","floor":8.0},{"not_picked":["FairyFestival","Porccubus"],"picked":"DespairKnight","floor":8.0},{"not_picked":["hermit:EyeOfTheStorm","hermit:HoleUp","hermit:LowProfile"],"picked":"SKIP","floor":8.0},{"not_picked":["MHz","SingingMachine","Scorched"],"picked":"Singing Bowl","floor":12.0},{"not_picked":["Scorched","Murderer"],"picked":"CENSORED","floor":12.0},{"not_picked":["hermit:Determination","hermit:HighNoon","hermit:Snipe"],"picked":"SKIP","floor":12.0},{"not_picked":["hermit:Quickdraw","hermit:Coalescence"],"picked":"hermit:GhostlyPresence","floor":13.0},{"not_picked":["HappyTeddy","MHz","VoidDream"],"picked":"Singing Bowl","floor":14.0},{"not_picked":["FairyFestival","QueenBee"],"picked":"PunishingBird","floor":14.0},{"not_picked":["hermit:Gestalt","hermit:Ricochet","hermit:TakeAim"],"picked":"SKIP","floor":14.0},{"not_picked":["VoidDream","ShyLook","FieryBird"],"picked":"Singing Bowl","floor":16},{"not_picked":["LaLuna","Scorched"],"picked":"HappyTeddy","floor":16},{"not_picked":["hermit:OverwhelmingPower","hermit:Adapt"],"picked":"hermit:Dissolve","floor":16},{"not_picked":["CrumblingArmor","Scorched","LittleHelper"],"picked":"Singing Bowl","floor":18},{"not_picked":["hermit:BigShot","hermit:TrackingShot","hermit:GoldenBullet"],"picked":"SKIP","floor":18},{"not_picked":["CherryBlossoms","SingingMachine","LaLuna"],"picked":"Singing Bowl","floor":21},{"not_picked":["BeautyBeast","Wellcheers"],"picked":"Bloodbath","floor":21},{"not_picked":["hermit:Vantage","hermit:Coalescence+1"],"picked":"hermit:Maintenance","floor":21},{"not_picked":["Variant","WallGazer","Woodsman"],"picked":"Singing Bowl","floor":24},{"not_picked":["hermit:ShadowCloak","hermit:Headshot","hermit:TakeCover"],"picked":"SKIP","floor":24},{"not_picked":["BlueStar","Laetitia","Scorched"],"picked":"Singing Bowl","floor":25},{"not_picked":["SpiderBud","QueenOfHatred"],"picked":"OSAHOGD","floor":25},{"not_picked":["hermit:Feint","hermit:HighCaliber","hermit:Showdown+1"],"picked":"SKIP","floor":25},{"not_picked":["CrumblingArmor","CherryBlossoms"],"picked":"ShyLook","floor":27},{"not_picked":["hermit:Cheat","hermit:Vantage"],"picked":"hermit:Scavenge+1","floor":27},{"not_picked":["LaLuna","NakedNest"],"picked":"BigBadWolf","floor":30},{"not_picked":["hermit:TrackingShot","hermit:LoneWolf+1","hermit:Glare"],"picked":"SKIP","floor":30},{"not_picked":["HappyTeddy","Laetitia"],"picked":"LongBird","floor":31},{"not_picked":["hermit:Determination+1","hermit:ShadowCloak","hermit:HoleUp"],"picked":"SKIP","floor":31},{"not_picked":["LittleHelper","DreamingCurrent","MeatLantern"],"picked":"Singing Bowl","floor":33},{"not_picked":["MeatLantern","CrumblingArmor"],"picked":"Wellcheers","floor":33},{"not_picked":["WallGazer","FairyFestival","VoidDream"],"picked":"Singing Bowl","floor":35},{"not_picked":["hermit:CalledShot","hermit:Determination"],"picked":"hermit:Gestalt+1","floor":35},{"not_picked":["DreamingCurrent","GreedKing","VoidDream"],"picked":"Singing Bowl","floor":41},{"not_picked":["hermit:TrackingShot","hermit:DeadMansHand","hermit:Roulette+1"],"picked":"SKIP","floor":41},{"not_picked":["SpiderBud","MHz","HeroicMonk"],"picked":"Singing Bowl","floor":44},{"not_picked":["Scarecrow","FairyFestival"],"picked":"Freischutz","floor":44},{"not_picked":["hermit:NoHoldsBarred+1","hermit:Deadeye","hermit:Ricochet+1"],"picked":"SKIP","floor":44},{"not_picked":["MeltingLove","Rudolta","DreamingCurrent"],"picked":"Singing Bowl","floor":48},{"not_picked":["HeroicMonk","Laetitia"],"picked":"Variant","floor":48},{"not_picked":["hermit:Headshot","hermit:TakeAim","hermit:Ricochet"],"picked":"SKIP","floor":48},{"not_picked":["Panache","Chrysalis"],"picked":"Secret Weapon","floor":54},{"not_picked":["Replay:Sssssssssstrike","Enlightenment"],"picked":"DemoMod:Invincible","floor":54},{"not_picked":["SilentOrchestra","HeroicMonk","LaLuna"],"picked":"Singing Bowl","floor":55},{"not_picked":["hermit:HighNoon","hermit:WideOpen"],"picked":"hermit:Grudge+1","floor":55}],"player_experience":972234,"relics_obtained":[{"floor":6.0,"key":"Strawberry"},{"floor":8.0,"key":"Replay:Kaleidoscope"},{"floor":9.0,"key":"Replay:Baseball"},{"floor":13.0,"key":"Whetstone"},{"floor":17,"key":"Ancient Tea Set"},{"floor":17,"key":"InkBottle"},{"floor":17,"key":"Gambling Chip"},{"floor":26,"key":"Mirror"},{"floor":27,"key":"ReplayTheSpireMod:Ninjato"},{"floor":41,"key":"Centennial Puzzle"},{"floor":46,"key":"Blood Vial"},{"floor":55,"key":"Gremlin Food"}],"event_choices":[{"damage_healed":0.0,"max_hp_gain":0.0,"max_hp_loss":0.0,"gold_gain":0.0,"event_name":"Big Fish","player_choice":"Box","floor":2.0,"gold_loss":0.0,"damage_taken":0.0,"relics_obtained":["Simple Rune"],"cards_obtained":["Regret"]},{"damage_healed":0.0,"max_hp_gain":0.0,"max_hp_loss":0.0,"gold_gain":0.0,"event_name":"Match and Keep!","player_choice":"1 cards matched","floor":5.0,"gold_loss":0.0,"damage_taken":0.0,"cards_obtained":["hermit:Gambit"]},{"damage_healed":0,"gold_gain":0,"player_choice":"Simplicity","damage_taken":0,"max_hp_gain":0,"max_hp_loss":0,"event_name":"Back to Basics","floor":20,"gold_loss":0,"cards_upgraded":["hermit:Strike_Hermit","hermit:Strike_Hermit","hermit:Strike_Hermit","hermit:Strike_Hermit","hermit:Defend_Hermit","hermit:Defend_Hermit","hermit:Defend_Hermit","hermit:Defend_Hermit"]},{"damage_healed":0,"gold_gain":0,"player_choice":"Inject Mutagens","damage_taken":0,"relics_obtained":["MutagenicStrength"],"max_hp_gain":0,"max_hp_loss":0,"event_name":"Drug Dealer","floor":22,"gold_loss":0},{"cards_removed":["HappyTeddy"],"damage_healed":0,"gold_gain":0,"player_choice":"Card Removal","damage_taken":0,"max_hp_gain":0,"max_hp_loss":0,"event_name":"Wheel of Change","floor":29,"gold_loss":0},{"damage_healed":17,"gold_gain":0,"player_choice":"Writhe","damage_taken":0,"max_hp_gain":0,"max_hp_loss":0,"event_name":"Winding Halls","floor":37,"gold_loss":0,"cards_obtained":["Writhe"]},{"cards_removed":["hermit:Defend_Hermit"],"damage_healed":0,"gold_gain":0,"player_choice":"Removed Skill","damage_taken":0,"max_hp_gain":0,"max_hp_loss":0,"event_name":"Falling","floor":39,"gold_loss":0},{"damage_healed":0,"gold_gain":300,"player_choice":"Gold","damage_taken":0,"max_hp_gain":0,"max_hp_loss":0,"event_name":"Wheel of Change","floor":47,"gold_loss":0}],"is_beta":false,"boss_relics":[{"not_picked":["Busted Crown","Honey Jar"],"picked":"Calling Bell"},{"not_picked":["ChewingGum","Painkiller Herb"],"picked":"Replay:Bronze Core"}],"items_purged_floors":[],"is_endless":false,"potions_floor_spawned":[4,7,8,14,18,33,44,48],"ascension_level":11}}