{"host":"jt62yzdgnrkmwwqv","time":1608291552,"event":{"mods":["AchievementEnabler","BaseMod","CapriCore","Colored Map","Colored Powertips","GungeonMod","Lobotomy","LobotomyExtend","Minty Spire (QoL Compilation)","StSLib","SuperFastMode","The Animator","The Construct","The Immortal"],"gold_per_floor":[99,99,99,110,122,122,151,151,151,151,151,177,210,285,285,386,386,386,386],"floor_reached":18,"playtime":150,"items_purged":[],"score":335,"play_id":"f8c75cbb-b235-430e-b952-f94be7dddca0","local_time":"20201218203912","is_ascension_mode":true,"campfire_choices":[{"data":"Defend_G","floor":6,"key":"SMITH"},{"floor":8,"key":"RECALL"},{"data":"Strike_G","floor":10,"key":"SMITH"},{"data":"Neutralize","floor":15,"key":"SMITH"}],"circlet_count":0,"master_deck":["Strike_G","Strike_G","Strike_G+1","Strike_G","Strike_G+1","Defend_G","Defend_G","Defend_G","Defend_G+1","Defend_G","Survivor","Neutralize+1","Bullet Time","Corpse Explosion","Acrobatics","Outmaneuver","Sucker Punch","Bane","Tools of the Trade"],"relics":["Ring of the Snake","LetterFromLob","DemoMod:GreenGuonStone","DemoMod:MeltedRock","Odd Mushroom","Smiling Mask","Sozu"],"acts_visited":["Exordium","TheCity"],"potions_floor_usage":[],"damage_taken":[{"damage":0,"enemies":"Cultist","floor":1,"turns":1},{"damage":0,"enemies":"2 Louse","floor":4,"turns":1},{"damage":0,"enemies":"Small Slimes","floor":5,"turns":1},{"damage":0,"enemies":"Gremlin Nob","floor":7,"turns":1},{"damage":0,"enemies":"The Mushroom Lair","floor":12,"turns":1},{"damage":0,"enemies":"Lagavulin","floor":13,"turns":1},{"damage":0,"enemies":"Hexaghost","floor":16,"turns":1},{"damage":75,"enemies":"Shell Parasite","floor":18,"turns":7}],"seed_played":"4989844258678121673","potions_obtained":[{"floor":16,"key":"DuplicationPotion"}],"is_trial":false,"path_per_floor":["M","?","?","M","M","R","E","R","T","R","M","?","E","?","R","B",null,"M"],"character_chosen":"THE_SILENT","items_purchased":[],"campfire_rested":0,"item_purchase_floors":[],"current_hp_per_floor":[70,70,70,70,70,70,70,70,70,70,70,70,70,59,59,59,70,0,0],"gold":386,"neow_bonus":"ONE_RANDOM_RARE_CARD","is_daily":false,"chose_seed":false,"campfire_upgraded":3,"win_rate":0.0,"timestamp":1608291552,"path_taken":["M","?","?","M","M","R","E","R","T","R","M","?","E","?","R","BOSS","M"],"items_purchased_type":[],"build_version":"2020-12-13","purchased_purges":0,"victory":false,"max_hp_per_floor":[70,70,70,70,70,70,70,70,70,70,70,70,70,70,70,70,70,70,70],"card_choices":[{"not_picked":["Dagger Throw","Deadly Poison","Cloak And Dagger"],"picked":"SKIP","floor":1},{"not_picked":["Outmaneuver","Quick Slash"],"picked":"Corpse Explosion","floor":4},{"not_picked":["Cloak And Dagger","Slice"],"picked":"Acrobatics","floor":5},{"not_picked":["Riddle With Holes","Sucker Punch"],"picked":"Outmaneuver","floor":7},{"not_picked":["Accuracy","Dagger Throw"],"picked":"Sucker Punch","floor":12},{"not_picked":["Deadly Poison","PiercingWail"],"picked":"Bane","floor":13},{"not_picked":["Unload","Glass Knife"],"picked":"Tools of the Trade","floor":16}],"player_experience":224825,"relics_obtained":[{"floor":4,"key":"LetterFromLob"},{"floor":7,"key":"DemoMod:GreenGuonStone"},{"floor":9,"key":"DemoMod:MeltedRock"},{"floor":12,"key":"Odd Mushroom"},{"floor":13,"key":"Smiling Mask"}],"event_choices":[{"damage_healed":0,"gold_gain":0,"player_choice":"Ignored","damage_taken":0,"max_hp_gain":0,"max_hp_loss":0,"event_name":"Golden Idol","floor":2,"gold_loss":0},{"damage_healed":0,"gold_gain":0,"player_choice":"Grow","damage_taken":0,"max_hp_gain":0,"max_hp_loss":0,"event_name":"Living Wall","floor":3,"gold_loss":0,"cards_upgraded":["Strike_G"]},{"damage_healed":0,"gold_gain":0,"player_choice":"Fought Mushrooms","damage_taken":0,"max_hp_gain":0,"max_hp_loss":0,"event_name":"Mushrooms","floor":12,"gold_loss":0},{"damage_healed":0,"gold_gain":75,"player_choice":"Gather Gold","damage_taken":11,"max_hp_gain":0,"max_hp_loss":0,"event_name":"World of Goop","floor":14,"gold_loss":0}],"is_beta":false,"boss_relics":[{"not_picked":["Runic Pyramid","Calling Bell"],"picked":"Sozu"}],"items_purged_floors":[],"is_endless":false,"potions_floor_spawned":[1,16],"killed_by":"Shell Parasite","ascension_level":3}}