{"host":"q87smtchbkq9l0at","time":1608302830,"event":{"mods":["BaseMod","Colored Map","Colored Powertips","Minty Spire (QoL Compilation)","Quick Restart","StSLib","SuperFastMode"],"gold_per_floor":[114,114,0,0,0,0,10,36,36,66,84,96,116,129,129,228,228,238,253,253,253,253,253,264,295,333,345,206,233,233,246,246,343,343,353,228,208,208,254,287,312,312,312],"floor_reached":42,"playtime":2140,"items_purged":["Strike_R","Strike_R","Parasite"],"score":527,"play_id":"8a762386-77cf-4ac1-9708-39669a1bf7ec","local_time":"20201218224710","is_ascension_mode":true,"campfire_choices":[{"data":"Shrug It Off","floor":6.0,"key":"SMITH"},{"data":"Warcry","floor":15.0,"key":"SMITH"},{"data":"Barricade","floor":27.0,"key":"SMITH"},{"floor":32.0,"key":"RECALL"}],"circlet_count":0,"master_deck":["Strike_R+1","Strike_R+1","Defend_R+1","Defend_R+1","Defend_R+1","Defend_R+1","Bash","Shrug It Off+1","True Grit","Fire Breathing","Fiend Fire","Warcry+1","Wild Strike","Feel No Pain","Battle Trance","Barricade+1","Dark Embrace+1","Armaments+1","Searing Blow","Burning Pact","Thunderclap","Evolve","Havoc+1","Exhume","Shockwave+1","Jack Of All Trades","Purity","Warcry","Dark Embrace+1","Seeing Red+1"],"relics":["Burning Blood","WarpedTongs","PreservedInsect","Anchor","Coffee Dripper","Enchiridion","MawBank","Juzu Bracelet","WingedGreaves","Black Star","Magic Flower","Dream Catcher","Unceasing Top","Nunchaku","Red Skull"],"acts_visited":["Exordium","TheCity","TheBeyond"],"potions_floor_usage":[41,41],"damage_taken":[{"damage":2.0,"enemies":"Small Slimes","floor":1.0,"turns":4.0},{"damage":3.0,"enemies":"Jaw Worm","floor":7.0,"turns":4.0},{"damage":23.0,"enemies":"3 Sentries","floor":8.0,"turns":5.0},{"damage":16.0,"enemies":"Gremlin Nob","floor":10.0,"turns":3.0},{"damage":1.0,"enemies":"Cultist","floor":11.0,"turns":3.0},{"damage":2.0,"enemies":"Blue Slaver","floor":12.0,"turns":3.0},{"damage":0.0,"enemies":"3 Louse","floor":13.0,"turns":3.0},{"damage":0.0,"enemies":"Looter","floor":14.0,"turns":2.0},{"damage":35.0,"enemies":"Hexaghost","floor":16.0,"turns":8.0},{"damage":2.0,"enemies":"Chosen","floor":18.0,"turns":5.0},{"damage":4.0,"enemies":"3 Byrds","floor":19.0,"turns":8.0},{"damage":8.0,"enemies":"Centurion and Healer","floor":24.0,"turns":8.0},{"damage":20.0,"enemies":"Book of Stabbing","floor":25.0,"turns":6.0},{"damage":25.0,"enemies":"Slavers","floor":29.0,"turns":5.0},{"damage":1.0,"enemies":"Cultist and Chosen","floor":31.0,"turns":5.0},{"damage":16.0,"enemies":"Collector","floor":33.0,"turns":13.0},{"damage":0.0,"enemies":"Orb Walker","floor":35.0,"turns":4.0},{"damage":7.0,"enemies":"2 Orb Walkers","floor":39.0,"turns":5.0},{"damage":4.0,"enemies":"Giant Head","floor":40.0,"turns":9.0},{"damage":82,"enemies":"Reptomancer","floor":41,"turns":8},{"damage":21,"enemies":"Nemesis","floor":42,"turns":2}],"seed_played":"840021386936631172","potions_obtained":[{"floor":1.0,"key":"Regen Potion"},{"floor":8.0,"key":"Weak Potion"},{"floor":12.0,"key":"ElixirPotion"},{"floor":14.0,"key":"BlessingOfTheForge"},{"floor":18.0,"key":"FearPotion"},{"floor":29.0,"key":"BlessingOfTheForge"},{"floor":33.0,"key":"Fire Potion"},{"floor":37.0,"key":"Weak Potion"},{"floor":39.0,"key":"BlessingOfTheForge"},{"floor":40.0,"key":"ColorlessPotion"}],"is_trial":false,"path_per_floor":["M","?","$","?","$","R","M","E","T","E","M","M","M","M","R","B",null,"M","M","?","?","?","?","M","E","T","R","$","E","?","M","R","B",null,"M","$","?","?","?","E","E","E"],"character_chosen":"IRONCLAD","items_purchased":["Fire Breathing","BloodPotion"],"campfire_rested":0,"item_purchase_floors":[3,28],"current_hp_per_floor":[80,85,85,85,85,85,85,68,68,58,63,67,73,79,79,65,85,85,85,85,85,69,53,51,37,37,37,55,36,36,41,41,31,90,90,87,87,82,81,86,13,0,0],"gold":312,"neow_bonus":"THREE_CARDS","is_daily":false,"chose_seed":false,"campfire_upgraded":3,"win_rate":0.0,"timestamp":1608302830,"path_taken":["M","?","$","?","$","R","?","E","T","E","M","M","M","M","R","BOSS","M","M","?","?","?","?","M","E","T","R","?","E","?","M","R","BOSS","M","$","?","?","?","E","E","E"],"items_purchased_type":["Card","Potion"],"build_version":"2020-12-13","purchased_purges":3,"victory":false,"max_hp_per_floor":[80,85,85,85,85,85,85,85,85,85,85,85,85,85,85,85,85,85,85,85,85,90,90,90,90,90,90,90,90,90,90,90,90,90,90,87,87,87,87,87,87,87,87],"card_choices":[{"not_picked":["Flex","Iron Wave"],"picked":"Shrug It Off","floor":0.0},{"not_picked":["Ghostly Armor","Anger"],"picked":"True Grit","floor":1.0},{"not_picked":["Uppercut","Wild Strike","True Grit"],"picked":"SKIP","floor":7.0},{"not_picked":["Carnage","Thunderclap","Heavy Blade"],"picked":"SKIP","floor":8.0},{"not_picked":["Pummel","Spot Weakness"],"picked":"Fiend Fire","floor":10.0},{"not_picked":["Power Through","Anger"],"picked":"Warcry","floor":11.0},{"not_picked":["Flex","Clash"],"picked":"Wild Strike","floor":12.0},{"not_picked":["Havoc","Flex"],"picked":"Feel No Pain","floor":13.0},{"not_picked":["Iron Wave","Warcry"],"picked":"Battle Trance","floor":14.0},{"not_picked":["Reaper","Feed"],"picked":"Barricade","floor":16.0},{"not_picked":["Wild Strike","Anger"],"picked":"Dark Embrace+1","floor":18.0},{"not_picked":["Havoc","True Grit"],"picked":"Armaments+1","floor":19.0},{"not_picked":["Rampage","Blood for Blood+1"],"picked":"Thunderclap","floor":24.0},{"not_picked":["True Grit","Cleave","Second Wind"],"picked":"SKIP","floor":25.0},{"not_picked":["Pommel Strike","Uppercut+1"],"picked":"Evolve","floor":29.0},{"not_picked":["Hemokinesis+1","Barricade"],"picked":"Havoc+1","floor":31.0},{"not_picked":["Barricade","Double Tap"],"picked":"Exhume","floor":33.0},{"not_picked":["Inflame+1","Intimidate"],"picked":"Shockwave+1","floor":35.0},{"not_picked":["Trip","Mind Blast"],"picked":"Jack Of All Trades","floor":38.0},{"not_picked":["Dramatic Entrance","Enlightenment"],"picked":"Purity","floor":38.0},{"not_picked":["Iron Wave","Battle Trance+1"],"picked":"Warcry","floor":39.0},{"not_picked":["Combust","Headbutt+1"],"picked":"Dark Embrace+1","floor":40.0},{"not_picked":["Headbutt+1","Perfected Strike+1"],"picked":"Seeing Red+1","floor":41}],"player_experience":38943,"relics_obtained":[{"floor":8.0,"key":"PreservedInsect"},{"floor":10.0,"key":"Anchor"},{"floor":23.0,"key":"Enchiridion"},{"floor":25.0,"key":"MawBank"},{"floor":26.0,"key":"Juzu Bracelet"},{"floor":29.0,"key":"WingedGreaves"},{"floor":39.0,"key":"Magic Flower"},{"floor":40.0,"key":"Dream Catcher"},{"floor":40.0,"key":"Unceasing Top"},{"floor":41,"key":"Nunchaku"},{"floor":41,"key":"Red Skull"}],"event_choices":[{"damage_healed":0.0,"max_hp_gain":5.0,"max_hp_loss":0.0,"gold_gain":0.0,"event_name":"Big Fish","player_choice":"Donut","floor":2.0,"gold_loss":0.0,"damage_taken":0.0},{"damage_healed":0.0,"max_hp_gain":0.0,"max_hp_loss":0.0,"gold_gain":0.0,"event_name":"Accursed Blacksmith","player_choice":"Rummage","floor":4.0,"gold_loss":0.0,"damage_taken":0.0,"relics_obtained":["WarpedTongs"],"cards_obtained":["Pain"]},{"damage_healed":0.0,"max_hp_gain":0.0,"max_hp_loss":0.0,"gold_gain":0.0,"cards_transformed":["Pain","Strike_R"],"event_name":"Drug Dealer","player_choice":"Became Test Subject","floor":20.0,"gold_loss":0.0,"damage_taken":0.0,"cards_obtained":["Parasite","Searing Blow"]},{"damage_healed":0.0,"max_hp_gain":0.0,"max_hp_loss":0.0,"gold_gain":0.0,"event_name":"The Library","player_choice":"Read","floor":21.0,"gold_loss":0.0,"damage_taken":0.0,"cards_obtained":["Burning Pact"]},{"damage_healed":0.0,"max_hp_gain":5.0,"max_hp_loss":0.0,"gold_gain":0.0,"event_name":"Forgotten Altar","player_choice":"Shed Blood","floor":22.0,"gold_loss":0.0,"damage_taken":21.0},{"damage_healed":0.0,"max_hp_gain":0.0,"max_hp_loss":0.0,"gold_gain":0.0,"event_name":"Cursed Tome","player_choice":"Obtained Book","floor":23.0,"gold_loss":0.0,"damage_taken":16.0},{"damage_healed":0.0,"max_hp_gain":0.0,"max_hp_loss":0.0,"gold_gain":0.0,"event_name":"Back to Basics","player_choice":"Simplicity","floor":30.0,"gold_loss":0.0,"damage_taken":0.0,"cards_upgraded":["Strike_R","Strike_R","Defend_R","Defend_R","Defend_R","Defend_R"]},{"damage_healed":0.0,"max_hp_gain":0.0,"max_hp_loss":0.0,"gold_gain":0.0,"event_name":"The Woman in Blue","player_choice":"Bought 1 Potion","floor":37.0,"gold_loss":0.0,"damage_taken":0.0},{"damage_healed":0.0,"max_hp_gain":0.0,"max_hp_loss":0.0,"gold_gain":0.0,"event_name":"SensoryStone","player_choice":"Memory 2","floor":38.0,"gold_loss":0.0,"damage_taken":5.0},{"damage_healed":0.0,"max_hp_gain":0.0,"max_hp_loss":0.0,"gold_gain":0.0,"event_name":"Mysterious Sphere","player_choice":"Fight","floor":39.0,"gold_loss":0.0,"damage_taken":0.0}],"is_beta":false,"boss_relics":[{"not_picked":["Cursed Key","Runic Pyramid"],"picked":"Coffee Dripper"},{"not_picked":["Velvet Choker","Busted Crown"],"picked":"Black Star"}],"items_purged_floors":[3,28,36],"is_endless":false,"potions_floor_spawned":[1,8,12,14,18,29,33,39,40],"killed_by":"Nemesis","ascension_level":1}}