{"host":"t75twhtg6c476ygg","time":1608307916,"event":{"mods":["AchievementEnabler","BaseMod","Colored Powertips","Minty Spire (QoL Compilation)","Quick Restart","Relic Stats","StSLib","SuperFastMode"],"gold_per_floor":[115,115,115,133,148,182,244,244,244,275,123,123,136,155,155,284,284,309,309,12,25,38,74,74,107,107,107,122,122,146,61,61,192,192,208,271,198,219,235,273,287,287,313,344,344,358,394,409,409,409],"floor_reached":51,"playtime":1541,"items_purged":["Pain"],"score":980,"play_id":"88d7f5f9-537b-4173-9468-71c2000e32c3","local_time":"20201218161156","is_ascension_mode":true,"campfire_choices":[{"data":"Backstab","floor":8.0,"key":"SMITH"},{"floor":15.0,"key":"REST"},{"data":"Backstab","floor":24.0,"key":"SMITH"},{"data":"Blade Dance","floor":27.0,"key":"SMITH"},{"floor":32.0,"key":"REST"},{"data":"Accuracy","floor":45.0,"key":"SMITH"},{"data":"Noxious Fumes","floor":49.0,"key":"SMITH"}],"circlet_count":0,"master_deck":["Strike_G","Strike_G+1","Strike_G","Strike_G+1","Defend_G","Defend_G","Defend_G","Defend_G","Defend_G","Survivor","Neutralize","All Out Attack","Backstab+1","Backstab+1","Riddle With Holes","Dagger Spray","PiercingWail+1","Accuracy+1","Crippling Poison","After Image","Blade Dance+1","Blade Dance","Adrenaline","Blade Dance+1","Caltrops","Backstab+1","Noxious Fumes+1","Blade Dance+1"],"relics":["Ring of the Snake","NeowsBlessing","Golden Idol","Mercury Hourglass","Bronze Scales","Oddly Smooth Stone","TwistedFunnel","Pen Nib","Empty Cage","WarpedTongs","Akabeko","Dream Catcher","Mummified Hand","Bottled Tornado","Enchiridion","StrikeDummy","Sozu","FossilizedHelix","Whetstone","Bag of Preparation","Happy Flower","Regal Pillow"],"acts_visited":["Exordium","TheCity","TheBeyond"],"potions_floor_usage":[50],"damage_taken":[{"damage":0.0,"enemies":"Small Slimes","floor":1.0,"turns":1.0},{"damage":0.0,"enemies":"2 Louse","floor":4.0,"turns":1.0},{"damage":0.0,"enemies":"Cultist","floor":5.0,"turns":1.0},{"damage":26.0,"enemies":"Gremlin Nob","floor":6.0,"turns":6.0},{"damage":1.0,"enemies":"3 Sentries","floor":10.0,"turns":6.0},{"damage":0.0,"enemies":"2 Fungi Beasts","floor":13.0,"turns":2.0},{"damage":0.0,"enemies":"Looter","floor":14.0,"turns":2.0},{"damage":44.0,"enemies":"The Guardian","floor":16.0,"turns":9.0},{"damage":0.0,"enemies":"Spheric Guardian","floor":18.0,"turns":2.0},{"damage":1.0,"enemies":"Chosen","floor":21.0,"turns":3.0},{"damage":0.0,"enemies":"Snake Plant","floor":22.0,"turns":1.0},{"damage":8.0,"enemies":"Gremlin Leader","floor":23.0,"turns":4.0},{"damage":16.0,"enemies":"Slavers","floor":25.0,"turns":3.0},{"damage":9.0,"enemies":"Centurion and Healer","floor":28.0,"turns":3.0},{"damage":0.0,"enemies":"Snecko","floor":30.0,"turns":3.0},{"damage":15.0,"enemies":"Collector","floor":33.0,"turns":6.0},{"damage":1.0,"enemies":"3 Darklings","floor":35.0,"turns":2.0},{"damage":0.0,"enemies":"Mind Bloom Boss Battle","floor":36.0,"turns":3.0},{"damage":0.0,"enemies":"Orb Walker","floor":38.0,"turns":2.0},{"damage":0.0,"enemies":"Spire Growth","floor":39.0,"turns":3.0},{"damage":0.0,"enemies":"Nemesis","floor":40.0,"turns":3.0},{"damage":0.0,"enemies":"Jaw Worm Horde","floor":41.0,"turns":3.0},{"damage":0.0,"enemies":"Reptomancer","floor":44.0,"turns":3.0},{"damage":0.0,"enemies":"Maw","floor":46.0,"turns":5.0},{"damage":0.0,"enemies":"Giant Head","floor":47.0,"turns":3.0},{"damage":0.0,"enemies":"Sphere and 2 Shapes","floor":48.0,"turns":1.0},{"damage":0,"enemies":"Donu and Deca","floor":50,"turns":6}],"seed_played":"-7560139302116427074","potions_obtained":[{"floor":4.0,"key":"Dexterity Potion"},{"floor":13.0,"key":"FearPotion"},{"floor":14.0,"key":"SkillPotion"},{"floor":21.0,"key":"FairyPotion"},{"floor":25.0,"key":"Energy Potion"}],"is_trial":false,"path_per_floor":["M","?","$","M","M","E","?","R","T","E","$","?","M","M","R","B",null,"M","?","$","M","M","E","R","E","T","R","M","?","M","?","R","B",null,"M","?","$","M","M","E","M","?","T","E","R","M","E","M","R","B",null],"character_chosen":"THE_SILENT","items_purchased":["TwistedFunnel","Accuracy","Akabeko","Caltrops"],"campfire_rested":2,"item_purchase_floors":[11,20,20,37],"current_hp_per_floor":[70,70,70,70,70,44,44,44,44,43,43,36,36,36,57,13,70,70,70,70,69,69,61,61,45,45,45,36,20,20,20,41,26,70,69,69,69,69,69,69,69,66,66,66,66,66,66,66,66,66],"gold":409,"neow_bonus":"THREE_ENEMY_KILL","is_daily":false,"chose_seed":false,"campfire_upgraded":5,"win_rate":0.0,"timestamp":1608307916,"path_taken":["M","?","$","M","M","E","?","R","T","E","$","?","M","M","R","BOSS","M","?","$","M","M","E","R","E","T","R","?","?","M","?","R","BOSS","M","?","$","M","M","E","M","?","T","E","R","M","E","M","R","BOSS"],"items_purchased_type":["Relic","Card","Relic","Card"],"build_version":"2020-12-13","purchased_purges":1,"victory":true,"max_hp_per_floor":[70,70,70,70,70,70,70,70,70,70,70,70,70,70,70,70,70,70,70,70,70,70,70,70,70,70,70,70,70,70,70,70,70,70,70,70,70,70,70,70,70,66,66,66,66,66,66,66,66,66],"relic_stats":{"Regal Pillow":0,"Happy Flower":[5],"counters":[27,85],"Golden Idol":190,"Pen Nib":[25],"Bag of Preparation":[10],"Whetstone":["Strike_G","Strike_G"],"Mercury Hourglass":[324],"WarpedTongs":[57],"Sozu":4,"Dream Catcher":1,"Mummified Hand":[48],"Bronze Scales":[181],"obtain_stats":[{"TwistedFunnel":11,"Regal Pillow":47,"NeowsBlessing":0,"Happy Flower":44,"Golden Idol":2,"Oddly Smooth Stone":10,"Enchiridion":29,"Pen Nib":12,"Bag of Preparation":43,"Whetstone":40,"Bottled Tornado":26,"Empty Cage":17,"Akabeko":20,"Mercury Hourglass":6,"WarpedTongs":19,"Sozu":34,"Dream Catcher":23,"Mummified Hand":25,"Bronze Scales":9,"StrikeDummy":31,"FossilizedHelix":36,"Ring of the Snake":0},{"TwistedFunnel":5,"Regal Pillow":25,"NeowsBlessing":0,"Happy Flower":23,"Golden Idol":1,"Oddly Smooth Stone":5,"Enchiridion":14,"Pen Nib":5,"Bag of Preparation":22,"Whetstone":21,"Bottled Tornado":13,"Empty Cage":8,"Akabeko":9,"Mercury Hourglass":4,"WarpedTongs":9,"Sozu":16,"Dream Catcher":12,"Mummified Hand":13,"Bronze Scales":4,"StrikeDummy":15,"FossilizedHelix":18,"Ring of the Snake":0},{"TwistedFunnel":14,"Regal Pillow":78,"NeowsBlessing":0,"Happy Flower":70,"Golden Idol":1,"Oddly Smooth Stone":14,"Enchiridion":42,"Pen Nib":14,"Bag of Preparation":67,"Whetstone":64,"Bottled Tornado":39,"Empty Cage":26,"Akabeko":28,"Mercury Hourglass":9,"WarpedTongs":28,"Sozu":51,"Dream Catcher":36,"Mummified Hand":39,"Bronze Scales":9,"StrikeDummy":45,"FossilizedHelix":56,"Ring of the Snake":0}],"Ring of the Snake":[54]},"card_choices":[{"not_picked":["Slice","Quick Slash"],"picked":"All Out Attack","floor":1.0},{"not_picked":["Outmaneuver","Skewer"],"picked":"Backstab","floor":4.0},{"not_picked":["Outmaneuver","Concentrate","Expertise"],"picked":"SKIP","floor":5.0},{"not_picked":["Distraction","Outmaneuver","Underhanded Strike"],"picked":"SKIP","floor":6.0},{"not_picked":["Flying Knee","Choke"],"picked":"Backstab","floor":10.0},{"not_picked":["Flying Knee","Masterful Stab"],"picked":"Riddle With Holes","floor":13.0},{"not_picked":["Acrobatics","Outmaneuver"],"picked":"Dagger Spray","floor":14.0},{"not_picked":["Deflect","Acrobatics+1"],"picked":"PiercingWail+1","floor":18.0},{"not_picked":["Dodge and Roll","Poisoned Stab+1"],"picked":"Crippling Poison","floor":21.0},{"not_picked":["Deflect+1","Terror+1","Eviscerate"],"picked":"SKIP","floor":22.0},{"not_picked":["Dagger Spray","Backflip"],"picked":"After Image","floor":23.0},{"not_picked":["Endless Agony","Slice"],"picked":"Blade Dance","floor":25.0},{"not_picked":["Sucker Punch","Well Laid Plans"],"picked":"Blade Dance","floor":28.0},{"not_picked":["Night Terror","Reflex","Finisher+1"],"picked":"SKIP","floor":30.0},{"not_picked":["Bullet Time","Night Terror"],"picked":"Adrenaline","floor":33.0},{"not_picked":["Dagger Throw","Deflect","Backflip+1"],"picked":"SKIP","floor":35.0},{"not_picked":["Leg Sweep+1","Calculated Gamble"],"picked":"Blade Dance+1","floor":36.0},{"not_picked":["Deadly Poison+1","Cloak And Dagger+1"],"picked":"Backstab+1","floor":38.0},{"not_picked":["Cloak And Dagger+1","Malaise","Acrobatics"],"picked":"SKIP","floor":39.0},{"not_picked":["Quick Slash","Poisoned Stab","Skewer"],"picked":"SKIP","floor":40.0},{"not_picked":["Deflect","Prepared+1","Slice+1"],"picked":"SKIP","floor":41.0},{"not_picked":["Riddle With Holes+1","Dash"],"picked":"Noxious Fumes","floor":44.0},{"not_picked":["Sucker Punch+1","Underhanded Strike"],"picked":"Blade Dance+1","floor":46.0},{"not_picked":["Crippling Poison","Terror+1","Flechettes"],"picked":"SKIP","floor":47.0},{"not_picked":["Quick Slash+1","Deflect+1","Corpse Explosion"],"picked":"SKIP","floor":48.0}],"player_experience":180174,"relics_obtained":[{"floor":6.0,"key":"Mercury Hourglass"},{"floor":9.0,"key":"Bronze Scales"},{"floor":10.0,"key":"Oddly Smooth Stone"},{"floor":23.0,"key":"Dream Catcher"},{"floor":25.0,"key":"Mummified Hand"},{"floor":26.0,"key":"Bottled Tornado"},{"floor":29.0,"key":"Enchiridion"},{"floor":36.0,"key":"FossilizedHelix"},{"floor":40.0,"key":"Whetstone"},{"floor":43.0,"key":"Bag of Preparation"},{"floor":44.0,"key":"Happy Flower"},{"floor":47.0,"key":"Regal Pillow"}],"event_choices":[{"damage_healed":0.0,"max_hp_gain":0.0,"max_hp_loss":0.0,"gold_gain":0.0,"event_name":"Golden Idol","player_choice":"Take Wound","floor":2.0,"gold_loss":0.0,"damage_taken":0.0,"relics_obtained":["Golden Idol"],"cards_obtained":["Injury"]},{"damage_healed":0.0,"max_hp_gain":0.0,"max_hp_loss":0.0,"gold_gain":62.0,"event_name":"Golden Wing","player_choice":"Gained Gold","floor":7.0,"gold_loss":0.0,"damage_taken":0.0},{"damage_healed":0.0,"max_hp_gain":0.0,"max_hp_loss":0.0,"gold_gain":0.0,"event_name":"Scrap Ooze","player_choice":"Success","floor":12.0,"gold_loss":0.0,"damage_taken":7.0,"relics_obtained":["Pen Nib"]},{"damage_healed":0.0,"max_hp_gain":0.0,"max_hp_loss":0.0,"gold_gain":0.0,"event_name":"Accursed Blacksmith","player_choice":"Rummage","floor":19.0,"gold_loss":0.0,"damage_taken":0.0,"relics_obtained":["WarpedTongs"],"cards_obtained":["Pain"]},{"damage_healed":0.0,"max_hp_gain":0.0,"max_hp_loss":0.0,"gold_gain":0.0,"event_name":"Cursed Tome","player_choice":"Obtained Book","floor":29.0,"gold_loss":0.0,"damage_taken":16.0},{"damage_healed":0.0,"max_hp_gain":0.0,"max_hp_loss":0.0,"gold_gain":0.0,"event_name":"Addict","player_choice":"Obtained Relic","floor":31.0,"gold_loss":85.0,"damage_taken":0.0,"relics_obtained":["StrikeDummy"]},{"damage_healed":0.0,"max_hp_gain":0.0,"max_hp_loss":0.0,"gold_gain":0.0,"event_name":"MindBloom","player_choice":"Fight","floor":36.0,"gold_loss":0.0,"damage_taken":0.0},{"damage_healed":0.0,"max_hp_gain":0.0,"max_hp_loss":4.0,"gold_gain":0.0,"event_name":"Winding Halls","player_choice":"Max HP","floor":42.0,"gold_loss":0.0,"damage_taken":0.0}],"is_beta":false,"boss_relics":[{"not_picked":["Tiny House","SacredBark"],"picked":"Empty Cage"},{"not_picked":["Busted Crown","Philosopher\u0027s Stone"],"picked":"Sozu"}],"items_purged_floors":[20],"is_endless":false,"potions_floor_spawned":[4,13,14,21,25,28,35,38,46,47],"ascension_level":1}}