{"host":"jt62yzdgnrkmwwqv","time":1608291364,"event":{"mods":["AchievementEnabler","BaseMod","CapriCore","Colored Map","Colored Powertips","GungeonMod","Lobotomy","LobotomyExtend","Minty Spire (QoL Compilation)","StSLib","SuperFastMode","The Animator","The Construct","The Immortal"],"gold_per_floor":[119,132,102,120,136,169,188,188,188,205,215,245,245,258,258,355,355,375,395,395,406,146,146,171,171,171,171,2,17,17,46,46,149,149,163,213,213,141,160,191,191,224,249,263,263,293,293,310,310,310,310,310,310,85,114,114],"floor_reached":57,"playtime":1765,"items_purged":["Decay"],"score":1831,"play_id":"15d57c23-45b5-4790-8877-8cfe09f3a787","local_time":"20201218203604","is_ascension_mode":true,"campfire_choices":[{"data":"Backflip","floor":8,"key":"SMITH"},{"data":"Masterful Stab","floor":15,"key":"SMITH"},{"floor":23,"key":"RECALL"},{"data":"Blur","floor":25,"key":"SMITH"},{"data":"Acrobatics","floor":27,"key":"SMITH"},{"data":"Infinite Blades","floor":32,"key":"SMITH"},{"data":"Accuracy","floor":41,"key":"SMITH"},{"data":"Strike_G","floor":45,"key":"PURGE"},{"data":"Strike_G","floor":47,"key":"PURGE"},{"data":"Strike_G","floor":49,"key":"PURGE"},{"data":"Strike_G","floor":53,"key":"PURGE"}],"circlet_count":0,"master_deck":["Defend_G","Defend_G","Defend_G","Defend_G","Defend_G","Survivor","Neutralize","Caltrops","Corruption+1","Backflip","Distraction","Cloak And Dagger","Escape Plan","Backflip+1","Acrobatics+1","Outmaneuver","Masterful Stab+1","Juggernaut+1","Acrobatics+1","Blur+1","Deflect","Apotheosis","Infinite Blades+1","Panacea","Blade Dance","Blade Dance","Accuracy+1","Slice+1","Choke+1","Blur"],"relics":["Ring of the Snake","Dead Branch","Mummified Hand","Bottled Tornado","DemoMod:GlassGuonStoneRelic","LetterFromLob","DemoMod:DecoyRelic","Vajra","Ornamental Fan","construct:WeddingRing","Tough Bandages","Shuriken","Snake Skull","WristBlade","Du-Vu Doll","Pear","Peace Pipe","Pen Nib","Bag of Marbles","DemoMod:PoisonVial"],"acts_visited":["Exordium","TheCity","TheBeyond","TheEnding"],"potions_floor_usage":[],"damage_taken":[{"damage":0,"enemies":"2 Louse","floor":1,"turns":2},{"damage":0,"enemies":"Cultist","floor":2,"turns":2},{"damage":0,"enemies":"Small Slimes","floor":4,"turns":2},{"damage":0,"enemies":"Blue Slaver","floor":5,"turns":1},{"damage":0,"enemies":"Lagavulin","floor":6,"turns":1},{"damage":0,"enemies":"Large Slime","floor":7,"turns":1},{"damage":0,"enemies":"Looter","floor":10,"turns":1},{"damage":0,"enemies":"Exordium Thugs","floor":11,"turns":1},{"damage":0,"enemies":"3 Sentries","floor":12,"turns":2},{"damage":0,"enemies":"Gremlin Gang","floor":14,"turns":2},{"damage":0,"enemies":"Hexaghost","floor":16,"turns":3},{"damage":0,"enemies":"Chosen","floor":18,"turns":1},{"damage":0,"enemies":"Spheric Guardian","floor":19,"turns":1},{"damage":0,"enemies":"3 Cultists","floor":21,"turns":1},{"damage":0,"enemies":"Slavers","floor":24,"turns":1},{"damage":0,"enemies":"Centurion and Healer","floor":29,"turns":1},{"damage":0,"enemies":"Book of Stabbing","floor":31,"turns":1},{"damage":0,"enemies":"Automaton","floor":33,"turns":1},{"damage":0,"enemies":"Orb Walker","floor":35,"turns":1},{"damage":0,"enemies":"Mind Bloom Boss Battle","floor":36,"turns":2},{"damage":0,"enemies":"3 Darklings","floor":39,"turns":2},{"damage":0,"enemies":"Reptomancer","floor":40,"turns":1},{"damage":0,"enemies":"Giant Head","floor":42,"turns":2},{"damage":0,"enemies":"Spire Growth","floor":44,"turns":1},{"damage":0,"enemies":"Nemesis","floor":46,"turns":1},{"damage":0,"enemies":"Writhing Mass","floor":48,"turns":1},{"damage":0,"enemies":"Awakened One","floor":50,"turns":4},{"damage":0,"enemies":"Shield and Spear","floor":55,"turns":1},{"damage":4,"enemies":"The Heart","floor":56,"turns":3}],"seed_played":"8707308521251863161","potions_obtained":[{"floor":1,"key":"Regen Potion"},{"floor":3,"key":"Weak Potion"},{"floor":3,"key":"SneckoOil"}],"is_trial":false,"path_per_floor":["M","M","?","M","M","E","M","R","T","M","M","E","?","M","R","B",null,"M","M","?","M","$","R","E","R","T","R","$","M","?","E","R","B",null,"M","?","?","$","M","E","R","E","T","M","R","E","R","M","R","B",null,null,"R","$","E","B",null],"character_chosen":"THE_SILENT","items_purchased":["Apotheosis","Infinite Blades","Panacea","Accuracy","Bag of Marbles","Blur"],"campfire_rested":0,"item_purchase_floors":[22,28,28,38,54,54],"current_hp_per_floor":[70,70,70,70,70,70,70,70,70,70,70,70,70,70,70,70,70,70,70,70,70,70,70,70,70,70,70,70,70,70,70,70,70,70,70,70,70,70,70,80,80,80,80,80,80,80,80,80,80,80,80,80,80,80,80,76],"gold":114,"neow_bonus":"TRANSFORM_CARD","is_daily":false,"chose_seed":false,"campfire_upgraded":6,"win_rate":0.0,"timestamp":1608291364,"path_taken":["M","M","?","M","M","E","?","R","T","?","M","E","?","M","R","BOSS","M","M","?","M","$","R","E","R","T","R","$","M","?","E","R","BOSS","M","?","?","$","M","E","R","E","T","?","R","E","R","M","R","BOSS","R","$","E","BOSS"],"items_purchased_type":["Card","Card","Card","Card","Relic","Card"],"build_version":"2020-12-13","purchased_purges":1,"victory":true,"max_hp_per_floor":[70,70,70,70,70,70,70,70,70,70,70,70,70,70,70,70,70,70,70,70,70,70,70,70,70,70,70,70,70,70,70,70,70,70,70,70,70,70,70,80,80,80,80,80,80,80,80,80,80,80,80,80,80,80,80,80],"card_choices":[{"not_picked":["Eviscerate","Deflect"],"picked":"Backflip","floor":1},{"not_picked":["Tactician","Underhanded Strike"],"picked":"Distraction","floor":2},{"not_picked":["Expertise","Deflect"],"picked":"Cloak And Dagger","floor":4},{"not_picked":["Backstab","Dagger Throw"],"picked":"Escape Plan","floor":5},{"not_picked":["Night Terror","Prepared"],"picked":"Backflip","floor":6},{"not_picked":["Bouncing Flask","Deadly Poison"],"picked":"Acrobatics","floor":7},{"not_picked":["Masterful Stab","Underhanded Strike"],"picked":"Outmaneuver","floor":10},{"not_picked":["Venomology","Catalyst","Sucker Punch"],"picked":"SKIP","floor":11},{"not_picked":["Corpse Explosion","Outmaneuver","All Out Attack"],"picked":"SKIP","floor":12},{"not_picked":["Bane","Backflip"],"picked":"Masterful Stab","floor":14},{"not_picked":["Well Laid Plans","Quick Slash"],"picked":"Acrobatics+1","floor":18},{"not_picked":["Slice","Venomology"],"picked":"Blur","floor":19},{"not_picked":["Acrobatics","Deadly Poison"],"picked":"Deflect","floor":21},{"not_picked":["Deadly Poison","Phantasmal Killer","Riddle With Holes"],"picked":"SKIP","floor":24},{"not_picked":["Prepared","Crippling Poison"],"picked":"Blade Dance","floor":29},{"not_picked":["Blur","Dodge and Roll+1"],"picked":"Blade Dance","floor":31},{"not_picked":["Prepared+1","Outmaneuver+1","Leg Sweep+1"],"picked":"SKIP","floor":35},{"not_picked":["Masterful Stab","Bane","Deadly Poison"],"picked":"SKIP","floor":39},{"not_picked":["Catalyst","Deadly Poison","Acrobatics+1"],"picked":"SKIP","floor":40},{"not_picked":["PiercingWail+1","Catalyst","Calculated Gamble"],"picked":"SKIP","floor":42},{"not_picked":["Flying Knee+1","Poisoned Stab+1"],"picked":"Slice+1","floor":44},{"not_picked":["Tools of the Trade","Bane"],"picked":"Choke+1","floor":46},{"not_picked":["PiercingWail","Backstab","Sucker Punch"],"picked":"SKIP","floor":48},{"not_picked":["Riddle With Holes","Bane","Dagger Spray"],"picked":"SKIP","floor":55}],"player_experience":223060,"relics_obtained":[{"floor":1,"key":"LetterFromLob"},{"floor":6,"key":"DemoMod:DecoyRelic"},{"floor":9,"key":"Vajra"},{"floor":12,"key":"Ornamental Fan"},{"floor":24,"key":"Tough Bandages"},{"floor":26,"key":"Shuriken"},{"floor":31,"key":"Snake Skull"},{"floor":36,"key":"Du-Vu Doll"},{"floor":40,"key":"Pear"},{"floor":42,"key":"Peace Pipe"},{"floor":46,"key":"Pen Nib"},{"floor":55,"key":"DemoMod:PoisonVial"}],"event_choices":[{"damage_healed":0,"gold_gain":0,"player_choice":"Bought 2 Potions","damage_taken":0,"max_hp_gain":0,"max_hp_loss":0,"event_name":"The Woman in Blue","floor":3,"gold_loss":0},{"damage_healed":0,"gold_gain":0,"player_choice":"Ignored","damage_taken":0,"max_hp_gain":0,"max_hp_loss":0,"event_name":"Liars Game","floor":13,"gold_loss":0},{"damage_healed":0,"gold_gain":0,"player_choice":"Smashed Altar","damage_taken":0,"max_hp_gain":0,"max_hp_loss":0,"event_name":"Forgotten Altar","floor":20,"gold_loss":0,"cards_obtained":["Decay"]},{"damage_healed":0,"gold_gain":0,"player_choice":"Fight","damage_taken":0,"max_hp_gain":0,"max_hp_loss":0,"event_name":"MindBloom","floor":36,"gold_loss":0}],"is_beta":false,"boss_relics":[{"not_picked":["Ring of the Serpent","Runic Pyramid"],"picked":"construct:WeddingRing"},{"not_picked":["Empty Cage","SlaversCollar"],"picked":"WristBlade"}],"items_purged_floors":[22],"is_endless":false,"potions_floor_spawned":[1,6,7,14,16,18,21,31,33,39,40,44,48],"ascension_level":2}}