{"host":"8o45mh5p3pp1o2mi","time":1608253854,"event":{"mods":["BaseMod","Downfall","Minty Spire (QoL Compilation)","Replay The Spire","StSLib"],"gold_per_floor":[99,7,7,36,51,51,74,74,174,174,174,203,15,33,33,47,64,169,169,94,121,140,156,181,201,201,126,159,84,84,84,17,77,89,190,190,190,190,252,102,102,131,131,166,166,231,231,278,344,344,354,354,354,382,39,39,39],"floor_reached":58,"playtime":5525,"items_purged":["Slimebound:Strike_Slimebound"],"score":1405,"play_id":"efd875b0-4c8b-40af-8809-be42c45c8147","local_time":"20201218011054","is_ascension_mode":true,"campfire_choices":[{"floor":1,"key":"RECALL"},{"data":"Slimebound:Teamwork","floor":3,"key":"SMITH"},{"data":"Slimebound:RainOfGoop","floor":6,"key":"SMITH"},{"data":"Slimebound:Split","floor":8,"key":"SMITH"},{"data":"Slimebound:Gluttony","floor":20,"key":"SMITH"},{"data":"Slimebound:RallyTheTroops","floor":27,"key":"SMITH"},{"data":"Slimebound:MassFeed","floor":29,"key":"SMITH"},{"data":"Slimebound:Darklings","floor":45,"key":"SMITH"},{"data":"Slimebound:MinionMaster","floor":56,"key":"SMITH"}],"circlet_count":0,"master_deck":["Slimebound:Tackle","Slimebound:Defend_Slimebound","Slimebound:Defend_Slimebound","Slimebound:Defend_Slimebound","Slimebound:Split+1","Slimebound:CorrosiveSpit","Slimebound:Teamwork+1","Slimebound:RainOfGoop+1","Slimebound:LeechEnergy","Slimebound:Schlurp","Slimebound:Replication","Slimebound:FinishingTackle","Slimebound:Gluttony+1","Slimebound:SamplingLick","Slimebound:RollThrough","Slimebound:SplitMire","Slimebound:RallyTheTroops+1","Slimebound:LeechingTouch+1","Slimebound:GrowthPunch","Slimebound:SpikyOuterGoop+1","Slimebound:Schlurp","Slimebound:ItLooksTasty","Slimebound:MassFeed+1","Slimebound:Tackle+1","Slimebound:Tackle+1","Slimebound:Tackle+1","Slimebound:MinionMaster+1","Slimebound:AcidTongue","Slimebound:AcidTongue","Slimebound:LeechEnergy","Slimebound:ForwardTackle","Slimebound:Overexert+1","Slimebound:Prepare","Slimebound:Darklings+1","Slimebound:HauntingLick+1","Slimebound:SlimeTap","Slimebound:ViciousTackle+1","Slimebound:TongueLash+1","Slimebound:LeechingTouch+1","Slimebound:TongueLash+1","Slimebound:FormOfPuddle+1","expansioncontent:DefensiveStance","Slimebound:SamplingLick+1","Slimebound:LevelUp","Slimebound:Equalize"],"relics":["Slimebound:AbsorbEndCombat","Replay:Wax Seal","Nunchaku","Boot","ReplayTheSpireMod:TigerMarble","downfall:ShatteredFragment","Honey Jar","downfall:HeartBlessingRed","Juzu Bracelet","Slimebound:MaxSlimesRelic","downfall:HeartBlessingBlue","ReplayTheSpireMod:Ninjato","downfall:HeartBlessingGreen","downfall:KnowingSkull","Coffee Dripper","Kunai","Calipers","Strawberry","War Paint","Vajra","Ginger","Simple Rune","Happy Flower","Replay:WaspNest"],"acts_visited":["Exordium","TheCity","TheBeyond","TheEnding"],"potions_floor_usage":[12,24,24,32,32,35,42,46,52,57,57,57,57,57,57,57,57],"damage_taken":[{"damage":10,"enemies":"downfall:FleeingMerchant","floor":2,"turns":4},{"damage":20,"enemies":"Lagavulin","floor":4,"turns":7},{"damage":10,"enemies":"2 Louse","floor":5,"turns":3},{"damage":29,"enemies":"3 Sentries","floor":12,"turns":7},{"damage":9,"enemies":"downfall:FleeingMerchant","floor":13,"turns":4},{"damage":13,"enemies":"Jaw Worm","floor":14,"turns":2},{"damage":3,"enemies":"Small Slimes","floor":16,"turns":2},{"damage":3,"enemies":"2 Fungi Beasts","floor":17,"turns":2},{"damage":30,"enemies":"downfall:Watcher","floor":18,"turns":5},{"damage":38,"enemies":"Book of Stabbing","floor":21,"turns":4},{"damage":12,"enemies":"Chosen","floor":22,"turns":2},{"damage":17,"enemies":"3 Byrds","floor":23,"turns":4},{"damage":23,"enemies":"Slavers","floor":24,"turns":4},{"damage":29,"enemies":"Centurion and Healer","floor":25,"turns":4},{"damage":43,"enemies":"Book of Stabbing","floor":28,"turns":5},{"damage":35,"enemies":"downfall:FleeingMerchant","floor":32,"turns":4},{"damage":22,"enemies":"3 Cultists","floor":33,"turns":4},{"damage":20,"enemies":"Snake Plant","floor":34,"turns":3},{"damage":63,"enemies":"downfall:Ironclad","floor":35,"turns":7},{"damage":7,"enemies":"downfall:FleeingMerchant","floor":39,"turns":1},{"damage":32,"enemies":"Reptomancer","floor":42,"turns":3},{"damage":32,"enemies":"Giant Head","floor":44,"turns":4},{"damage":54,"enemies":"R_Hoarder","floor":46,"turns":4},{"damage":25,"enemies":"2 Orb Walkers","floor":48,"turns":3},{"damage":23,"enemies":"Orb Walker","floor":51,"turns":3},{"damage":85,"enemies":"downfall:Silent","floor":52,"turns":9},{"damage":48,"enemies":"downfall:CharBossMerchant","floor":54,"turns":7},{"damage":75,"enemies":"downfall:NeowBoss","floor":57,"turns":18}],"seed_played":"7547491841996737106","potions_obtained":[{"floor":5,"key":"PowerPotion"},{"floor":14,"key":"SteroidPotion"},{"floor":16,"key":"Explosive Potion"},{"floor":17,"key":"ColorlessPotion"},{"floor":23,"key":"Dexterity Potion"},{"floor":24,"key":"SteroidPotion"},{"floor":25,"key":"Fire Potion"},{"floor":33,"key":"Slimebound:SlimedPotion"},{"floor":35,"key":"Energy Potion"},{"floor":42,"key":"champ:CounterPotion"},{"floor":48,"key":"sneckomod:MuddlingPotion"}],"is_trial":false,"path_per_floor":["R","$","R","E","M","R","T","R","?","PTL","PTL","E","$","M","?","M","M","B",null,"R","E","M","M","E","M","T","R","E","R","?","?","$","M","M","B",null,"R","?","$","?","?","E","T","E","R","E","?","?","?","?","M","B",null,"E","$","R","B",null],"character_chosen":"SLIMEBOUND","items_purchased":["Replay:Wax Seal","Slimebound:Gluttony","Slimebound:SamplingLick","Slimebound:AcidTongue","Kunai","Slimebound:SlimeTap","Slimebound:Equalize","Replay:WaspNest","champ:CounterPotion"],"campfire_rested":0,"item_purchase_floors":[2,13,13,32,39,39,55,55,55],"current_hp_per_floor":[42,52,52,44,46,46,46,46,46,46,46,45,52,59,41,46,55,56,60,60,46,58,56,60,60,60,70,67,67,67,61,70,74,71,76,78,78,78,78,88,88,88,95,95,95,88,88,83,83,83,92,83,99,89,89,89,97],"gold":39,"neow_bonus":"THREE_RARE_CARDS","is_daily":false,"chose_seed":false,"campfire_upgraded":8,"win_rate":0.0,"timestamp":1608253854,"path_taken":["R","$","R","E","M","R","T","R","?","PTL","PTL","E","$","M","?","M","M","BOSS","R","E","M","M","E","M","T","R","E","R","?","?","$","M","M","BOSS","R","?","$","?","?","E","T","E","R","E","?","?","?","?","M","BOSS","E","$","R","BOSS"],"items_purchased_type":["Relic","Card","Card","Card","Relic","Card","Card","Relic","Potion"],"build_version":"2020-12-13","purchased_purges":1,"victory":true,"max_hp_per_floor":[60,60,60,60,60,60,60,60,60,60,60,60,60,60,60,60,60,60,60,60,60,60,60,60,60,60,70,70,70,70,70,70,74,78,78,78,78,78,78,88,88,88,95,95,95,95,95,95,95,95,99,99,99,99,99,99,99],"card_choices":[{"not_picked":["Slimebound:CheckThePlaybook","Slimebound:MinionMaster"],"picked":"Slimebound:Teamwork","floor":0},{"not_picked":["Slimebound:SplitBruiser","Slimebound:SplitMire"],"picked":"Slimebound:RainOfGoop","floor":2},{"not_picked":["Slimebound:GoopTackle","Slimebound:SamplingLick"],"picked":"Slimebound:LeechEnergy","floor":4},{"not_picked":["Slimebound:SlimeBrawl","Slimebound:SplitAcid"],"picked":"Slimebound:Schlurp","floor":5},{"not_picked":["Slimebound:HauntingLick","Slimebound:DivideAndConquer"],"picked":"Slimebound:Replication","floor":12},{"not_picked":["Slimebound:SelfFormingGoo","Slimebound:Schlurp"],"picked":"Slimebound:FinishingTackle","floor":13},{"not_picked":["Slimebound:Prepare","Slimebound:SlimeSpikes"],"picked":"Slimebound:RollThrough","floor":14},{"not_picked":["Slimebound:RainOfGoop","Slimebound:Dissolve"],"picked":"Slimebound:SplitMire","floor":16},{"not_picked":["Slimebound:RollThrough","Slimebound:Chomp","Slimebound:SlimeBrawl"],"picked":"SKIP","floor":17},{"not_picked":["Slimebound:MinionMaster","Slimebound:Teamwork"],"picked":"Slimebound:RallyTheTroops","floor":18},{"not_picked":["Slimebound:PrepareCrush","Slimebound:SplitLeeching","Slimebound:Replication"],"picked":"Slimebound:LeechingTouch+1","floor":21},{"not_picked":["Slimebound:GoopSpray","Slimebound:FinishingTackle","Slimebound:LeechingTouch"],"picked":"Slimebound:GrowthPunch","floor":22},{"not_picked":["Slimebound:Nibble+1","Slimebound:Schlurp","Slimebound:DisruptingSlam+1"],"picked":"Slimebound:SpikyOuterGoop+1","floor":23},{"not_picked":["Slimebound:SplitLeeching","Slimebound:GrowthPunch","Slimebound:Replication"],"picked":"Slimebound:Schlurp","floor":24},{"not_picked":["Slimebound:FinishingTackle","Slimebound:ServeAndProtect","Slimebound:SamplingLick+1"],"picked":"Slimebound:ItLooksTasty","floor":25},{"not_picked":["Slimebound:RejuvenatingLick","Slimebound:RainOfGoop","Slimebound:SplitMire"],"picked":"Slimebound:MassFeed","floor":28},{"not_picked":["Slimebound:PressTheAttack","Slimebound:SplitBruiser","Slimebound:SplitAcid"],"picked":"Slimebound:MinionMaster","floor":32},{"not_picked":["Slimebound:Prepare","Slimebound:RollThrough","Slimebound:SplitLeeching+1"],"picked":"Slimebound:LeechEnergy","floor":33},{"not_picked":["Slimebound:LeechEnergy+1","Slimebound:Chomp","Slimebound:SplitLeeching"],"picked":"Slimebound:ForwardTackle","floor":34},{"not_picked":["Slimebound:OneTwoCombo","Slimebound:MinionMaster","Slimebound:CheckThePlaybook"],"picked":"Slimebound:Overexert","floor":35},{"not_picked":["Slimebound:OneTwoCombo","Slimebound:SlimeBarrage","Slimebound:SamplingLick"],"picked":"Slimebound:HauntingLick+1","floor":39},{"not_picked":["Slimebound:SlimeBarrage+1","Slimebound:SlimeBrawl+1","Slimebound:SamplingLick+1"],"picked":"Slimebound:ViciousTackle+1","floor":42},{"not_picked":["Slimebound:GrowthPunch","Slimebound:SplitAcid+1","Slimebound:SplitLeeching+1"],"picked":"Slimebound:TongueLash+1","floor":44},{"not_picked":["Slimebound:DivideAndConquer","Slimebound:MassFeed","Slimebound:ViciousTackle+1"],"picked":"Slimebound:LeechingTouch+1","floor":46},{"not_picked":["Slimebound:Prepare","Slimebound:ComboTackle","Slimebound:LeechingTouch+1"],"picked":"Slimebound:TongueLash+1","floor":49},{"not_picked":["Slimebound:ForwardTackle","Slimebound:ViciousTackle+1","Slimebound:PressTheAttack"],"picked":"Slimebound:FormOfPuddle+1","floor":49},{"not_picked":["Replay:SS_fish_2","expansioncontent:ManipulateTime","Replay:SS_forest_5"],"picked":"expansioncontent:DefensiveStance","floor":50},{"not_picked":["Slimebound:ViciousTackle","Slimebound:GrowthPunch+1","Slimebound:SlimeBrawl"],"picked":"Slimebound:SamplingLick+1","floor":51},{"not_picked":["Slimebound:FormOfPuddle+1","Slimebound:SamplingLick","Slimebound:FinishingTackle+1"],"picked":"Slimebound:LevelUp","floor":54}],"player_experience":23989,"relics_obtained":[{"floor":4,"key":"Nunchaku"},{"floor":7,"key":"Boot"},{"floor":12,"key":"ReplayTheSpireMod:TigerMarble"},{"floor":21,"key":"Juzu Bracelet"},{"floor":24,"key":"Slimebound:MaxSlimesRelic"},{"floor":28,"key":"ReplayTheSpireMod:Ninjato"},{"floor":42,"key":"Calipers"},{"floor":43,"key":"Strawberry"},{"floor":44,"key":"War Paint"},{"floor":46,"key":"Vajra"},{"floor":48,"key":"Ginger"},{"floor":49,"key":"Simple Rune"},{"floor":54,"key":"Happy Flower"}],"event_choices":[{"damage_healed":0,"gold_gain":0,"player_choice":"Upgraded","damage_taken":0,"max_hp_gain":0,"max_hp_loss":0,"event_name":"Upgrade Shrine","floor":47,"gold_loss":0,"cards_upgraded":["Slimebound:Overexert"]},{"damage_healed":0,"gold_gain":0,"player_choice":"Fight","damage_taken":0,"max_hp_gain":0,"max_hp_loss":0,"event_name":"Mysterious Sphere","floor":48,"gold_loss":0}],"is_beta":false,"boss_relics":[{"not_picked":["Kintsugi","Replay:Drink Me"],"picked":"Honey Jar"},{"not_picked":["Calling Bell","SacredBark"],"picked":"Coffee Dripper"}],"items_purged_floors":[13],"is_endless":false,"potions_floor_spawned":[5,14,16,17,23,24,25,33,35,42,48],"ascension_level":1}}