{"host":"373g0ui1bgeshz9m","time":1608303104,"event":{"mods":["Act Like it!","Aspiration","BaseMod","Beaked The Cultist","Better Third Choice","Colored Map","Conspire","Downfall","Halation","Hermit","Hubris","Infinite Spire","Jorbs\u0027s Wanderer Trilogy","Minty Spire (QoL Compilation)","Pale of the Ancients","Permanent Neow","Quick Restart","Replay The Spire","Shade Mod","Shop Mod","Spikes Relics","StSLib","The Animator","The Bladedancer","The Bug Knight","The Construct","The Cursed","The Factory","The Florist","The Judge","The Jungle","The Necromancer","The Sage","The Wild Card","Trackpad","vexMod"],"gold_per_floor":[99,114,22,55,55,55,55,155,174,24,41,56,41,41,55,155,155,155,155,155,155,171,171,245,273,288,288,288],"floor_reached":27,"playtime":2138,"items_purged":[],"score":254,"play_id":"bf9d9588-0ddd-45ad-b3ee-017cb690ae7c","local_time":"20201218095144","is_ascension_mode":false,"campfire_choices":[{"floor":1,"key":"RECALL"},{"data":"Slimebound:CorrosiveSpit","floor":6,"key":"SMITH"},{"data":"Slimebound:Schlurp","floor":10,"key":"SMITH"},{"data":"Slimebound:OozeBath","floor":18,"key":"SMITH"},{"data":"Slimebound:WasteNot","floor":20,"key":"SMITH"}],"circlet_count":0,"master_deck":["Slimebound:Strike_Slimebound","Slimebound:Strike_Slimebound","Slimebound:Strike_Slimebound","Slimebound:Tackle","Slimebound:Defend_Slimebound","Slimebound:Defend_Slimebound","Slimebound:Defend_Slimebound","Slimebound:Split","Slimebound:CorrosiveSpit+1","Slimebound:WasteNot+1","Slimebound:RollThrough","Slimebound:ViciousTackle","Slimebound:Nibble","Slimebound:Schlurp+1","CommonCold","Slimebound:HauntingLick","Slimebound:Grow+1","Slimebound:MegaLick","Slimebound:OozeBath+1","Slimebound:RainOfGoop","Slimebound:Gluttony"],"relics":["Slimebound:AbsorbEndCombat","Mango","Ring of Peace","ReplayTheSpireMod:Ring of Sloth","downfall:HeartBlessingRed","downfall:HeartBlessingBlue","conspire:RoyalGoblet","Snack Pack","CherryCoatedStake"],"acts_visited":["Exordium","Exordium"],"potions_floor_usage":[25,27],"damage_taken":[{"damage":16,"enemies":"Small Slimes","floor":2,"turns":4},{"damage":9,"enemies":"downfall:FleeingMerchant","floor":3,"turns":4},{"damage":25,"enemies":"Replay:BlueRogue","floor":4,"turns":6},{"damage":10,"enemies":"Cultist","floor":9,"turns":4},{"damage":0,"enemies":"2 Louse","floor":11,"turns":2},{"damage":19,"enemies":"Exordium Thugs","floor":12,"turns":5},{"damage":7,"enemies":"downfall:FleeingMerchant","floor":13,"turns":4},{"damage":12,"enemies":"3 Louse","floor":15,"turns":4},{"damage":40,"enemies":"downfall:Silent","floor":16,"turns":8},{"damage":40,"enemies":"theJungle:Flameango_and_Byrd","floor":22,"turns":6},{"damage":48,"enemies":"theJungle:Cassacara","floor":25,"turns":6},{"damage":34,"enemies":"theJungle:MUSHROOMGANG","floor":26,"turns":5},{"damage":83,"enemies":"theJungle:MamaSnecko","floor":27,"turns":5}],"seed_played":"5432982910461092211","potions_obtained":[{"floor":4,"key":"DistilledChaos"},{"floor":11,"key":"Dexterity Potion"},{"floor":15,"key":"Weak Potion"},{"floor":16,"key":"FearPotion"},{"floor":26,"key":"LifebloodPotion"}],"is_trial":false,"path_per_floor":["R_BF","M","$","E","?","R","T","?","M","R","M","M","$","?","M","B",null,"R","?","R","?","M","?","T","E","M","E"],"character_chosen":"SLIMEBOUND","items_purchased":["Slimebound:Nibble"],"campfire_rested":0,"item_purchase_floors":[3],"current_hp_per_floor":[60,55,60,72,72,72,72,72,72,82,84,83,84,84,84,76,84,84,84,84,84,60,60,60,40,41,0,0],"gold":288,"neow_bonus":"ONE_RANDOM_RARE_CARD","is_daily":false,"chose_seed":false,"campfire_upgraded":4,"win_rate":0.0,"timestamp":1608303104,"path_taken":["R_BF","M","$","E","?","R","T","?","M","R","?","M","?","?","M","BOSS","R","?","R","?","?","?","T","E","M","E"],"items_purchased_type":["Card"],"build_version":"2020-12-13","purchased_purges":0,"victory":false,"max_hp_per_floor":[60,60,60,74,74,74,74,74,74,84,84,84,84,84,84,84,84,84,84,84,84,84,84,84,84,84,84,84],"card_choices":[{"not_picked":["Slimebound:ViciousTackle","Slimebound:ComboTackle"],"picked":"Slimebound:RollThrough","floor":2},{"not_picked":["Slimebound:LeechEnergy","Slimebound:ItLooksTasty"],"picked":"Slimebound:ViciousTackle","floor":3},{"not_picked":["Slimebound:ComboTackle","Slimebound:Prepare"],"picked":"Slimebound:Schlurp","floor":4},{"not_picked":["Slimebound:FinishingTackle","Slimebound:PressTheAttack","Slimebound:SlimeSlap"],"picked":"SKIP","floor":9},{"not_picked":["Slimebound:ProtectTheBoss","Slimebound:LeechingTouch"],"picked":"Slimebound:HauntingLick","floor":11},{"not_picked":["Slimebound:SpikyOuterGoop","Slimebound:ComboTackle"],"picked":"Slimebound:Grow","floor":12},{"not_picked":["Slimebound:LeechEnergy","Slimebound:GrowthPunch"],"picked":"Slimebound:MegaLick","floor":13},{"not_picked":["Slimebound:FinishingTackle","Slimebound:RollThrough","Slimebound:MegaLick"],"picked":"SKIP","floor":15},{"not_picked":["Slimebound:SelfFormingGoo","Slimebound:DuplicatedForm"],"picked":"Slimebound:OozeBath","floor":16},{"not_picked":["Slimebound:ComboTackle","Slimebound:LeechEnergy"],"picked":"Slimebound:RainOfGoop","floor":22},{"not_picked":["Slimebound:LeechingTouch","Slimebound:Prepare"],"picked":"Slimebound:Gluttony","floor":25},{"not_picked":["Slimebound:AcidTongue","Slimebound:FormOfPuddle","Slimebound:SplitMire"],"picked":"SKIP","floor":26}],"player_experience":87948,"relics_obtained":[{"floor":4,"key":"Mango"},{"floor":5,"key":"Ring of Peace"},{"floor":5,"key":"ReplayTheSpireMod:Ring of Sloth"},{"floor":24,"key":"Snack Pack"},{"floor":25,"key":"CherryCoatedStake"}],"event_choices":[{"cards_removed":["Slimebound:Defend_Slimebound"],"damage_healed":0,"gold_gain":0,"player_choice":"Purged","damage_taken":0,"max_hp_gain":0,"max_hp_loss":0,"event_name":"Purifier","floor":14,"gold_loss":0},{"damage_healed":0,"gold_gain":0,"player_choice":"Upgraded","damage_taken":0,"max_hp_gain":0,"max_hp_loss":0,"event_name":"Upgrade Shrine","floor":21,"gold_loss":0,"cards_upgraded":["Slimebound:Grow"]}],"is_beta":false,"boss_relics":[{"not_picked":["halation:HeavySnake","halation:Yufonium"],"picked":"conspire:RoyalGoblet"}],"items_purged_floors":[],"is_endless":false,"potions_floor_spawned":[4,11,15,16,26],"killed_by":"theJungle:MamaSnecko","ascension_level":0}}