{"host":"6e4d2nejd5141r00","time":1608274576,"event":{"mods":["Act Like it!","BaseMod","Better Synergies","Better Third Choice","BetterRewards","CapriCore","Colored Map","Colored Powertips","Downfall","GifTheSpireLib","Infinite Spire","Minty Spire (QoL Compilation)","Replay The Spire","StSLib"],"gold_per_floor":[99,99,99,110,126,126,126,145,171,21,39,58,193,204,220,320,320,320,320,334,434,434,434,434],"floor_reached":23,"playtime":1262,"items_purged":[],"score":191,"play_id":"42856b32-0a49-4568-9978-b2e7e65e2499","local_time":"20201218075616","is_ascension_mode":false,"campfire_choices":[{"floor":1.0,"key":"RECALL"},{"floor":10.0,"key":"REST"},{"data":"champ:VampiricStrike","floor":18.0,"key":"SMITH"},{"data":"champ:Aggression","floor":22.0,"key":"SMITH"}],"circlet_count":0,"master_deck":["champ:Strike+1","champ:Strike+1","champ:Strike","champ:Strike","champ:Defend","champ:Defend+1","champ:Defend","champ:Defend","champ:Execute","champ:Taunt","champ:DancingMaster","champ:BladeFlurry","champ:StanceDance","champ:Circumvent","champ:VampiricStrike+1","champ:ViciousMockery","champ:Aggression+1","Parasite","champ:AdrenalArmor","champ:SwordThrow","champ:Improvising","champ:BerserkersShout","champ:PerfectedStrike"],"relics":["champ:ChampionCrown","champ:LiftRelic","Happy Flower","Quantum Egg","Onion Ring","downfall:HeartBlessingRed","downfall:HeartBlessingGreen","ReplayTheSpireMod:CursedCoin","Black Star","downfall:CloakOfManyFaces","CultistMask","FaceOfCleric","NlothsMask","GremlinMask","SsserpentHead"],"acts_visited":["Exordium","TheCity"],"potions_floor_usage":[23],"damage_taken":[{"damage":13.0,"enemies":"Jaw Worm","floor":4.0,"turns":2.0},{"damage":11.0,"enemies":"Small Slimes","floor":5.0,"turns":3.0},{"damage":23.0,"enemies":"infinitespire:Voidling","floor":8.0,"turns":3.0},{"damage":29.0,"enemies":"Replay:BlueRogue","floor":9.0,"turns":6.0},{"damage":10.0,"enemies":"2 Fungi Beasts","floor":11.0,"turns":5.0},{"damage":8.0,"enemies":"Lots of Slimes","floor":12.0,"turns":4.0},{"damage":18.0,"enemies":"downfall:FleeingMerchant","floor":13.0,"turns":4.0},{"damage":5.0,"enemies":"Large Slime","floor":14.0,"turns":2.0},{"damage":28.0,"enemies":"2 Fungi Beasts","floor":15.0,"turns":4.0},{"damage":53.0,"enemies":"downfall:Watcher","floor":16.0,"turns":7.0},{"damage":47.0,"enemies":"Shell Parasite","floor":20.0,"turns":8.0},{"damage":35.0,"enemies":"downfall:FaceTrader","floor":21.0,"turns":4.0},{"damage":48,"enemies":"Slavers","floor":23,"turns":3}],"seed_played":"5563348211544418445","potions_obtained":[{"floor":5.0,"key":"Venom Potion"},{"floor":8.0,"key":"Ancient Potion"},{"floor":14.0,"key":"Venom Potion"},{"floor":16.0,"key":"SpeedPotion"},{"floor":20.0,"key":"champ:CounterPotion"}],"is_trial":false,"path_per_floor":["R","?","?","M","M","?","T","M","E","R","M","M","$","M","M","B",null,"R","?","M","?","R","E"],"character_chosen":"THE_CHAMP","items_purchased":["ReplayTheSpireMod:CursedCoin"],"campfire_rested":1,"item_purchase_floors":[13],"current_hp_per_floor":[90,90,90,77,71,53,53,30,16,43,33,44,54,74,81,57,90,90,90,57,45,45,0,0],"gold":434,"neow_bonus":"ONE_RANDOM_RARE_CARD","is_daily":false,"chose_seed":false,"campfire_upgraded":2,"win_rate":0.0,"timestamp":1608274576,"path_taken":["R","?","?","M","M","?","T","M","E","R","M","M","$","M","M","BOSS","R","?","?","?","R","E"],"items_purchased_type":["Relic"],"build_version":"2020-12-13","purchased_purges":0,"victory":false,"max_hp_per_floor":[90,90,90,90,90,90,90,90,90,90,90,90,90,90,90,90,90,90,90,90,90,90,90,90],"card_choices":[{"not_picked":["champ:CalledShot","champ:GladiatorsShout","champ:RapidStrikes"],"picked":"SKIP","floor":4.0},{"not_picked":["champ:CrookedStrike","champ:SkillfulDodge"],"picked":"champ:BladeFlurry","floor":5.0},{"not_picked":["champ:ShieldWall","champ:GladiatorsShout"],"picked":"champ:StanceDance","floor":8.0},{"not_picked":["champ:CrookedStrike","champ:DeathBlow"],"picked":"champ:Circumvent","floor":9.0},{"not_picked":["champ:StanceDance","champ:EnragedBash"],"picked":"champ:VampiricStrike","floor":11.0},{"not_picked":["champ:GladiatorsShout","champ:HeartStrike"],"picked":"champ:ViciousMockery","floor":12.0},{"not_picked":["champ:FocusedGladiator","champ:BringItOn"],"picked":"champ:Aggression","floor":13.0},{"not_picked":["champ:EnGarde","champ:FocusedGladiator"],"picked":"champ:AdrenalArmor","floor":14.0},{"not_picked":["champ:FlashCut","champ:Backstep"],"picked":"champ:SwordThrow","floor":15.0},{"not_picked":["champ:ShieldSlam","champ:SteelEdge"],"picked":"champ:Improvising","floor":16.0},{"not_picked":["champ:BringItOn+1","champ:Circumvent"],"picked":"champ:BerserkersShout","floor":20.0},{"not_picked":["champ:TornadoPunch","champ:Lariat"],"picked":"champ:PerfectedStrike","floor":21.0}],"player_experience":112427,"relics_obtained":[{"floor":7.0,"key":"Quantum Egg"},{"floor":9.0,"key":"Onion Ring"},{"floor":21.0,"key":"downfall:CloakOfManyFaces"}],"event_choices":[{"damage_healed":0.0,"max_hp_gain":0.0,"max_hp_loss":0.0,"gold_gain":0.0,"event_name":"betterThird:BetterScrap","player_choice":"Relic ","floor":6.0,"gold_loss":0.0,"damage_taken":18.0,"cards_obtained":["ReplayTheSpireMod:System Scan"]},{"cards_removed":["Regret"],"damage_healed":0.0,"max_hp_gain":0.0,"max_hp_loss":0.0,"gold_gain":0.0,"event_name":"Purifier","player_choice":"Purged","floor":19.0,"gold_loss":0.0,"damage_taken":0.0}],"is_beta":false,"boss_relics":[{"not_picked":["ReplayTheSpireMod:DimensionalGlitch","infinitespire:Cupcake"],"picked":"Black Star"}],"items_purged_floors":[],"is_endless":false,"potions_floor_spawned":[5,8,14,16,20],"killed_by":"Slavers","ascension_level":0}}