{"host":"a3gl5es7j3fsfxu2","time":1608333500,"event":{"mods":["A Magickal Journey","AchievementEnabler","BaseMod","Better Third Choice","BetterRewards","Conspire","Custom Start","DeckTracker","Gold Saver","GungeonMod","Halation","Hermit","Hubris","Infinite Spire","Jedi Mod","Jorbs\u0027s Wanderer Trilogy","Minty Spire (QoL Compilation)","Permanent Neow","Potionbrewer","Quick Restart","Relic Filter","Relic Sorter","Remove Card Discount Mod","Replay The Spire","Robot Space Explorer","Spicy Shops","StSLib","The Animator","The Exalted","The Poker Player","The Problem Sleuth","The Runesmith","TheArtist","vexMod"],"gold_per_floor":[109,9273,9283,9298,8075,8075,8113,8113,8113,8151,8176,8208,7381,7381,7381,7506,7506,7506,7506,7506],"floor_reached":18,"playtime":754,"items_purged":[],"score":186,"play_id":"84f674f3-b435-4fca-81ee-1fc0e31086bf","local_time":"20201219001820","is_ascension_mode":true,"metric_token":2194,"campfire_choices":[{"data":"PokerPlayerMod:Sharpen","floor":6,"key":"SMITH"},{"data":"PokerPlayerMod:Diamond1","floor":15,"key":"SMITH"}],"circlet_count":0,"master_deck":["PokerPlayerMod:Diamond2","PokerPlayerMod:Diamond2","PokerPlayerMod:Diamond3","PokerPlayerMod:Diamond4","PokerPlayerMod:Diamond5","PokerPlayerMod:Spade1","PokerPlayerMod:Spade2","PokerPlayerMod:Spade3","PokerPlayerMod:Spade4","PokerPlayerMod:Club1","PokerPlayerMod:Club2","PokerPlayerMod:Heart2","PokerPlayerMod:TrumpStrike","PokerPlayerMod:BadJoker","PokerPlayerMod:Mulligan+1","PokerPlayerMod:Diamond8","PokerPlayerMod:Diamond5","PokerPlayerMod:Diamond8","PokerPlayerMod:Diamond7","PokerPlayerMod:Club3","PokerPlayerMod:Diamond6","PokerPlayerMod:Heart8","PokerPlayerMod:Sharpen+1","PokerPlayerMod:Club5","HandOfGreed","PokerPlayerMod:CloakAndDiamond","PokerPlayerMod:Promotion","PokerPlayerMod:Spade7"],"relics":["PokerPlayerMod:DeckCase","DemoMod:WeirdEgg","DemoMod:PartiallyEatenCheese","Akabeko","HandDrill","potionbrewer:SalesContract","Sling","Bag of Marbles","infinitespire:EmpoweringShard","hubris:BundleOfHerbs","potionbrewer:ToyAutogyro","hubris:EmptyBottle","Garlic","ReplayTheSpireMod:TigerMarble","DemoMod:GnawedKey","jedi:kaleidoscope","Bromod:ArcaneConsequence","hubris:Towel","vexMod:NewClearReactor"],"acts_visited":["Exordium","TheCity"],"potions_floor_usage":[],"damage_taken":[{"damage":0,"enemies":"Small Slimes","floor":1,"turns":2},{"damage":0,"enemies":"Cultist","floor":3,"turns":2},{"damage":8,"enemies":"2 Louse","floor":4,"turns":2},{"damage":0,"enemies":"Large Slime","floor":7,"turns":2},{"damage":9,"enemies":"Gremlin Gang","floor":10,"turns":2},{"damage":16,"enemies":"Gremlin Nob","floor":11,"turns":3},{"damage":0,"enemies":"Lots of Slimes","floor":12,"turns":2},{"damage":14,"enemies":"Hexaghost","floor":16,"turns":6},{"damage":0,"enemies":"Shell Parasite","floor":18,"turns":1}],"seed_played":"-4016067100535340361","potions_obtained":[],"is_trial":false,"path_per_floor":["M","$","M","M","$","R","M","?","T","M","E","M","$","?","R","B",null,"M"],"character_chosen":"THE_POKER_PLAYER","items_purchased":["PokerPlayerMod:Diamond5","DemoMod:PartiallyEatenCheese","PokerPlayerMod:Diamond8","Akabeko","HandDrill","PokerPlayerMod:Diamond6","PokerPlayerMod:Heart8","potionbrewer:SalesContract","Sling","PokerPlayerMod:Sharpen","Bag of Marbles","infinitespire:EmpoweringShard","hubris:BundleOfHerbs","potionbrewer:ToyAutogyro","Flash of Steel","hubris:EmptyBottle","Garlic","ReplayTheSpireMod:TigerMarble","DemoMod:GnawedKey","jedi:kaleidoscope","Bromod:ArcaneConsequence"],"campfire_rested":0,"item_purchase_floors":[2,2,2,2,2,5,5,5,5,5,5,5,5,5,5,13,13,13,13,13,13],"current_hp_per_floor":[52,52,52,44,44,44,44,44,44,45,36,52,52,52,52,38,52,52,52,52],"gold":7506,"neow_bonus":"UPGRADE_CARD","is_daily":false,"chose_seed":false,"campfire_upgraded":2,"win_rate":0.0,"timestamp":1608333500,"path_taken":["M","$","M","M","$","R","M","?","T","?","E","M","$","?","R","BOSS","M"],"items_purchased_type":["Card","Relic","Card","Relic","Relic","Card","Card","Relic","Relic","Card","Relic","Relic","Relic","Relic","Card","Relic","Relic","Relic","Relic","Relic","Relic"],"build_version":"2020-12-13","purchased_purges":0,"victory":false,"max_hp_per_floor":[52,52,52,52,52,52,52,52,52,52,52,52,52,52,52,52,52,52,52,52],"card_choices":[{"not_picked":["PokerPlayerMod:Sharpen","PokerPlayerMod:Club5"],"picked":"PokerPlayerMod:Diamond8","floor":1},{"not_picked":["PokerPlayerMod:Trickery","PokerPlayerMod:HeartStrike"],"picked":"PokerPlayerMod:Diamond7","floor":3},{"not_picked":["PokerPlayerMod:DartThrow","PokerPlayerMod:Spade3"],"picked":"PokerPlayerMod:Club3","floor":4},{"not_picked":["PokerPlayerMod:Extraction","PokerPlayerMod:Fold"],"picked":"PokerPlayerMod:Club5","floor":7},{"not_picked":["PokerPlayerMod:Club1","PokerPlayerMod:DartThrow"],"picked":"PokerPlayerMod:CloakAndDiamond","floor":10},{"not_picked":["PokerPlayerMod:Heart2","PokerPlayerMod:DartThrow"],"picked":"PokerPlayerMod:Promotion","floor":11},{"not_picked":["PokerPlayerMod:ClubsClub","PokerPlayerMod:Heart3","PokerPlayerMod:Diamond2"],"picked":"SKIP","floor":12},{"not_picked":["PokerPlayerMod:GamblerForm","PokerPlayerMod:WasteCollection"],"picked":"PokerPlayerMod:Spade7","floor":16}],"player_experience":361056,"relics_obtained":[{"floor":11,"key":"DemoMod:WeirdEgg"}],"event_choices":[{"damage_healed":0,"gold_gain":0,"cards_transformed":["Flash of Steel"],"player_choice":"Transformed","damage_taken":0,"max_hp_gain":0,"max_hp_loss":0,"event_name":"Transmorgrifier","floor":8,"gold_loss":0,"cards_obtained":["HandOfGreed"]}],"is_beta":false,"boss_relics":[{"not_picked":["Runic Dome","vexMod:FluxCapacitor"],"picked":"vexMod:NewClearReactor"}],"items_purged_floors":[],"is_endless":false,"potions_floor_spawned":[7,12,16],"killed_by":"Shell Parasite","ascension_level":3}}