{"host":"vxxgntm1odai56nh","time":1608319616,"event":{"mods":["AchievementEnabler","BaseMod","Colored Map","Colored Powertips","Highlight Path","Minty Spire (QoL Compilation)","Permanent Neow","Rare Cards Sparkle","Relic Stats","StSLib"],"gold_per_floor":[119,5,5,280,300,300,316,316,316,331,331,341,356,374,374,470,470,488,488,365,365,375,375,409,409,435,445,445,465,59,75,75,178,178,189,207,230,230,242,267,277,304,304,322,322,340,351,351,351,351],"floor_reached":51,"playtime":1999,"items_purged":["Regret","Strike_R"],"score":880,"play_id":"feb88115-a347-44a8-9875-562ee0991772","local_time":"20201218142656","is_ascension_mode":true,"campfire_choices":[{"data":"Inflame","floor":6,"key":"SMITH"},{"data":"Heavy Blade","floor":8,"key":"SMITH"},{"data":"Shockwave","floor":11,"key":"SMITH"},{"data":"Blood for Blood","floor":15,"key":"SMITH"},{"data":"Flame Barrier","floor":23,"key":"SMITH"},{"data":"Bash","floor":25,"key":"SMITH"},{"data":"Shrug It Off","floor":28,"key":"SMITH"},{"data":"Inflame","floor":32,"key":"SMITH"},{"data":"Limit Break","floor":45,"key":"SMITH"},{"data":"Dropkick","floor":49,"key":"SMITH"}],"circlet_count":0,"master_deck":["Strike_R","Strike_R","Strike_R","Strike_R","Defend_R","Defend_R","Defend_R","Defend_R","Bash+1","Heavy Blade+1","Blood for Blood+1","Dropkick+1","Inflame+1","Shockwave+1","Heavy Blade+1","Anger+1","Shrug It Off+1","Bludgeon+1","Reaper+1","Flame Barrier+1","Headbutt+1","Spot Weakness+1","Intimidate","Inflame+1","Limit Break+1","Thunderclap+1","Metallicize+1","Seeing Red+1","Fiend Fire+1"],"relics":["Burning Blood","Toy Ornithopter","Molten Egg 2","Coffee Dripper","FaceOfCleric","Tiny Chest","Red Skull","Lantern","Runic Pyramid","Nunchaku","InkBottle","Question Card","StrikeDummy","Oddly Smooth Stone"],"acts_visited":["Exordium","TheCity","TheBeyond"],"potions_floor_usage":[12,14,24,24,27,31,31,33,38,40,40,46,50],"damage_taken":[{"damage":4,"enemies":"2 Louse","floor":1,"turns":3},{"damage":1,"enemies":"Cultist","floor":5,"turns":3},{"damage":11,"enemies":"Jaw Worm","floor":7,"turns":3},{"damage":17,"enemies":"Looter","floor":10,"turns":3},{"damage":15,"enemies":"Red Slaver","floor":12,"turns":3},{"damage":13,"enemies":"Lots of Slimes","floor":13,"turns":3},{"damage":13,"enemies":"Blue Slaver","floor":14,"turns":3},{"damage":35,"enemies":"Hexaghost","floor":16,"turns":6},{"damage":10,"enemies":"Chosen","floor":18,"turns":3},{"damage":19,"enemies":"2 Thieves","floor":22,"turns":4},{"damage":27,"enemies":"Gremlin Leader","floor":24,"turns":4},{"damage":20,"enemies":"Centurion and Healer","floor":27,"turns":4},{"damage":6,"enemies":"Cultist and Chosen","floor":29,"turns":4},{"damage":42,"enemies":"Snake Plant","floor":31,"turns":4},{"damage":39,"enemies":"Champ","floor":33,"turns":7},{"damage":0,"enemies":"Orb Walker","floor":35,"turns":3},{"damage":10,"enemies":"3 Shapes","floor":36,"turns":5},{"damage":0,"enemies":"3 Darklings","floor":38,"turns":1},{"damage":20,"enemies":"Maw","floor":39,"turns":6},{"damage":30,"enemies":"Giant Head","floor":40,"turns":6},{"damage":18,"enemies":"Spire Growth","floor":41,"turns":4},{"damage":61,"enemies":"Nemesis","floor":42,"turns":5},{"damage":30,"enemies":"3 Darklings","floor":44,"turns":6},{"damage":0,"enemies":"Sphere and 2 Shapes","floor":46,"turns":3},{"damage":21,"enemies":"Spire Growth","floor":47,"turns":4},{"damage":46,"enemies":"Time Eater","floor":50,"turns":6}],"seed_played":"7879197127293124051","potions_obtained":[{"floor":5,"key":"BloodPotion"},{"floor":7,"key":"SkillPotion"},{"floor":12,"key":"GamblersBrew"},{"floor":13,"key":"Strength Potion"},{"floor":16,"key":"Explosive Potion"},{"floor":18,"key":"Energy Potion"},{"floor":24,"key":"Regen Potion"},{"floor":29,"key":"ColorlessPotion"},{"floor":31,"key":"ColorlessPotion"},{"floor":35,"key":"Energy Potion"},{"floor":36,"key":"SmokeBomb"},{"floor":42,"key":"Weak Potion"},{"floor":44,"key":"Explosive Potion"},{"floor":47,"key":"EntropicBrew"}],"is_trial":false,"path_per_floor":["M","$","?","?","M","R","M","R","T","M","R","M","M","M","R","B",null,"M","?","$","?","M","R","E","R","T","M","R","M","$","M","R","B",null,"M","M","T","M","M","E","M","E","T","M","R","M","M","T","R","B",null],"character_chosen":"IRONCLAD","items_purchased":["Blood for Blood","Dropkick","Headbutt+1","Intimidate","Inflame","Lantern","BloodPotion"],"campfire_rested":0,"item_purchase_floors":[2,2,20,30,30,30,30],"current_hp_per_floor":[80,80,85,85,85,85,80,80,80,69,69,65,58,56,56,27,85,81,65,65,65,53,53,55,55,55,59,59,60,60,71,71,44,96,97,94,94,99,95,77,76,64,64,79,79,91,103,103,103,107],"gold":351,"neow_bonus":"RANDOM_COMMON_RELIC","is_daily":false,"chose_seed":false,"campfire_upgraded":10,"win_rate":0.0,"timestamp":1608319616,"path_taken":["M","$","?","?","M","R","M","R","T","M","R","?","M","M","R","BOSS","M","?","$","?","M","R","E","R","T","M","R","M","$","M","R","BOSS","M","M","?","M","M","E","M","E","T","?","R","?","M","?","R","BOSS"],"items_purchased_type":["Card","Card","Card","Card","Card","Relic","Potion"],"build_version":"2020-12-13","purchased_purges":2,"victory":true,"max_hp_per_floor":[80,80,85,85,85,85,85,85,85,85,85,85,85,85,85,85,85,85,90,90,90,91,91,92,92,92,93,93,94,94,95,95,96,96,97,98,98,99,100,101,102,103,103,104,104,105,106,106,106,107],"relic_stats":{"Nunchaku":[7],"FaceOfCleric":17,"counters":[26,106],"Tiny Chest":1,"Question Card":3,"obtain_stats":[{"Lantern":30,"Oddly Smooth Stone":48,"Question Card":42,"Burning Blood":0,"Nunchaku":37,"FaceOfCleric":21,"Molten Egg 2":9,"Tiny Chest":24,"Coffee Dripper":17,"StrikeDummy":43,"Toy Ornithopter":0,"Red Skull":26,"InkBottle":40,"Runic Pyramid":34},{"Lantern":13,"Oddly Smooth Stone":25,"Question Card":22,"Burning Blood":0,"Nunchaku":17,"FaceOfCleric":9,"Molten Egg 2":3,"Tiny Chest":11,"Coffee Dripper":8,"StrikeDummy":22,"Toy Ornithopter":0,"Red Skull":11,"InkBottle":20,"Runic Pyramid":15},{"Lantern":46,"Oddly Smooth Stone":100,"Question Card":87,"Burning Blood":0,"Nunchaku":65,"FaceOfCleric":30,"Molten Egg 2":9,"Tiny Chest":38,"Coffee Dripper":27,"StrikeDummy":87,"Toy Ornithopter":0,"Red Skull":38,"InkBottle":78,"Runic Pyramid":57}],"Burning Blood":131,"Toy Ornithopter":57,"InkBottle":[9]},"card_choices":[{"not_picked":["Twin Strike","Pommel Strike"],"picked":"Heavy Blade","floor":1},{"not_picked":["Sword Boomerang","Blood for Blood"],"picked":"Inflame","floor":5},{"not_picked":["Armaments","Thunderclap"],"picked":"Shockwave","floor":7},{"not_picked":["Whirlwind+1","Second Wind"],"picked":"Heavy Blade+1","floor":10},{"not_picked":["Heavy Blade+1","Rage"],"picked":"Anger+1","floor":12},{"not_picked":["Iron Wave+1","Power Through"],"picked":"Shrug It Off","floor":13},{"not_picked":["Armaments","Havoc"],"picked":"Bludgeon+1","floor":14},{"not_picked":["Fiend Fire+1","Berserk"],"picked":"Reaper+1","floor":16},{"not_picked":["Perfected Strike+1","Power Through+1"],"picked":"Flame Barrier","floor":18},{"not_picked":["Inflame","Sword Boomerang+1"],"picked":"Spot Weakness+1","floor":22},{"not_picked":["Feel No Pain","Flame Barrier","Iron Wave+1"],"picked":"SKIP","floor":24},{"not_picked":["Twin Strike+1","Pommel Strike+1","Fire Breathing+1"],"picked":"SKIP","floor":27},{"not_picked":["Clash+1","Dark Embrace","Heavy Blade+1"],"picked":"SKIP","floor":29},{"not_picked":["Armaments","Metallicize","Twin Strike+1"],"picked":"SKIP","floor":31},{"not_picked":["Brutality","Fiend Fire+1"],"picked":"Limit Break","floor":33},{"not_picked":["Sword Boomerang+1","Feel No Pain","Wild Strike+1"],"picked":"SKIP","floor":35},{"not_picked":["Intimidate","Clash+1","Carnage+1"],"picked":"SKIP","floor":36},{"not_picked":["Cleave+1","Clash+1","Pommel Strike+1"],"picked":"SKIP","floor":39},{"not_picked":["Barricade","Perfected Strike+1"],"picked":"Thunderclap+1","floor":40},{"not_picked":["Clash+1","Battle Trance","Intimidate"],"picked":"SKIP","floor":41},{"not_picked":["Impervious","Clothesline+1"],"picked":"Metallicize+1","floor":42},{"not_picked":["Flex+1","Havoc+1","Clash+1"],"picked":"Seeing Red+1","floor":44},{"not_picked":["Impervious","Flex","Clash+1","Twin Strike+1"],"picked":"SKIP","floor":46},{"not_picked":["Clash+1","Armaments","Clothesline+1"],"picked":"Fiend Fire+1","floor":47}],"player_experience":124758,"relics_obtained":[{"floor":9,"key":"Molten Egg 2"},{"floor":24,"key":"Tiny Chest"},{"floor":26,"key":"Red Skull"},{"floor":37,"key":"Nunchaku"},{"floor":40,"key":"InkBottle"},{"floor":42,"key":"Question Card"},{"floor":43,"key":"StrikeDummy"},{"floor":48,"key":"Oddly Smooth Stone"}],"event_choices":[{"damage_healed":0,"gold_gain":0,"player_choice":"Donut","damage_taken":0,"max_hp_gain":5,"max_hp_loss":0,"event_name":"Big Fish","floor":3,"gold_loss":0},{"damage_healed":0,"gold_gain":275,"player_choice":"Desecrate","damage_taken":0,"max_hp_gain":0,"max_hp_loss":0,"event_name":"Golden Shrine","floor":4,"gold_loss":0,"cards_obtained":["Regret"]},{"damage_healed":0,"gold_gain":0,"player_choice":"Shed Blood","damage_taken":21,"max_hp_gain":5,"max_hp_loss":0,"event_name":"Forgotten Altar","floor":19,"gold_loss":0},{"damage_healed":0,"gold_gain":0,"player_choice":"Trade","damage_taken":0,"relics_obtained":["FaceOfCleric"],"max_hp_gain":0,"max_hp_loss":0,"event_name":"FaceTrader","floor":21,"gold_loss":0}],"is_beta":false,"boss_relics":[{"not_picked":["Runic Cube","Runic Dome"],"picked":"Coffee Dripper"},{"not_picked":["Sozu","Philosopher\u0027s Stone"],"picked":"Runic Pyramid"}],"items_purged_floors":[20,30],"is_endless":false,"potions_floor_spawned":[5,7,12,13,16,18,22,24,29,31,35,36,42,44,47],"ascension_level":3}}