{"host":"joxnbq9hujdt0xua","time":1608327190,"event":{"mods":["Act Like it!","BaseMod","Colored Powertips","Downfall","Minty Spire (QoL Compilation)","Replay The Spire","StSLib"],"gold_per_floor":[112,127,127,143,113,113,113,113,192,192,210,222,296,314,314,314,314],"floor_reached":16,"playtime":394,"items_purged":[],"score":92,"play_id":"5375c570-8948-4ee8-8cff-325e03763c9f","local_time":"20201219053310","is_ascension_mode":false,"campfire_choices":[{"data":"Genetic Algorithm","floor":6.0,"key":"SMITH"},{"data":"Recycle","floor":8.0,"key":"SMITH"},{"data":"Zap","floor":10.0,"key":"SMITH"},{"floor":15.0,"key":"REST"}],"circlet_count":0,"master_deck":["Strike_B","Strike_B","Strike_B","Strike_B","Defend_B","Defend_B","Defend_B","Defend_B","Zap+1","Dualcast","Recycle+1","Leap","Regret","Genetic Algorithm+1","Loop","Ball Lightning","Buffer"],"relics":["Cracked Core","InkBottle","Replay:Bottled Eggs","Tiny Chest"],"acts_visited":["Exordium"],"potions_floor_usage":[],"damage_taken":[{"damage":0.0,"enemies":"2 Louse","floor":1.0,"turns":1.0},{"damage":0.0,"enemies":"Small Slimes","floor":2.0,"turns":3.0},{"damage":6.0,"enemies":"Jaw Worm","floor":4.0,"turns":4.0},{"damage":3.0,"enemies":"Looter","floor":5.0,"turns":4.0},{"damage":6.0,"enemies":"3 Louse","floor":11.0,"turns":4.0},{"damage":4.0,"enemies":"Exordium Wildlife","floor":12.0,"turns":4.0},{"damage":18.0,"enemies":"Exordium Thugs","floor":14.0,"turns":4.0},{"damage":37,"enemies":"Slime Boss","floor":16,"turns":5}],"seed_played":"-7235464693986562131","potions_obtained":[{"floor":11.0,"key":"GamblersBrew"},{"floor":13.0,"key":"LiquidMemories"},{"floor":13.0,"key":"EssenceOfDarkness"}],"is_trial":false,"path_per_floor":["M","M","?","M","M","R","?","R","T","R","M","M","?","M","R","B"],"character_chosen":"DEFECT","items_purchased":[],"campfire_rested":1,"item_purchase_floors":[],"current_hp_per_floor":[82,82,82,76,73,73,73,73,73,73,67,63,43,25,49,12,12],"gold":314,"neow_bonus":"TEN_PERCENT_HP_BONUS","is_daily":false,"chose_seed":false,"campfire_upgraded":3,"win_rate":0.0,"timestamp":1608327190,"path_taken":["M","M","?","M","M","R","?","R","T","R","M","M","?","M","R","BOSS"],"items_purchased_type":[],"build_version":"2020-12-13","purchased_purges":0,"victory":false,"max_hp_per_floor":[82,82,82,82,82,82,82,82,82,82,82,82,82,82,82,82,82],"card_choices":[{"not_picked":["Leap","Sweeping Beam"],"picked":"Recycle","floor":1.0},{"not_picked":["Compile Driver","Go for the Eyes"],"picked":"Leap","floor":2.0},{"not_picked":["Gash","Glacier"],"picked":"Genetic Algorithm","floor":4.0},{"not_picked":["Steam","Scrape","Go for the Eyes"],"picked":"SKIP","floor":5.0},{"not_picked":["Redo","Glacier"],"picked":"Loop","floor":11.0},{"not_picked":["Hologram","Beam Cell","ReplayTheSpireMod:Repulse"],"picked":"SKIP","floor":12.0},{"not_picked":["Steam","Chaos"],"picked":"Ball Lightning","floor":13.0},{"not_picked":["ReplayTheSpireMod:System Scan","Undo"],"picked":"Buffer","floor":14.0}],"player_experience":73451,"relics_obtained":[{"floor":9.0,"key":"Replay:Bottled Eggs"},{"floor":13.0,"key":"Tiny Chest"}],"event_choices":[{"damage_healed":0.0,"max_hp_gain":0.0,"max_hp_loss":0.0,"gold_gain":0.0,"event_name":"Big Fish","player_choice":"Box","floor":3.0,"gold_loss":0.0,"damage_taken":0.0,"relics_obtained":["InkBottle"],"cards_obtained":["Regret"]},{"damage_healed":0.0,"max_hp_gain":0.0,"max_hp_loss":0.0,"gold_gain":0.0,"event_name":"Dead Adventurer","player_choice":"Searched \u00270\u0027 times","floor":7.0,"gold_loss":0.0,"damage_taken":0.0}],"is_beta":false,"boss_relics":[],"items_purged_floors":[],"is_endless":false,"potions_floor_spawned":[11,14],"killed_by":"Slime Boss","ascension_level":0}}