{"host":"w7o06k3e8uel8euj","time":1608287310,"event":{"mods":["AchievementEnabler","BaseMod","Colored Powertips","Custom Start","DeckTracker","Keyboard Shortcuts","Minty Spire (QoL Compilation)","Quick Restart","Relic Stats","StSLib","SuperFastMode","everything is the same but u backflip on backflip"],"gold_per_floor":[116,1,76,26,26,51,51,85,85,116,16,32,32,61,61,136,136,153,153,28,38,50,50,81,81,81,81,81,181,207,207,207,282,282,301,301,313,333,350,350,392,410,410,429,429,457,457,275,275,275],"floor_reached":51,"playtime":1042,"items_purged":["Defend_P","Strike_P","Vengeance","EmptyFist"],"score":1794,"play_id":"854bee5e-ad32-40b5-9dc0-7b69ada619db","local_time":"20201218192830","is_ascension_mode":true,"campfire_choices":[{"data":"Eruption","floor":7.0,"key":"SMITH"},{"data":"TalkToTheHand","floor":13.0,"key":"SMITH"},{"data":"ReachHeaven","floor":15.0,"key":"SMITH"},{"data":"Scrawl","floor":23,"key":"SMITH"},{"data":"MentalFortress","floor":25,"key":"SMITH"},{"data":"Adaptation","floor":28,"key":"SMITH"},{"data":"ReachHeaven+1","floor":32,"key":"PURGE"},{"data":"Vault","floor":40,"key":"SMITH"},{"data":"Consecrate","floor":45,"key":"PURGE"},{"data":"MentalFortress","floor":49,"key":"SMITH"}],"circlet_count":0,"master_deck":["AscendersBane","Eruption+1","Vigilance","TalkToTheHand+1","Scrawl+1","Vault+1","WheelKick","FearNoEvil","Adaptation+1","MentalFortress+1","EmptyMind+1","MentalFortress+1"],"relics":["PureWater","NeowsBlessing","Letter Opener","Orichalcum","InkBottle","StrikeDummy","Odd Mushroom","Pandora\u0027s Box","Oddly Smooth Stone","Toy Ornithopter","Peace Pipe","Gremlin Horn","Mercury Hourglass","Black Star","Sundial","CeramicFish","Eternal Feather","Bottled Flame"],"acts_visited":["Exordium","TheCity","TheBeyond"],"potions_floor_usage":[16,24,29],"damage_taken":[{"damage":0.0,"enemies":"2 Louse","floor":1.0,"turns":1.0},{"damage":0.0,"enemies":"3 Sentries","floor":6.0,"turns":1.0},{"damage":0.0,"enemies":"Gremlin Nob","floor":8.0,"turns":1.0},{"damage":14.0,"enemies":"Lagavulin","floor":10.0,"turns":6.0},{"damage":0.0,"enemies":"Small Slimes","floor":12.0,"turns":1.0},{"damage":10.0,"enemies":"The Mushroom Lair","floor":14.0,"turns":3.0},{"damage":0,"enemies":"Slime Boss","floor":16,"turns":4},{"damage":3,"enemies":"Chosen","floor":18,"turns":3},{"damage":16,"enemies":"2 Thieves","floor":21,"turns":2},{"damage":16,"enemies":"Snake Plant","floor":22,"turns":3},{"damage":4,"enemies":"Book of Stabbing","floor":24,"turns":4},{"damage":0,"enemies":"Colosseum Slavers","floor":29,"turns":2},{"damage":0,"enemies":"Colosseum Nobs","floor":29,"turns":3},{"damage":0,"enemies":"Gremlin Leader","floor":30,"turns":4},{"damage":0,"enemies":"Collector","floor":33,"turns":2},{"damage":0,"enemies":"3 Darklings","floor":35,"turns":3},{"damage":5,"enemies":"3 Shapes","floor":37,"turns":3},{"damage":9,"enemies":"Writhing Mass","floor":38,"turns":4},{"damage":21,"enemies":"Sphere and 2 Shapes","floor":39,"turns":4},{"damage":0,"enemies":"Reptomancer","floor":41,"turns":3},{"damage":0,"enemies":"Maw","floor":42,"turns":3},{"damage":0,"enemies":"Writhing Mass","floor":44,"turns":3},{"damage":0,"enemies":"Giant Head","floor":46,"turns":3},{"damage":0,"enemies":"Donu and Deca","floor":50,"turns":4}],"seed_played":"-7958930504614082291","potions_obtained":[{"floor":14.0,"key":"Fire Potion"},{"floor":22,"key":"Block Potion"},{"floor":24,"key":"BottledMiracle"},{"floor":33,"key":"Explosive Potion"},{"floor":35,"key":"Block Potion"},{"floor":39,"key":"EntropicBrew"}],"is_trial":false,"path_per_floor":["M","$","?","?","?","E","R","E","T","E","$","M","R","?","R","B",null,"M","?","$","M","M","R","E","R","T","?","R","?","E","?","R","B",null,"M","?","M","M","M","R","E","M","T","M","R","E","?","$","R","B",null],"character_chosen":"WATCHER","items_purchased":["TalkToTheHand","MentalFortress"],"campfire_rested":0,"item_purchase_floors":[2,48],"current_hp_per_floor":[65,65,54,54,54,54,54,54,54,40,40,40,40,30,30,30,62,59,59,59,43,27,27,23,23,23,10,10,15,15,15,15,15,62,62,77,72,63,42,42,42,42,42,42,42,42,42,42,48,48],"gold":275,"neow_bonus":"THREE_ENEMY_KILL","is_daily":false,"chose_seed":false,"campfire_upgraded":8,"win_rate":0.0,"timestamp":1608287310,"path_taken":["M","$","?","?","?","E","R","E","T","E","$","?","R","?","R","BOSS","M","?","$","M","M","R","E","R","T","?","R","?","E","?","R","BOSS","M","?","?","M","M","R","E","M","T","M","R","E","?","$","R","BOSS"],"items_purchased_type":["Card","Card"],"build_version":"2020-12-13","purchased_purges":4,"victory":true,"max_hp_per_floor":[72,72,72,72,72,72,72,72,72,72,72,72,72,72,72,72,72,72,72,72,72,72,72,72,72,72,77,77,77,77,77,77,77,77,77,77,77,77,77,77,77,77,77,77,77,77,77,77,77,77],"relic_stats":{"Gremlin Horn":[15,16],"counters":[24,70],"CeramicFish":18,"Eternal Feather":6,"Letter Opener":[92],"Orichalcum":[66],"Mercury Hourglass":[143],"Peace Pipe":2,"Sundial":[64],"Pandora\u0027s Box":["WheelKick","FearNoEvil","Vengeance","ThirdEye"],"Black Star":2,"obtain_stats":[{"NeowsBlessing":0,"Gremlin Horn":29,"CeramicFish":41,"Oddly Smooth Stone":24,"Eternal Feather":46,"Letter Opener":6,"Orichalcum":8,"Odd Mushroom":14,"Mercury Hourglass":30,"Peace Pipe":29,"Bottled Flame":46,"Sundial":41,"Pandora\u0027s Box":17,"Black Star":34,"PureWater":0,"StrikeDummy":10,"InkBottle":9,"Toy Ornithopter":26},{"NeowsBlessing":0,"Gremlin Horn":13,"CeramicFish":20,"Oddly Smooth Stone":11,"Eternal Feather":23,"Letter Opener":2,"Orichalcum":3,"Odd Mushroom":6,"Mercury Hourglass":14,"Peace Pipe":13,"Bottled Flame":23,"Sundial":20,"Pandora\u0027s Box":7,"Black Star":15,"PureWater":0,"StrikeDummy":4,"InkBottle":3,"Toy Ornithopter":11},{"NeowsBlessing":0,"Gremlin Horn":34,"CeramicFish":57,"Oddly Smooth Stone":29,"Eternal Feather":66,"Letter Opener":2,"Orichalcum":3,"Odd Mushroom":13,"Mercury Hourglass":38,"Peace Pipe":34,"Bottled Flame":66,"Sundial":57,"Pandora\u0027s Box":17,"Black Star":40,"PureWater":0,"StrikeDummy":9,"InkBottle":3,"Toy Ornithopter":29}],"InkBottle":[30],"Toy Ornithopter":5},"card_choices":[{"not_picked":["ClearTheMind","Vengeance","FollowUp"],"picked":"SKIP","floor":1.0},{"not_picked":["Prostrate","Sanctity","Conclude"],"picked":"SKIP","floor":6.0},{"not_picked":["Swivel","Crescendo"],"picked":"Consecrate","floor":8.0},{"not_picked":["FollowUp","Halt"],"picked":"Scrawl","floor":10.0},{"not_picked":["EmptyBody","ThirdEye"],"picked":"ReachHeaven","floor":12.0},{"not_picked":["Blasphemy","Establishment"],"picked":"Vault","floor":16},{"not_picked":["PathToVictory","Protect"],"picked":"EmptyFist","floor":18},{"not_picked":["JustLucky","Prostrate+1"],"picked":"Adaptation","floor":21},{"not_picked":["Adaptation","EmptyFist+1"],"picked":"MentalFortress","floor":22},{"not_picked":["Sanctity+1","ConjureBlade","Weave"],"picked":"SKIP","floor":24},{"not_picked":["CrushJoints","Collect","FollowUp+1"],"picked":"SKIP","floor":30},{"not_picked":["Nirvana","Pray","FlyingSleeves+1"],"picked":"SKIP","floor":35},{"not_picked":["ReachHeaven+1","Worship+1","EmptyFist"],"picked":"SKIP","floor":37},{"not_picked":["Evaluate","BattleHymn","FlurryOfBlows"],"picked":"SKIP","floor":38},{"not_picked":["Study","Fasting2","SandsOfTime+1"],"picked":"SKIP","floor":39},{"not_picked":["JustLucky+1","CrushJoints"],"picked":"EmptyMind+1","floor":41},{"not_picked":["Alpha","Prostrate","FlyingSleeves"],"picked":"SKIP","floor":42},{"not_picked":["EmptyBody+1","Pray","Meditate"],"picked":"SKIP","floor":44},{"not_picked":["EmptyBody+1","Pray","Meditate"],"picked":"SKIP","floor":44},{"not_picked":["EmptyFist","Establishment","EmptyMind+1"],"picked":"SKIP","floor":46}],"player_experience":557946,"relics_obtained":[{"floor":6.0,"key":"Letter Opener"},{"floor":8.0,"key":"Orichalcum"},{"floor":9.0,"key":"InkBottle"},{"floor":10.0,"key":"StrikeDummy"},{"floor":14.0,"key":"Odd Mushroom"},{"floor":24,"key":"Oddly Smooth Stone"},{"floor":26,"key":"Toy Ornithopter"},{"floor":29,"key":"Peace Pipe"},{"floor":29,"key":"Gremlin Horn"},{"floor":30,"key":"Mercury Hourglass"},{"floor":41,"key":"Sundial"},{"floor":41,"key":"CeramicFish"},{"floor":46,"key":"Eternal Feather"},{"floor":46,"key":"Bottled Flame"}],"event_choices":[{"damage_healed":0.0,"max_hp_gain":0.0,"max_hp_loss":0.0,"gold_gain":75.0,"event_name":"World of Goop","player_choice":"Gather Gold","floor":3.0,"gold_loss":0.0,"damage_taken":11.0},{"cards_removed":["Defend_P"],"damage_healed":0.0,"max_hp_gain":0.0,"max_hp_loss":0.0,"gold_gain":0.0,"event_name":"The Cleric","player_choice":"Card Removal","floor":4.0,"gold_loss":50.0,"damage_taken":0.0},{"cards_removed":["Strike_P"],"damage_healed":0.0,"max_hp_gain":0.0,"max_hp_loss":0.0,"gold_gain":0.0,"event_name":"Purifier","player_choice":"Purged","floor":5.0,"gold_loss":0.0,"damage_taken":0.0},{"damage_healed":0.0,"max_hp_gain":0.0,"max_hp_loss":0.0,"gold_gain":0.0,"event_name":"Mushrooms","player_choice":"Fought Mushrooms","floor":14.0,"gold_loss":0.0,"damage_taken":0.0},{"cards_removed":["ThirdEye"],"damage_healed":0,"gold_gain":0,"player_choice":"Elegance","damage_taken":0,"max_hp_gain":0,"max_hp_loss":0,"event_name":"Back to Basics","floor":19,"gold_loss":0},{"damage_healed":0,"gold_gain":0,"player_choice":"Shed Blood","damage_taken":18,"max_hp_gain":5,"max_hp_loss":0,"event_name":"Forgotten Altar","floor":27,"gold_loss":0},{"damage_healed":0,"gold_gain":0,"player_choice":"Fight","damage_taken":0,"max_hp_gain":0,"max_hp_loss":0,"event_name":"Colosseum","floor":29,"gold_loss":0},{"damage_healed":0,"gold_gain":0,"player_choice":"Fled From Nobs","damage_taken":0,"max_hp_gain":0,"max_hp_loss":0,"event_name":"Colosseum","floor":29,"gold_loss":0},{"damage_healed":0,"gold_gain":0,"player_choice":"Fought Nobs","damage_taken":0,"max_hp_gain":0,"max_hp_loss":0,"event_name":"Colosseum","floor":29,"gold_loss":0},{"damage_healed":0,"gold_gain":0,"player_choice":"Ignored","damage_taken":0,"max_hp_gain":0,"max_hp_loss":0,"event_name":"Vampires","floor":31,"gold_loss":0},{"damage_healed":15,"gold_gain":0,"player_choice":"Full Heal","damage_taken":0,"max_hp_gain":0,"max_hp_loss":0,"event_name":"Wheel of Change","floor":36,"gold_loss":0},{"damage_healed":0,"gold_gain":0,"player_choice":"0 cards matched","damage_taken":0,"max_hp_gain":0,"max_hp_loss":0,"event_name":"Match and Keep!","floor":47,"gold_loss":0,"cards_obtained":[]}],"is_beta":false,"boss_relics":[{"not_picked":["Cursed Key","Philosopher\u0027s Stone"],"picked":"Pandora\u0027s Box"},{"not_picked":["Sozu","Velvet Choker"],"picked":"Black Star"}],"items_purged_floors":[2,11,20,48],"is_endless":false,"potions_floor_spawned":[14,22,24,33,35,39,44],"ascension_level":13}}