{"host":"y94psiiulyl24n05","time":1608274101,"event":{"mods":["AchievementEnabler","Aspiration","BaseMod","Better Altar","Better Match","Better Note","Better Sensory Stone","Better Skull","Better Third Choice","BetterRewards","Colored Map","Colored Powertips","Downfall","GifTheSpireLib","Googly Eyes","Halation","Highlight Path","Hubris","Mimic Mod","Minty Spire (QoL Compilation)","Replay The Spire","Shop Mod","Spicy Shops","StSLib","Stuff the Spire","Unceasing Turn Reminder","everything is the same but u backflip on backflip","slay the spire mod where everything is the same but ironclad has a cowboy hat"],"gold_per_floor":[112,130,147,147,163,163,182,182,220,247,15,26,61,78,147,250,250,260,278,293,312,326,326,326],"floor_reached":23,"playtime":2040,"items_purged":[],"score":199,"play_id":"d5648d1d-3da6-4abc-814f-8a55a01c13ca","local_time":"20201218074821","is_ascension_mode":false,"campfire_choices":[{"data":"Eruption","floor":6.0,"key":"SMITH"},{"data":"Replay:ManipulateFuture","floor":8.0,"key":"SMITH"}],"circlet_count":0,"master_deck":["Strike_P","Strike_P","Strike_P","Strike_P","Defend_P+1","Defend_P+1","Defend_P+1","Defend_P+1","Eruption+1","Vigilance+1","Halt+1","JustLucky","Sanctity+1","Replay:ManipulateFuture+1","EmptyMind","CutThroughFate","WindmillStrike","Pot Of Greed","Pot Of Greed","Weave","Replay:Vibes","Vault","Conclude","DevaForm","ClearTheMind+1","JustLucky","Pot Of Greed","CrushJoints","EmptyMind","MentalFortress"],"relics":["PureWater","PreservedInsect","Odd Mushroom","Grinning Jar","Replay:Multitool","aspiration:SecretTechniqueScroll"],"acts_visited":["Exordium","TheCity"],"potions_floor_usage":[21,23],"damage_taken":[{"damage":2.0,"enemies":"Small Slimes","floor":1.0,"turns":4.0},{"damage":0.0,"enemies":"2 Louse","floor":2.0,"turns":3.0},{"damage":0.0,"enemies":"Jaw Worm","floor":3.0,"turns":3.0},{"damage":0.0,"enemies":"Large Slime","floor":5.0,"turns":7.0},{"damage":11.0,"enemies":"Exordium Wildlife","floor":7.0,"turns":3.0},{"damage":3.0,"enemies":"Exordium Thugs","floor":9.0,"turns":7.0},{"damage":12.0,"enemies":"The Mushroom Lair","floor":10.0,"turns":6.0},{"damage":0.0,"enemies":"Exordium Thugs","floor":12.0,"turns":4.0},{"damage":12.0,"enemies":"Gremlin Nob","floor":13.0,"turns":3.0},{"damage":5.0,"enemies":"Lots of Slimes","floor":14.0,"turns":2.0},{"damage":30.0,"enemies":"Fading Forest","floor":16.0,"turns":12.0},{"damage":0,"enemies":"3 Byrds","floor":18,"turns":5},{"damage":22,"enemies":"Spheric Guardian","floor":19,"turns":5},{"damage":0,"enemies":"Snecko","floor":20,"turns":4},{"damage":9,"enemies":"3 Cultists","floor":21,"turns":4},{"damage":23,"enemies":"Shelled Parasite and Fungi","floor":22,"turns":5},{"damage":25,"enemies":"Replay:Snechameleon","floor":23,"turns":5}],"seed_played":"-1681887849935958297","potions_obtained":[{"floor":1.0,"key":"Fire Potion"},{"floor":7.0,"key":"Fruit Juice"},{"floor":12.0,"key":"Strength Potion"},{"floor":13.0,"key":"Explosive Potion"},{"floor":20,"key":"AttackPotion"},{"floor":21,"key":"Elixir"},{"floor":22,"key":"FearPotion"}],"is_trial":false,"path_per_floor":["M","M","M","?","M","R","M","R","MIM","?","$","M","E","M","R_BF","B",null,"M","M","M","M","M","E"],"character_chosen":"WATCHER","items_purchased":["Grinning Jar","Weave"],"campfire_rested":0,"item_purchase_floors":[11,11],"current_hp_per_floor":[70,70,70,70,70,70,59,59,61,49,49,49,37,32,32,12,77,77,55,55,46,23,0,0],"gold":326,"neow_bonus":"RANDOM_COMMON_RELIC","is_daily":false,"chose_seed":false,"campfire_upgraded":2,"win_rate":0.0,"timestamp":1608274101,"path_taken":["M","M","M","?","M","R","M","R","MIM","?","$","M","E","M","R_BF","BOSS","M","M","M","M","M","E"],"items_purchased_type":["Relic","Card"],"build_version":"2020-12-13","purchased_purges":0,"victory":false,"max_hp_per_floor":[72,72,72,72,72,72,72,72,77,77,77,77,77,77,77,77,77,77,77,77,77,77,77,77],"card_choices":[{"not_picked":["TalkToTheHand","Protect"],"picked":"Halt","floor":1.0},{"not_picked":["EmptyMind","Vengeance"],"picked":"JustLucky","floor":2.0},{"not_picked":["Replay:DivineShield","Replay:Battleflow"],"picked":"Sanctity","floor":3.0},{"not_picked":["ClearTheMind","EmptyFist"],"picked":"Replay:ManipulateFuture","floor":5.0},{"not_picked":["WaveOfTheHand","Replay:AtTheReady"],"picked":"EmptyMind","floor":7.0},{"not_picked":["ClearTheMind","Sanctity"],"picked":"CutThroughFate","floor":9.0},{"not_picked":["Replay:Cycle","Replay:Anticipation"],"picked":"WindmillStrike","floor":10.0},{"not_picked":["EmptyBody","Evaluate"],"picked":"Replay:Vibes","floor":12.0},{"not_picked":["Crescendo","Protect"],"picked":"Vault","floor":13.0},{"not_picked":["Wireheading","Indignation"],"picked":"Conclude","floor":14.0},{"not_picked":["Scrawl","Vault"],"picked":"DevaForm","floor":16.0},{"not_picked":["CutThroughFate","FlyingSleeves"],"picked":"ClearTheMind+1","floor":18},{"not_picked":["WaveOfTheHand","Collect+1"],"picked":"JustLucky","floor":19},{"not_picked":["Crescendo","Evaluate"],"picked":"CrushJoints","floor":20},{"not_picked":["BowlingBash","Collect"],"picked":"EmptyMind","floor":21},{"not_picked":["TalkToTheHand","FollowUp"],"picked":"MentalFortress","floor":22}],"player_experience":155780,"relics_obtained":[{"floor":9.0,"key":"PreservedInsect"},{"floor":10.0,"key":"Odd Mushroom"},{"floor":13.0,"key":"Replay:Multitool"}],"event_choices":[{"damage_healed":0.0,"max_hp_gain":0.0,"max_hp_loss":0.0,"gold_gain":0.0,"event_name":"Mushrooms","player_choice":"Fought Mushrooms","floor":10.0,"gold_loss":0.0,"damage_taken":0.0}],"is_beta":false,"boss_relics":[{"not_picked":["StuffTheSpire:ModemDavis","hubris:ScarierMask"],"picked":"aspiration:SecretTechniqueScroll"}],"items_purged_floors":[],"is_endless":false,"potions_floor_spawned":[1,7,12,13,20,21,22],"killed_by":"Replay:Snechameleon","ascension_level":0}}