{"host":"artti7o26te9gn1a","time":1608318662,"event":{"mods":["AchievementEnabler","BaseMod","Beaked The Cultist","BetterRewards","Downfall","Minty Spire (QoL Compilation)","StSLib","Trackpad"],"gold_per_floor":[113,124,199,213,230,264,264,274,328,348,360,360,373,405,405,405,405],"floor_reached":16,"playtime":777,"items_purged":["Strike_G"],"score":363,"play_id":"e5136b13-6db2-4a25-8de3-580a8b70474a","local_time":"20201218201102","is_ascension_mode":true,"campfire_choices":[{"floor":7,"key":"REST"},{"floor":12,"key":"REST"},{"floor":15,"key":"REST"}],"circlet_count":0,"master_deck":["AscendersBane","Strike_G","Strike_G","Strike_G","Strike_G","Defend_G","Defend_G","Defend_G","Defend_G","Defend_G","Survivor","Neutralize","Infinite Blades","Terror","Backflip","Blade Dance","Cloak And Dagger","Finisher","Blade Dance","Cloak And Dagger"],"relics":["Ring of the Snake","PreservedInsect","Sling","White Beast Statue","Toy Ornithopter","trackpad:ByrdCharm"],"acts_visited":["Exordium"],"potions_floor_usage":[6,10,14],"damage_taken":[{"damage":1,"enemies":"Small Slimes","floor":1,"turns":4},{"damage":7,"enemies":"Jaw Worm","floor":2,"turns":4},{"damage":0,"enemies":"2 Louse","floor":4,"turns":6},{"damage":6,"enemies":"Looter","floor":5,"turns":4},{"damage":15,"enemies":"3 Sentries","floor":6,"turns":5},{"damage":3,"enemies":"Blue Slaver","floor":8,"turns":5},{"damage":12,"enemies":"Lots of Slimes","floor":10,"turns":4},{"damage":5,"enemies":"2 Fungi Beasts","floor":11,"turns":4},{"damage":20,"enemies":"3 Louse","floor":13,"turns":5},{"damage":0,"enemies":"Lagavulin","floor":14,"turns":2},{"damage":71,"enemies":"Slime Boss","floor":16,"turns":14}],"seed_played":"1373126849426140291","potions_obtained":[{"floor":1,"key":"champ:CounterPotion"},{"floor":2,"key":"FairyPotion"},{"floor":8,"key":"Strength Potion"},{"floor":10,"key":"Slimebound:ThreeZeroPotion"},{"floor":14,"key":"SmokeBomb"}],"is_trial":false,"path_per_floor":["M","M","?","M","M","E","R","M","T","M","M","R","M","E","R","B"],"character_chosen":"THE_SILENT","items_purchased":["PreservedInsect","Infinite Blades","Sling"],"campfire_rested":3,"item_purchase_floors":[0,0,0],"current_hp_per_floor":[58,51,40,40,34,19,38,35,35,28,23,42,22,27,46,0,0],"gold":405,"neow_bonus":"","is_daily":false,"chose_seed":false,"campfire_upgraded":0,"win_rate":0.0,"timestamp":1608318662,"path_taken":["M","M","?","M","M","E","R","M","T","M","M","R","M","E","R","BOSS"],"items_purchased_type":["Relic","Card","Relic"],"build_version":"2020-12-13","purchased_purges":1,"victory":false,"max_hp_per_floor":[66,66,66,66,66,66,66,66,66,66,66,66,66,66,66,66,66],"card_choices":[{"not_picked":["PiercingWail","Catalyst"],"picked":"Terror","floor":1},{"not_picked":["Deadly Poison","Dagger Throw"],"picked":"Backflip","floor":2},{"not_picked":["Acrobatics","Poisoned Stab"],"picked":"Blade Dance","floor":4},{"not_picked":["Acrobatics","Flying Knee","Sucker Punch"],"picked":"SKIP","floor":5},{"not_picked":["Eviscerate","Riddle With Holes","Phantasmal Killer"],"picked":"SKIP","floor":6},{"not_picked":["Quick Slash","Deadly Poison"],"picked":"Cloak And Dagger","floor":8},{"not_picked":["Well Laid Plans","All Out Attack"],"picked":"Finisher","floor":10},{"not_picked":["Quick Slash","Tactician"],"picked":"Blade Dance","floor":11},{"not_picked":["Backflip","Dodge and Roll"],"picked":"Cloak And Dagger","floor":13},{"not_picked":["Endless Agony","Deflect","Backflip"],"picked":"SKIP","floor":14}],"player_experience":753062,"relics_obtained":[{"floor":6,"key":"White Beast Statue"},{"floor":9,"key":"Toy Ornithopter"},{"floor":14,"key":"trackpad:ByrdCharm"}],"event_choices":[{"damage_healed":0,"gold_gain":75,"player_choice":"Gather Gold","damage_taken":11,"max_hp_gain":0,"max_hp_loss":0,"event_name":"World of Goop","floor":3,"gold_loss":0}],"is_beta":false,"boss_relics":[],"items_purged_floors":[0],"is_endless":false,"potions_floor_spawned":[1,2,8,10,11,13,14],"killed_by":"Slime Boss","ascension_level":18}}