{"host":"r6jigiblrojhp6xe","time":1608334433,"event":{"mods":["AchievementEnabler","BaseMod","DeckTracker","Minty Spire (QoL Compilation)","Quick Restart","Rare Cards Sparkle","Relic Stats","StSLib","SuperFastMode","everything is the same but u backflip on backflip"],"gold_per_floor":[116,91,241,241,0,29,29,41,41,41,74,74,94,104,104,179,179,192,218,231,247,247,247,247,247],"floor_reached":24,"playtime":500,"items_purged":["Doubt"],"score":508,"play_id":"d7d623f8-4a35-460e-a447-685c57e3403e","local_time":"20201219083353","is_ascension_mode":true,"campfire_choices":[{"data":"Loop","floor":10,"key":"SMITH"},{"data":"Coolheaded","floor":12,"key":"SMITH"},{"data":"Coolheaded","floor":15,"key":"SMITH"},{"floor":23,"key":"REST"}],"circlet_count":0,"master_deck":["AscendersBane","Strike_B+1","Strike_B+1","Defend_B","Defend_B","Defend_B","Zap","Dualcast","Loop+1","Coolheaded+1","BootSequence","Biased Cognition","Coolheaded+1","Lockon","Echo Form","Compile Driver","Meteor Strike","Cold Snap","Capacitor","Hologram","Darkness","Melter"],"relics":["Cracked Core","NeowsBlessing","Lizard Tail","DataDisk","Whetstone","Lantern","Symbiotic Virus","SacredBark","Juzu Bracelet"],"acts_visited":["Exordium","TheCity"],"potions_floor_usage":[16,21],"damage_taken":[{"damage":0,"enemies":"Cultist","floor":1,"turns":1},{"damage":0,"enemies":"3 Sentries","floor":6,"turns":1},{"damage":0,"enemies":"Jaw Worm","floor":8,"turns":1},{"damage":23,"enemies":"Gremlin Nob","floor":11,"turns":4},{"damage":0,"enemies":"2 Louse","floor":13,"turns":3},{"damage":4,"enemies":"Red Slaver","floor":14,"turns":2},{"damage":31,"enemies":"The Guardian","floor":16,"turns":6},{"damage":14,"enemies":"3 Byrds","floor":18,"turns":4},{"damage":8,"enemies":"Shell Parasite","floor":20,"turns":5},{"damage":25,"enemies":"3 Cultists","floor":21,"turns":4},{"damage":32,"enemies":"Gremlin Leader","floor":24,"turns":7}],"seed_played":"5687574359938434136","potions_obtained":[{"floor":1,"key":"EssenceOfDarkness"},{"floor":8,"key":"LiquidBronze"},{"floor":11,"key":"FocusPotion"},{"floor":21,"key":"PotionOfCapacity"}],"is_trial":false,"path_per_floor":["M","$","?","T","$","E","?","M","T","R","E","R","M","M","R","B",null,"M","T","M","M","?","R","E"],"character_chosen":"DEFECT","items_purchased":["Coolheaded","DataDisk"],"campfire_rested":1,"item_purchase_floors":[2,5],"current_hp_per_floor":[64,64,64,64,64,64,64,64,64,64,41,41,41,37,37,6,55,41,41,33,8,8,29,35,35],"gold":247,"neow_bonus":"THREE_ENEMY_KILL","is_daily":false,"chose_seed":false,"campfire_upgraded":3,"win_rate":0.0,"timestamp":1608334433,"path_taken":["M","$","?","?","$","E","?","M","T","R","E","R","M","M","R","BOSS","M","?","M","M","?","R","E"],"items_purchased_type":["Card","Relic"],"build_version":"2020-12-13","purchased_purges":1,"victory":false,"max_hp_per_floor":[71,71,71,71,71,71,71,71,71,71,71,71,71,71,71,71,71,71,71,71,71,71,71,71,71],"relic_stats":{"Lizard Tail":35,"counters":[11,38],"Juzu Bracelet":0,"Whetstone":["Strike_B","Strike_B"],"obtain_stats":[{"Lizard Tail":4,"DataDisk":5,"Lantern":9,"NeowsBlessing":0,"SacredBark":17,"Juzu Bracelet":19,"Whetstone":6,"Cracked Core":0,"Symbiotic Virus":11},{"Lizard Tail":1,"DataDisk":1,"Lantern":3,"NeowsBlessing":0,"SacredBark":7,"Juzu Bracelet":8,"Whetstone":2,"Cracked Core":0,"Symbiotic Virus":4},{"Lizard Tail":1,"DataDisk":1,"Lantern":3,"NeowsBlessing":0,"SacredBark":18,"Juzu Bracelet":22,"Whetstone":2,"Cracked Core":0,"Symbiotic Virus":7}]},"card_choices":[{"not_picked":["Stack","Turbo"],"picked":"Loop","floor":1},{"not_picked":["Turbo","Coolheaded"],"picked":"BootSequence","floor":6},{"not_picked":["Sweeping Beam","Gash"],"picked":"Coolheaded","floor":8},{"not_picked":["Steam","Redo"],"picked":"Lockon","floor":11},{"not_picked":["Genetic Algorithm","Go for the Eyes"],"picked":"Echo Form","floor":13},{"not_picked":["Steam","Hologram"],"picked":"Compile Driver","floor":14},{"not_picked":["Rainbow","All For One"],"picked":"Meteor Strike","floor":16},{"not_picked":["Recycle","Steam"],"picked":"Cold Snap","floor":18},{"not_picked":["Hologram+1","Leap"],"picked":"Capacitor","floor":20},{"not_picked":["Coolheaded","Blizzard"],"picked":"Hologram","floor":21}],"player_experience":506504,"relics_obtained":[{"floor":4,"key":"Lizard Tail"},{"floor":6,"key":"Whetstone"},{"floor":9,"key":"Lantern"},{"floor":11,"key":"Symbiotic Virus"},{"floor":19,"key":"Juzu Bracelet"}],"event_choices":[{"damage_healed":0,"gold_gain":150,"player_choice":"AGREE","damage_taken":0,"max_hp_gain":0,"max_hp_loss":0,"event_name":"Liars Game","floor":3,"gold_loss":0,"cards_obtained":["Doubt"]},{"damage_healed":0,"gold_gain":0,"cards_transformed":["Strike_B"],"player_choice":"Transformed","damage_taken":0,"max_hp_gain":0,"max_hp_loss":0,"event_name":"Transmorgrifier","floor":7,"gold_loss":0,"cards_obtained":["Biased Cognition"]},{"damage_healed":0,"gold_gain":0,"cards_transformed":["Strike_B","Defend_B"],"player_choice":"Became Test Subject","damage_taken":0,"max_hp_gain":0,"max_hp_loss":0,"event_name":"Drug Dealer","floor":22,"gold_loss":0,"cards_obtained":["Darkness","Melter"]}],"is_beta":false,"boss_relics":[{"not_picked":["Runic Pyramid","Busted Crown"],"picked":"SacredBark"}],"items_purged_floors":[5],"is_endless":false,"potions_floor_spawned":[1,8,11,21],"killed_by":"Gremlin Leader","ascension_level":20}}