{"host":"sabve5zmqufxyc5o","time":1608279727,"event":{"mods":["2.2 Compatiblity","AchievementEnabler","Act Like it!","BaseMod","Block Reminder","Colored Map","Colored Powertips","DeckTracker","KOR Keyword Fix","Keyboard Shortcuts","Minty Spire (QoL Compilation)","Quick Restart","Rare Cards Sparkle","Relic Stats","StSLib","SuperFastMode"],"gold_per_floor":[118,10,20,91,105,140,156,156,207,225,31,31,56,73,73,151,151,164,164,83,83,8,39,51,51,51,78,88,88,118,64,64,137,137,157,176,188,213,213,243,108,108,108,108,139,157,170,202,202,202,202],"floor_reached":50,"playtime":1543,"items_purged":[],"score":1296,"play_id":"3e25c23c-5cc7-49f8-9997-b79e05ca6d7c","local_time":"20201218172207","is_ascension_mode":true,"campfire_choices":[{"floor":8.0,"key":"REST"},{"floor":15.0,"key":"REST"},{"floor":25.0,"key":"REST"},{"data":"Coolheaded","floor":29.0,"key":"SMITH"},{"floor":32.0,"key":"REST"},{"floor":42.0,"key":"REST"},{"floor":44.0,"key":"RECALL"},{"floor":49.0,"key":"REST"}],"circlet_count":0,"master_deck":["AscendersBane","Zap","Dualcast","White Noise","Chill","Hologram","Static Discharge","Streamline","Beam Cell","Electrodynamics","Sweeping Beam","Glacier","Loop","Go for the Eyes","All For One","Defragment","Lockon","Scrape","Cold Snap","Gash","Bite","Bite","Bite","Bite","Bite","Defragment","Coolheaded+1","FTL","Hologram","Turbo","Stack","Core Surge","Stack","Loop","Coolheaded","Gash+1","Hologram+1","Echo Form","Gash","Force Field","BootSequence","Gash+1","Heatsinks","Rebound"],"relics":["Cracked Core","Akabeko","Regal Pillow","Strawberry","Vajra","Runic Pyramid","Darkstone Periapt","HornCleat","Orichalcum","Bag of Marbles","Pandora\u0027s Box","Du-Vu Doll","Bottled Tornado","Sundial","Prayer Wheel","Omamori"],"acts_visited":["Exordium","TheCity","TheBeyond"],"potions_floor_usage":[],"damage_taken":[{"damage":1.0,"enemies":"Cultist","floor":1.0,"turns":3.0},{"damage":0.0,"enemies":"2 Louse","floor":3.0,"turns":2.0},{"damage":6.0,"enemies":"Jaw Worm","floor":5.0,"turns":4.0},{"damage":33.0,"enemies":"Lagavulin","floor":6.0,"turns":7.0},{"damage":4.0,"enemies":"Exordium Thugs","floor":7.0,"turns":3.0},{"damage":3.0,"enemies":"Looter","floor":10.0,"turns":2.0},{"damage":13.0,"enemies":"3 Sentries","floor":13.0,"turns":6.0},{"damage":11.0,"enemies":"2 Fungi Beasts","floor":14.0,"turns":3.0},{"damage":51.0,"enemies":"The Guardian","floor":16.0,"turns":9.0},{"damage":8.0,"enemies":"3 Byrds","floor":18.0,"turns":4.0},{"damage":43.0,"enemies":"Slavers","floor":23.0,"turns":6.0},{"damage":21.0,"enemies":"Spheric Guardian","floor":24.0,"turns":4.0},{"damage":7.0,"enemies":"Gremlin Leader","floor":27.0,"turns":7.0},{"damage":13.0,"enemies":"Snake Plant","floor":28.0,"turns":5.0},{"damage":37.0,"enemies":"Slavers","floor":30.0,"turns":5.0},{"damage":22.0,"enemies":"Champ","floor":33.0,"turns":13.0},{"damage":5.0,"enemies":"3 Shapes","floor":35.0,"turns":3.0},{"damage":10.0,"enemies":"3 Darklings","floor":36.0,"turns":4.0},{"damage":37.0,"enemies":"Transient","floor":37.0,"turns":6.0},{"damage":0.0,"enemies":"Mind Bloom Boss Battle","floor":38.0,"turns":5.0},{"damage":13.0,"enemies":"Nemesis","floor":40.0,"turns":9.0},{"damage":64.0,"enemies":"Reptomancer","floor":45.0,"turns":9.0},{"damage":1.0,"enemies":"Sphere and 2 Shapes","floor":46.0,"turns":8.0},{"damage":9.0,"enemies":"3 Darklings","floor":47.0,"turns":7.0},{"damage":11.0,"enemies":"Nemesis","floor":48.0,"turns":10.0},{"damage":66,"enemies":"Donu and Deca","floor":50,"turns":9}],"seed_played":"1684618078624101743","potions_obtained":[{"floor":1.0,"key":"Explosive Potion"},{"floor":7.0,"key":"Energy Potion"},{"floor":14.0,"key":"EssenceOfSteel"},{"floor":16.0,"key":"SpeedPotion"},{"floor":23.0,"key":"FocusPotion"},{"floor":24.0,"key":"EntropicBrew"},{"floor":28.0,"key":"CultistPotion"},{"floor":37.0,"key":"Swift Potion"},{"floor":40.0,"key":"Fruit Juice"},{"floor":45.0,"key":"FairyPotion"},{"floor":48.0,"key":"AttackPotion"}],"is_trial":false,"path_per_floor":["M","$","M","T","M","E","M","R","T","M","$","?","E","M","R","B",null,"M","?","$","?","?","E","M","R","T","E","M","R","E","$","R","B",null,"M","M","M","?","?","E","$","R","T","R","E","M","M","E","R","B"],"character_chosen":"DEFECT","items_purchased":["Chill","Hologram","Blood Vial","Glacier","Cold Snap","Gash","Stack","Gash","Force Field"],"campfire_rested":6,"item_purchase_floors":[2,2,11,11,20,20,31,41,41],"current_hp_per_floor":[70,70,70,70,64,31,27,50,50,47,47,49,38,29,69,20,69,63,63,63,63,63,30,17,57,57,60,55,55,24,24,64,58,78,75,69,38,40,40,40,40,82,82,82,26,31,28,29,71,7,7],"gold":202,"neow_bonus":"TEN_PERCENT_HP_BONUS","is_daily":false,"chose_seed":false,"campfire_upgraded":1,"win_rate":0.0,"timestamp":1608279727,"path_taken":["M","$","M","?","M","E","M","R","T","?","$","?","E","M","R","BOSS","M","?","$","?","?","E","M","R","T","E","M","R","E","?","R","BOSS","M","M","M","?","?","E","$","R","T","R","E","M","M","E","R","BOSS"],"items_purchased_type":["Card","Card","Relic","Card","Card","Card","Card","Card","Card"],"build_version":"2020-12-13","purchased_purges":0,"victory":false,"max_hp_per_floor":[78,78,78,78,78,78,78,78,78,78,78,85,85,85,85,85,85,85,85,85,85,85,85,85,85,85,85,85,85,85,85,85,85,85,85,85,85,85,85,90,90,90,90,90,90,90,90,90,90,90,90],"relic_stats":{"Darkstone Periapt":0,"Regal Pillow":75,"counters":[26,152],"Sundial":[0],"Pandora\u0027s Box":["Stack","Loop","Coolheaded"],"Prayer Wheel":2,"Orichalcum":[192],"obtain_stats":[{"Darkstone Periapt":23,"Regal Pillow":9,"Vajra":13,"Omamori":48,"Orichalcum":27,"Bottled Tornado":40,"Akabeko":6,"Blood Vial":11,"Du-Vu Doll":38,"HornCleat":26,"Sundial":43,"Strawberry":12,"Pandora\u0027s Box":34,"Prayer Wheel":45,"Bag of Marbles":30,"Cracked Core":0,"Runic Pyramid":17},{"Darkstone Periapt":11,"Regal Pillow":5,"Vajra":7,"Omamori":25,"Orichalcum":13,"Bottled Tornado":21,"Akabeko":4,"Blood Vial":6,"Du-Vu Doll":20,"HornCleat":12,"Sundial":21,"Strawberry":6,"Pandora\u0027s Box":16,"Prayer Wheel":22,"Bag of Marbles":15,"Cracked Core":0,"Runic Pyramid":9},{"Darkstone Periapt":49,"Regal Pillow":19,"Vajra":27,"Omamori":143,"Orichalcum":60,"Bottled Tornado":109,"Akabeko":16,"Blood Vial":21,"Du-Vu Doll":100,"HornCleat":53,"Sundial":109,"Strawberry":21,"Pandora\u0027s Box":83,"Prayer Wheel":118,"Bag of Marbles":70,"Cracked Core":0,"Runic Pyramid":39}]},"card_choices":[{"not_picked":["Stack","Static Discharge"],"picked":"White Noise","floor":1.0},{"not_picked":["Reprogram","Chill"],"picked":"Static Discharge","floor":3.0},{"not_picked":["Leap","Coolheaded"],"picked":"Streamline","floor":5.0},{"not_picked":["Skim","Hologram"],"picked":"Beam Cell","floor":6.0},{"not_picked":["Undo","Steam"],"picked":"Electrodynamics","floor":7.0},{"not_picked":["Steam","Scrape"],"picked":"Sweeping Beam","floor":10.0},{"not_picked":["Stack","Reprogram"],"picked":"Loop","floor":13.0},{"not_picked":["Auto Shields","Steam"],"picked":"Go for the Eyes","floor":14.0},{"not_picked":["Hyperbeam","Core Surge"],"picked":"All For One","floor":16.0},{"not_picked":["Chaos+1","Beam Cell"],"picked":"Defragment","floor":18.0},{"not_picked":["Fusion","Force Field"],"picked":"Defragment","floor":23.0},{"not_picked":["Beam Cell","Ball Lightning"],"picked":"Coolheaded","floor":24.0},{"not_picked":["Sunder","Steam"],"picked":"FTL","floor":27.0},{"not_picked":["Ball Lightning","Coolheaded"],"picked":"Hologram","floor":28.0},{"not_picked":["Leap","Conserve Battery+1"],"picked":"Turbo","floor":30.0},{"not_picked":["Electrodynamics","Reboot"],"picked":"Core Surge","floor":33.0},{"not_picked":["Conserve Battery+1","Go for the Eyes+1"],"picked":"Gash+1","floor":35.0},{"not_picked":["Reprogram+1","Leap","Doom and Gloom"],"picked":"SKIP","floor":36.0},{"not_picked":["Ball Lightning","Streamline","Undo"],"picked":"SKIP","floor":37.0},{"not_picked":["Streamline+1","Sweeping Beam+1"],"picked":"Hologram+1","floor":38.0},{"not_picked":["Coolheaded","Reboot"],"picked":"Echo Form","floor":40.0},{"not_picked":["White Noise","Glacier"],"picked":"BootSequence","floor":45.0},{"not_picked":["BootSequence","Ball Lightning"],"picked":"Gash+1","floor":46.0},{"not_picked":["Conserve Battery","Ball Lightning","Cold Snap"],"picked":"SKIP","floor":46.0},{"not_picked":["Ball Lightning","Go for the Eyes"],"picked":"Heatsinks","floor":47.0},{"not_picked":["Ball Lightning","Streamline","Conserve Battery"],"picked":"SKIP","floor":47.0},{"not_picked":["Double Energy","Reinforced Body"],"picked":"Rebound","floor":48.0}],"player_experience":783740,"relics_obtained":[{"floor":6.0,"key":"Akabeko"},{"floor":9.0,"key":"Regal Pillow"},{"floor":13.0,"key":"Vajra"},{"floor":23.0,"key":"Darkstone Periapt"},{"floor":26.0,"key":"HornCleat"},{"floor":27.0,"key":"Orichalcum"},{"floor":30.0,"key":"Bag of Marbles"},{"floor":38.0,"key":"Du-Vu Doll"},{"floor":40.0,"key":"Bottled Tornado"},{"floor":43.0,"key":"Sundial"},{"floor":45.0,"key":"Prayer Wheel"},{"floor":48.0,"key":"Omamori"}],"event_choices":[{"damage_healed":0.0,"max_hp_gain":0.0,"max_hp_loss":0.0,"gold_gain":0.0,"event_name":"Scrap Ooze","player_choice":"Success","floor":12.0,"gold_loss":0.0,"damage_taken":5.0,"relics_obtained":["Strawberry"]},{"damage_healed":0.0,"max_hp_gain":0.0,"max_hp_loss":0.0,"gold_gain":0.0,"cards_transformed":["Strike_B","Strike_B"],"event_name":"Drug Dealer","player_choice":"Became Test Subject","floor":19.0,"gold_loss":0.0,"damage_taken":0.0,"cards_obtained":["Lockon","Scrape"]},{"damage_healed":0.0,"max_hp_gain":0.0,"max_hp_loss":0.0,"gold_gain":0.0,"event_name":"Vampires","player_choice":"Became a vampire (Vial)","floor":21.0,"relics_lost":["Blood Vial"],"gold_loss":0.0,"damage_taken":0.0,"cards_obtained":["Bite","Bite","Bite","Bite","Bite"]},{"cards_removed":["Defend_B"],"damage_healed":0.0,"max_hp_gain":0.0,"max_hp_loss":0.0,"gold_gain":0.0,"event_name":"Beggar","player_choice":"Gave Gold","floor":22.0,"gold_loss":75.0,"damage_taken":0.0},{"damage_healed":0.0,"max_hp_gain":0.0,"max_hp_loss":0.0,"gold_gain":0.0,"event_name":"MindBloom","player_choice":"Fight","floor":38.0,"gold_loss":0.0,"damage_taken":0.0},{"damage_healed":0.0,"max_hp_gain":0.0,"max_hp_loss":0.0,"gold_gain":0.0,"event_name":"Mysterious Sphere","player_choice":"Ignored","floor":39.0,"gold_loss":0.0,"damage_taken":0.0}],"is_beta":false,"boss_relics":[{"not_picked":["Astrolabe","Tiny House"],"picked":"Runic Pyramid"},{"not_picked":["Philosopher\u0027s Stone","Fusion Hammer"],"picked":"Pandora\u0027s Box"}],"items_purged_floors":[],"is_endless":false,"potions_floor_spawned":[1,7,14,16,23,24,28,37,40,45,48],"killed_by":"Donu and Deca","ascension_level":20}}