{"host":"21cpix1xyksoaq27","time":1608267806,"event":{"mods":["BaseMod","Minty Spire (QoL Compilation)","StSLib","The Forsaken","The Hierophant","The Judge","The Necromancer","The Showman","The Spell Scribe"],"gold_per_floor":[113,128,146,96,96,120,83,83,165,189,202,64,64,89,89,209,209,234,222,222,149,149,149,59,59,59,59,79,90,107,121,121,220,220,230,250,3,17,17,35,35,54,77,91,91,110,110,110],"floor_reached":47,"playtime":3591,"items_purged":["Decay"],"score":475,"play_id":"8ce343f5-2eec-4cc2-aad2-4e0a36d2c05d","local_time":"20201218000326","daily_mods":["Draft","Heirloom"],"is_ascension_mode":false,"campfire_choices":[{"floor":15.0,"key":"REST"},{"floor":25.0,"key":"REST"},{"floor":32.0,"key":"REST"},{"floor":41,"key":"REST"},{"data":"Summon_Lich","floor":45,"key":"SMITH"}],"circlet_count":0,"master_deck":["Scare","Necrotic_Claws","Summon_Lich+1","Death_March_Dance","Bone_Armor","Negative_Energy_Shield","Shackles_Of_Pain","Negative_Energy_Javelin","Negative_Energy_Sphere","Negative_Energy_Shield","Negative_Energy_Sphere","Negative_Energy_Mist","Bone_Armor","Blood_Curse","Bone_Armor","Toxic_Smoke_Screen+1","Toxic_Smoke_Screen","Stop_Heart","Negative_Energy_Javelin","Life_Drain","Blind+1","Blood_Curse","Hellfire","Necrotic_Claws+1","Summon_Undead","Negative_Energy_Burst","Toxic_Smoke_Screen","Chill_Blood","Finger_Of_Death","Acid_Javelin","Negative_Energy_Shield+1","Reap_The_Weak","Toxic_Smoke_Screen+1","Negative_Energy_Burst+1","Pandemic"],"relics":["Vampire_Amulet","Unceasing Top","Bloody Idol","The Courier","SacredBark","Enchiridion","Bottled Flame","SlaversCollar","Lee\u0027s Waffle","Orichalcum","Omamori"],"acts_visited":["Exordium","TheCity","TheBeyond"],"potions_floor_usage":[47,47],"damage_taken":[{"damage":8.0,"enemies":"Jaw Worm","floor":1.0,"turns":3.0},{"damage":0.0,"enemies":"Cultist","floor":2.0,"turns":3.0},{"damage":0.0,"enemies":"Small Slimes","floor":3.0,"turns":4.0},{"damage":6.0,"enemies":"3 Louse","floor":6.0,"turns":3.0},{"damage":17.0,"enemies":"Exordium Thugs","floor":10.0,"turns":6.0},{"damage":8.0,"enemies":"Large Slime","floor":11.0,"turns":6.0},{"damage":3.0,"enemies":"Lots of Slimes","floor":14.0,"turns":4.0},{"damage":35.0,"enemies":"Slime Boss","floor":16.0,"turns":9.0},{"damage":18.0,"enemies":"Spheric Guardian","floor":18.0,"turns":9.0},{"damage":13.0,"enemies":"2 Thieves","floor":19.0,"turns":5.0},{"damage":7.0,"enemies":"Cultist and Chosen","floor":28.0,"turns":7.0},{"damage":69.0,"enemies":"3 Cultists","floor":29.0,"turns":8.0},{"damage":7.0,"enemies":"Shelled Parasite and Fungi","floor":30.0,"turns":8.0},{"damage":5.0,"enemies":"Chosen and Byrds","floor":31.0,"turns":6.0},{"damage":77.0,"enemies":"Champ","floor":33.0,"turns":16.0},{"damage":47,"enemies":"3 Darklings","floor":35,"turns":6},{"damage":17,"enemies":"3 Shapes","floor":36,"turns":8},{"damage":53,"enemies":"Sphere and 2 Shapes","floor":38,"turns":9},{"damage":28,"enemies":"3 Darklings","floor":40,"turns":7},{"damage":1,"enemies":"4 Shapes","floor":42,"turns":7},{"damage":14,"enemies":"Writhing Mass","floor":44,"turns":7},{"damage":80,"enemies":"Sphere and 2 Shapes","floor":46,"turns":8},{"damage":56,"enemies":"Transient","floor":47,"turns":5}],"seed_played":"3228297917862937137","potions_obtained":[{"floor":3.0,"key":"FearPotion"},{"floor":6.0,"key":"BlessingOfTheForge"},{"floor":11.0,"key":"ColorlessPotion"},{"floor":14.0,"key":"EssenceOfSteel"},{"floor":16.0,"key":"Dexterity Potion"},{"floor":18.0,"key":"Weak Potion"},{"floor":29.0,"key":"DuplicationPotion"},{"floor":36,"key":"GamblersBrew"},{"floor":40,"key":"FearPotion"},{"floor":46,"key":"EssenceOfSteel"}],"is_trial":true,"path_per_floor":["M","M","M","?","?","M","$","?","T","M","M","$","?","M","R","B",null,"M","M","?","$","?","?","?","R","T","$","M","M","M","M","R","B",null,"M","M","$","M","?","M","R","M","T","M","R","M","M"],"character_chosen":"NECROMANCER","items_purchased":["Stop_Heart","Blind","Negative_Energy_Burst","Toxic_Smoke_Screen","Lee\u0027s Waffle","Orichalcum"],"campfire_rested":4,"item_purchase_floors":[7,12,21,21,37,37],"current_hp_per_floor":[69,71,75,75,57,57,57,57,57,44,40,40,40,47,69,48,75,65,60,60,60,44,44,44,66,66,66,68,28,30,52,74,37,75,41,59,82,81,82,76,82,82,82,81,81,41,0,0],"gold":110,"neow_bonus":"","is_daily":false,"chose_seed":false,"campfire_upgraded":1,"win_rate":0.0,"timestamp":1608267806,"path_taken":["M","M","M","?","?","M","?","?","T","?","M","?","?","M","R","BOSS","M","M","?","$","?","?","?","R","T","$","M","M","M","M","R","BOSS","M","?","$","M","?","M","R","?","T","M","R","M","M"],"items_purchased_type":["Card","Card","Card","Card","Relic","Relic"],"build_version":"2020-12-13","purchased_purges":1,"victory":false,"max_hp_per_floor":[75,75,75,75,75,75,75,75,75,75,75,75,75,75,75,75,75,75,75,75,75,75,75,75,75,75,75,75,75,75,75,75,75,75,75,75,82,82,82,82,82,82,82,82,82,82,82,82],"card_choices":[{"not_picked":["Bone_Bullets","Pandemic"],"picked":"Scare","floor":0.0},{"not_picked":["Finger_Of_Death","Summon_Undead"],"picked":"Necrotic_Claws","floor":0.0},{"not_picked":["Blood_Whip","Necrotic_Claws"],"picked":"Summon_Lich","floor":0.0},{"not_picked":["Bone_Armor","Epidemic"],"picked":"Death_March_Dance","floor":0.0},{"not_picked":["Chill_Blood","Uncharnel"],"picked":"Bone_Armor","floor":0.0},{"not_picked":["Death_March_Dance","Stop_Heart"],"picked":"Negative_Energy_Shield","floor":0.0},{"not_picked":["Blood_Whip","Blood_Is_Power"],"picked":"Shackles_Of_Pain","floor":0.0},{"not_picked":["Blood_Shield","Flesh_Made_Foul"],"picked":"Negative_Energy_Javelin","floor":0.0},{"not_picked":["Corrupt","Vampiric_Strike"],"picked":"Death_Coil","floor":0.0},{"not_picked":["Blood_Shield","Bones_to_Steel"],"picked":"Negative_Energy_Sphere","floor":0.0},{"not_picked":["Death_Coil","Deaths_Shadow"],"picked":"Negative_Energy_Shield","floor":0.0},{"not_picked":["Strike_from_Beyond","Bone_Armor"],"picked":"Negative_Energy_Sphere","floor":0.0},{"not_picked":["Shackles_Of_Pain","Violent_Necrosis"],"picked":"Negative_Energy_Mist","floor":0.0},{"not_picked":["Bones_to_Steel","Slay_Living"],"picked":"Death_Coil","floor":0.0},{"not_picked":["Negative_Energy_Sphere","Bones_to_Steel"],"picked":"Bone_Armor","floor":0.0},{"not_picked":["Strike_from_Beyond","Blood_Whip"],"picked":"Blood_Curse","floor":1.0},{"not_picked":["Bones_to_Steel","Whirlwind_of_Bones"],"picked":"Bone_Armor","floor":2.0},{"not_picked":["Death_March_Dance","Shackles_Of_Pain"],"picked":"Toxic_Smoke_Screen","floor":3.0},{"not_picked":["Flesh_Made_Foul","Spectral_Walk"],"picked":"Toxic_Smoke_Screen","floor":6.0},{"not_picked":["Negative_Energy_Mist","Violent_Necrosis"],"picked":"Negative_Energy_Javelin","floor":10.0},{"not_picked":["Bone_Shift","Spectral_Walk"],"picked":"Life_Drain","floor":11.0},{"not_picked":["Necromantic_Selection","Bones_to_Steel"],"picked":"Blood_Curse","floor":14.0},{"not_picked":["Blood_Wake","Negative_Energy_Bomb"],"picked":"Hellfire","floor":16.0},{"not_picked":["Violent_Necrosis","Stop_Heart"],"picked":"Necrotic_Claws+1","floor":18.0},{"not_picked":["Scare+1","Slay_Living+1","Blood_Whip"],"picked":"SKIP","floor":19.0},{"not_picked":["Corrupt","Death_March_Dance"],"picked":"Chill_Blood","floor":28.0},{"not_picked":["Negative_Energy_Sphere","Blood_Whip"],"picked":"Finger_Of_Death","floor":29.0},{"not_picked":["Toxic_Smoke_Screen","Necromantic_Selection+1"],"picked":"Acid_Javelin","floor":30.0},{"not_picked":["Negative_Energy_Mist","Shade_Step"],"picked":"Negative_Energy_Shield+1","floor":31.0},{"not_picked":["Negative_Energy_Bomb","Blood_Magic"],"picked":"Reap_The_Weak","floor":33.0},{"not_picked":["Blood_Is_Power","Bone_Spikes+1"],"picked":"Toxic_Smoke_Screen+1","floor":35},{"not_picked":["Negative_Energy_Sphere+1","Pandemic+1"],"picked":"Negative_Energy_Mist+1","floor":36},{"not_picked":["Life_Tap","Blood_Whip+1","Flesh_Made_Foul"],"picked":"SKIP","floor":38},{"not_picked":["Bone_Bullets","Reap_The_Weak"],"picked":"Negative_Energy_Burst+1","floor":40},{"not_picked":["Death_March_Dance","Death_Coil","Negative_Energy_Shield"],"picked":"SKIP","floor":42},{"not_picked":["Spectral_Armor","Negative_Energy_Javelin+1"],"picked":"Pandemic","floor":44},{"not_picked":["Bone_Armor+1","Bones_to_Steel","Death_March_Dance+1"],"picked":"SKIP","floor":46}],"player_experience":75226,"relics_obtained":[{"floor":9.0,"key":"The Courier"},{"floor":22.0,"key":"Enchiridion"},{"floor":26.0,"key":"Bottled Flame"},{"floor":43,"key":"Omamori"}],"event_choices":[{"cards_removed":["Death_Coil"],"damage_healed":0.0,"max_hp_gain":0.0,"max_hp_loss":0.0,"gold_gain":0.0,"event_name":"The Cleric","player_choice":"Card Removal","floor":4.0,"gold_loss":50.0,"damage_taken":0.0},{"damage_healed":0.0,"max_hp_gain":0.0,"max_hp_loss":0.0,"gold_gain":0.0,"event_name":"Golden Idol","player_choice":"Take Damage","floor":5.0,"gold_loss":0.0,"damage_taken":18.0,"relics_obtained":["Golden Idol"]},{"damage_healed":0.0,"max_hp_gain":0.0,"max_hp_loss":0.0,"gold_gain":0.0,"event_name":"Wheel of Change","player_choice":"Cursed","floor":8.0,"gold_loss":0.0,"damage_taken":0.0,"cards_obtained":["Decay"]},{"damage_healed":0.0,"max_hp_gain":0.0,"max_hp_loss":0.0,"gold_gain":0.0,"event_name":"Living Wall","player_choice":"Grow","floor":13.0,"gold_loss":0.0,"damage_taken":0.0,"cards_upgraded":["Toxic_Smoke_Screen"]},{"damage_healed":0.0,"max_hp_gain":0.0,"max_hp_loss":0.0,"gold_gain":0.0,"event_name":"The Library","player_choice":"Read","floor":20.0,"gold_loss":0.0,"damage_taken":0.0,"cards_obtained":["Summon_Undead"]},{"damage_healed":0.0,"max_hp_gain":0.0,"max_hp_loss":0.0,"gold_gain":0.0,"event_name":"Cursed Tome","player_choice":"Obtained Book","floor":22.0,"gold_loss":0.0,"damage_taken":16.0},{"damage_healed":0.0,"max_hp_gain":0.0,"max_hp_loss":0.0,"gold_gain":0.0,"event_name":"Forgotten Altar","player_choice":"Gave Idol","floor":23.0,"relics_lost":["Golden Idol"],"gold_loss":0.0,"damage_taken":0.0,"relics_obtained":["Bloody Idol"]},{"cards_removed":["Death_Coil"],"damage_healed":0.0,"max_hp_gain":0.0,"max_hp_loss":0.0,"gold_gain":0.0,"event_name":"Designer","player_choice":"Upgrade and Remove","floor":24.0,"gold_loss":90.0,"damage_taken":0.0,"cards_upgraded":["Blind"]},{"cards_removed":["Negative_Energy_Mist"],"damage_healed":5,"gold_gain":0,"player_choice":"Offered Common","damage_taken":0,"max_hp_gain":0,"max_hp_loss":0,"event_name":"Bonfire Elementals","floor":39,"gold_loss":0},{"cards_removed":["Negative_Energy_Mist"],"damage_healed":5,"gold_gain":0,"player_choice":"Offered Special","damage_taken":0,"max_hp_gain":0,"max_hp_loss":0,"event_name":"Bonfire Elementals","floor":39,"gold_loss":0}],"is_beta":false,"boss_relics":[{"not_picked":["Busted Crown","Fusion Hammer"],"picked":"SacredBark"},{"not_picked":["Sozu","Tiny House"],"picked":"SlaversCollar"}],"items_purged_floors":[12],"is_endless":false,"potions_floor_spawned":[3,6,11,14,16,18,29,36,40,46],"killed_by":"Transient","ascension_level":0}}