{"host":"mz8vrqw8p22fuds2","time":1608322292,"event":{"mods":["2.2 Compatiblity","Alarm Clock","BaseMod","Bestiary","Block Reminder","Colored Map","Colored Powertips","Curses Come First","DeckTracker","Displayed Cursed Tome","Highlight Path","Key Reminder","Keyboard Shortcuts","Minty Spire (QoL Compilation)","MonsterHotkey","Potion Indicator Mod","Quick Restart","RNG Fix","Rare Cards Sparkle","Relic Sorter","Relic Stats","Spire Birthday Party","StSLib","Synergy Search","The Sage","The Vixen","Unceasing Turn Reminder","Unknown Chances"],"gold_per_floor":[181,201,201,212,230,230,261,261],"floor_reached":7,"playtime":350,"items_purged":[],"score":53,"play_id":"9f108e47-acda-48a9-bf01-8340bf109666","local_time":"20201219041132","is_ascension_mode":false,"campfire_choices":[{"data":"sagemod:Fire_Brew","floor":6,"key":"SMITH"}],"circlet_count":0,"master_deck":["sagemod:Strike","sagemod:Strike","sagemod:Strike","sagemod:Strike","sagemod:Defend","sagemod:Defend","sagemod:Defend","sagemod:Defend","sagemod:Fly","sagemod:Upwards","sagemod:Fire_Brew+1","sagemod:Grounded_Strike"],"relics":["sagemod:Flying_Carpet","NeowsBlessing","Ice Cream"],"acts_visited":["Exordium"],"potions_floor_usage":[5,7,7,7,7],"damage_taken":[{"damage":0.0,"enemies":"Cultist","floor":1.0,"turns":2.0},{"damage":0.0,"enemies":"Small Slimes","floor":2.0,"turns":2.0},{"damage":0.0,"enemies":"Jaw Worm","floor":4.0,"turns":1.0},{"damage":8,"enemies":"2 Fungi Beasts","floor":5,"turns":5},{"damage":10,"enemies":"Gremlin Nob","floor":7,"turns":4}],"seed_played":"2802786634997952776","potions_obtained":[{"floor":2.0,"key":"LiquidMemories"},{"floor":4.0,"key":"PowerPotion"},{"floor":7,"key":"Dexterity Potion"}],"is_trial":false,"path_per_floor":["M","M","?","M","M","R","E"],"character_chosen":"THE_SAGE","items_purchased":[],"campfire_rested":0,"item_purchase_floors":[],"current_hp_per_floor":[50,50,55,55,47,47,37,37],"gold":261,"neow_bonus":"THREE_ENEMY_KILL","is_daily":false,"chose_seed":false,"campfire_upgraded":1,"win_rate":0.0,"timestamp":1608322292,"path_taken":["M","M","?","M","M","R","E"],"items_purchased_type":[],"build_version":"2020-11-30","purchased_purges":0,"victory":false,"max_hp_per_floor":[50,50,55,55,55,55,55,55],"relic_stats":{"counters":[5,14],"obtain_stats":[{"Ice Cream":7,"NeowsBlessing":0,"sagemod:Flying_Carpet":0},{"Ice Cream":5,"NeowsBlessing":0,"sagemod:Flying_Carpet":0},{"Ice Cream":14,"NeowsBlessing":0,"sagemod:Flying_Carpet":0}]},"card_choices":[{"not_picked":["sagemod:Step_Back","sagemod:Rock_Oil"],"picked":"sagemod:Fire_Brew","floor":1.0},{"not_picked":["sagemod:Grounded_Strike","sagemod:How_To_Befriend_A_Turtle","sagemod:How_To_Poke_At_Slimes"],"picked":"SKIP","floor":2.0},{"not_picked":["sagemod:About_Clark","sagemod:Deadly_Contraption"],"picked":"sagemod:Grounded_Strike","floor":4.0},{"not_picked":["sagemod:Step_Back","sagemod:Crank","sagemod:Undermine"],"picked":"SKIP","floor":5}],"player_experience":4966,"relics_obtained":[{"floor":7,"key":"Ice Cream"}],"event_choices":[{"damage_healed":0.0,"max_hp_gain":5.0,"max_hp_loss":0.0,"gold_gain":0.0,"event_name":"Big Fish","player_choice":"Donut","floor":3.0,"gold_loss":0.0,"damage_taken":0.0}],"is_beta":false,"boss_relics":[],"items_purged_floors":[],"is_endless":false,"potions_floor_spawned":[2,4,7],"killed_by":"Gremlin Nob","ascension_level":0}}