{"host":"pszcj3piwl6eu8b1","time":1608319470,"event":{"mods":["2.2 Compatiblity","Act Like it!","Aspiration","BaseMod","Better Altar","Better Match","Better Note","Better Sensory Stone","Better Skull","Better Third Choice","Better Vampires","CCEM","CapriCore","Downfall","Elementarium","Energized Spire","Gensokyo","GifTheSpireLib","Hallownest","Hermit","Hubris","Humility","Jorbs\u0027s Wanderer Trilogy","Marisa????????","Marked Mod","Menagerie","Minty Spire (QoL Compilation)","Permanent Neow","Quarter Circle Forward PUNCH!","Quick Restart","RNG Fix","Replay The Spire","Shop Mod","StSLib","Stuff the Spire","The Animator","The Blue Laboratory","The Hayseed","The Immortal","Wandering Minibosses","vexMod"],"gold_per_floor":[121,141,161,181,181,252,252,252,277,297,297,222,236,280,280,363,388,407,422,440,339,339,390,408,408,433,5,5,5],"floor_reached":28,"playtime":2395,"items_purged":["animator:Defend"],"score":500,"play_id":"5e7e04cd-dc84-4dfc-83ff-1fd3ec5757c2","local_time":"20201218112430","is_ascension_mode":true,"campfire_choices":[{"data":"animator:NagisaMomoe","floor":7.0,"key":"SMITH"},{"data":"animator:IrohaTamaki","floor":11.0,"key":"SMITH"},{"data":"animator:SuzuneAmano","floor":15.0,"key":"SMITH"},{"data":"animator:Togame","floor":25,"key":"SMITH"}],"circlet_count":0,"master_deck":["AscendersBane","animator:Strike_MadokaMagica","animator:Defend_MadokaMagica","animator:Strike","animator:Strike","animator:Strike","animator:Defend","animator:YuiTsuruno","animator:NagisaMomoe+1","animator:YachiyoNanami","Injury","animator:GuildGirl","animator:SuzuneAmano+1","animator:Gilgamesh+3","animator:Togame+1","animator:WinryRockbell+1","animator:Entoma+1","animator:Kyubey+1","animator:HomuraAkemi+1","animator:MadokaKaname+1","animator:IrohaTamaki+1","animator:SayakaMiki"],"relics":["animator:LivingPicture","animator:TheMissingPiece","animator:PurgingStone","aspiration:HiddenCompartment","Happy Flower","StuffTheSpire:Mouthbags","PreservedInsect","energizedSpire:MagnifyingGlass","vexMod:BerryBomb","hubris:DeckOfHolding","Membership Card","CCEMRelics:CocoNut","hubris:SphereOfDissonance"],"acts_visited":["Gensokyo:Gensokyo","Gensokyo:Gensokyoer"],"potions_floor_usage":[28],"damage_taken":[{"damage":0.0,"enemies":"Gensokyo:2_Kodama","floor":1.0,"turns":4.0},{"damage":14.0,"enemies":"Gensokyo:3_Fairies","floor":2.0,"turns":6.0},{"damage":0.0,"enemies":"Gensokyo:Python","floor":3.0,"turns":2.0},{"damage":11.0,"enemies":"Gensokyo:Kitsune","floor":4.0,"turns":5.0},{"damage":2.0,"enemies":"Gensokyo:2_Rabbits","floor":10.0,"turns":4.0},{"damage":2.0,"enemies":"Gensokyo:CorruptedTreant","floor":13.0,"turns":3.0},{"damage":10.0,"enemies":"Gensokyo:Cirno","floor":14.0,"turns":7.0},{"damage":8.0,"enemies":"Gensokyo:Reimu","floor":16.0,"turns":5.0},{"damage":28.0,"enemies":"Gensokyo:2_Gloops","floor":18.0,"turns":5.0},{"damage":2.0,"enemies":"Gensokyo:CosmicMonolith","floor":19.0,"turns":4.0},{"damage":3.0,"enemies":"Gensokyo:3_Gloops","floor":20.0,"turns":5.0},{"damage":21.0,"enemies":"Gensokyo:Reisen","floor":23.0,"turns":6.0},{"damage":17,"enemies":"Gensokyo:Chomper_and_Gloop","floor":24,"turns":8},{"damage":30,"enemies":"Gensokyo:Tenshi","floor":28,"turns":2}],"seed_played":"-3473802201999351","potions_obtained":[{"floor":3.0,"key":"Slimebound:ThreeZeroPotion"},{"floor":14.0,"key":"SpeedPotion"},{"floor":19.0,"key":"Block Potion"},{"floor":23.0,"key":"blueLaboratory:TrueEctoplasm"},{"floor":24,"key":"Toxic Potion"}],"is_trial":false,"path_per_floor":["M","M","M","M","?","T","R","?","T","M","R","$","M","E","R","B",null,"M","M","M","?","?","E","M","R","T","$","E"],"character_chosen":"THE_ANIMATOR","items_purchased":["Membership Card","CCEMRelics:CocoNut","hubris:SphereOfDissonance"],"campfire_rested":0,"item_purchase_floors":[27,27,27],"current_hp_per_floor":[54,40,40,30,30,30,30,30,30,28,28,28,26,16,16,8,48,20,18,15,18,18,17,12,12,12,17,0,0],"gold":5,"neow_bonus":"REMOVE_CARD","is_daily":false,"chose_seed":false,"campfire_upgraded":4,"win_rate":0.0,"timestamp":1608319470,"path_taken":["M","?","M","?","?","?","R","?","T","M","R","$","M","E","R","BOSS","M","M","M","?","?","E","M","R","T","$","E"],"items_purchased_type":["Relic","Relic","Relic"],"build_version":"2020-12-13","purchased_purges":1,"victory":false,"max_hp_per_floor":[60,60,60,61,61,61,61,61,61,61,61,61,61,61,61,61,61,61,61,61,64,64,72,72,72,72,77,77,77],"card_choices":[{"not_picked":["animator:ShinjiMatou","animator:Alexander"],"picked":"animator:NagisaMomoe","floor":1.0},{"not_picked":["animator:Mitsuba","animator:Guy"],"picked":"animator:Entoma","floor":2.0},{"not_picked":["animator:Kazuma","animator:YaoHaDucy","animator:Shinoa"],"picked":"SKIP","floor":3.0},{"not_picked":["animator:MamiTomoe","animator:NagisaMomoe"],"picked":"animator:YachiyoNanami","floor":4.0},{"not_picked":["animator:CrowleyEusford","animator:DolaRiku"],"picked":"animator:GuildGirl","floor":10.0},{"not_picked":["animator:Gillette","animator:Wiz","animator:Rider"],"picked":"SKIP","floor":13.0},{"not_picked":["animator:Viivi","animator:Shuna"],"picked":"animator:SuzuneAmano","floor":14.0},{"not_picked":["animator:AcuraShin","animator:Sora"],"picked":"animator:Gilgamesh","floor":16.0},{"not_picked":["animator:Nanami","animator:Emonzaemon"],"picked":"animator:Togame","floor":18.0},{"not_picked":["animator:Shuna","animator:ChlammyZell"],"picked":"animator:WinryRockbell+1","floor":19.0},{"not_picked":["animator:SilverFang","animator:Spearman"],"picked":"animator:Entoma","floor":20.0},{"not_picked":["animator:Saitama+1","animator:Ainz+1"],"picked":"animator:Kyubey+1","floor":21.0},{"not_picked":["animator:FeridBathory+1","animator:Guren+1"],"picked":"animator:HomuraAkemi+1","floor":21.0},{"not_picked":["animator:Gilgamesh+1","animator:HomuraAkemi+1"],"picked":"animator:MadokaKaname+1","floor":21.0},{"not_picked":["animator:WinryRockbell","animator:Tatsumaki","animator:Darkness"],"picked":"SKIP","floor":23.0},{"not_picked":["animator:OrikoMikuni","animator:NagisaMomoe"],"picked":"animator:SayakaMiki","floor":24}],"player_experience":1549259,"relics_obtained":[{"floor":9.0,"key":"StuffTheSpire:Mouthbags"},{"floor":14.0,"key":"PreservedInsect"},{"floor":23.0,"key":"vexMod:BerryBomb"},{"floor":26,"key":"hubris:DeckOfHolding"}],"event_choices":[{"damage_healed":0.0,"max_hp_gain":0.0,"max_hp_loss":0.0,"gold_gain":0.0,"event_name":"betterMatch:BetterMatch","player_choice":"3","floor":21.0,"gold_loss":0.0,"damage_taken":0.0,"cards_obtained":["betterMatch:RareCard"]}],"is_beta":false,"boss_relics":[{"not_picked":["energizedSpire:RedRose","aspiration:RitualDagger"],"picked":"energizedSpire:MagnifyingGlass"}],"items_purged_floors":[12],"is_endless":false,"potions_floor_spawned":[3,14,19,23,24],"killed_by":"Gensokyo:Tenshi","ascension_level":20}}