{"host":"dntw6kil9p09eemm","time":1608261434,"event":{"mods":["Aspiration","BaseMod","BetterRewards","Colored Powertips","Downfall","Hermit","Hubris","Minty Spire (QoL Compilation)","Permanent Neow","Shop Mod","Spicy Shops","StSLib","The Factory","The Runesmith","Waifu the Spire"],"gold_per_floor":[114,130,150,0,10,36,36,36,36,36,50,50,125,83,83,188,188,204,214,231,230,241,241,241,256,256,269,284,22,22,33,33,136,136,153,145,145,161,161,161,30,44,44,64,64,64,64],"floor_reached":46,"playtime":2798,"items_purged":["hexamod:Defend","hexamod:Defend","Writhe","hexamod:Strike"],"score":424,"play_id":"c856a1f8-b60d-432e-986c-392e87c684d6","local_time":"20201218121714","is_ascension_mode":false,"campfire_choices":[{"data":"hexamod:Float","floor":7.0,"key":"SMITH"},{"data":"hexamod:EmpoweredFlame","floor":15,"key":"SMITH"},{"floor":23,"key":"REST"},{"floor":30,"key":"REST"},{"data":"hexamod:PhantomFireball","floor":32,"key":"SMITH"},{"data":"hexamod:ThermalTransfer","floor":40,"key":"SMITH"}],"circlet_count":0,"master_deck":["hexamod:Strike","hexamod:Defend","hexamod:Sear","hexamod:Float+1","hexamod:GhostOfSpireFuture","hexamod:SwordOfDarkness","hexamod:EmpoweredFlame+1","hexamod:HeatMetal","hexamod:StepThrough","hexamod:TimeWarp","hexamod:ExtraCrispy+1","hexamod:GhostOfSpirePresent+1","hexamod:SpectralSpark+1","hexamod:Firestarter","hexamod:ThermalTransfer+1","hexamod:Again+1","hexamod:StepThrough","hexamod:PhantomFireball+1","hexamod:TimeOfNeed","hexamod:PhantomFireball+1","Bloodletting","hexamod:BurningTouch+1","hexamod:FastForward"],"relics":["hexamod:SpiritBrand","aspiration:Nostalgia","Burning Blood","Membership Card","MealTicket","hubris:BundleOfHerbs","Letter Opener","MerchantsRug","hubris:64BitClover","Astrolabe","Frozen Egg 2","Kunai","hubris:CuriousFeather","hexamod:CandleOfCauterizing","Molten Egg 2","Coffee Dripper","aspiration:Lifesprig","hubris:Potato","hexamod:JarOfFuel","Torii","Regal Pillow","PreservedInsect"],"acts_visited":["Exordium","TheCity","TheCity"],"potions_floor_usage":[19,33],"damage_taken":[{"damage":0.0,"enemies":"Cultist","floor":1.0,"turns":3.0},{"damage":0.0,"enemies":"Small Slimes","floor":2.0,"turns":3.0},{"damage":0.0,"enemies":"2 Louse","floor":3.0,"turns":2.0},{"damage":2.0,"enemies":"Lots of Slimes","floor":5.0,"turns":5.0},{"damage":23.0,"enemies":"Lagavulin","floor":6.0,"turns":8.0},{"damage":2.0,"enemies":"2 Fungi Beasts","floor":11.0,"turns":4.0},{"damage":31,"enemies":"Hexaghost","floor":16,"turns":8},{"damage":10,"enemies":"Chosen","floor":18,"turns":5},{"damage":8,"enemies":"3 Byrds","floor":19,"turns":4},{"damage":11,"enemies":"Snecko","floor":20,"turns":4},{"damage":33,"enemies":"3 Cultists","floor":22,"turns":7},{"damage":31,"enemies":"Snake Plant","floor":25,"turns":3},{"damage":30,"enemies":"Centurion and Healer","floor":27,"turns":6},{"damage":11,"enemies":"Sentry and Sphere","floor":28,"turns":4},{"damage":14,"enemies":"Shelled Parasite and Fungi","floor":31,"turns":5},{"damage":58,"enemies":"Automaton","floor":33,"turns":8},{"damage":8,"enemies":"theFactory:BigBot","floor":35,"turns":4},{"damage":39,"enemies":"theFactory:4_Mini-Bots","floor":38,"turns":4},{"damage":22,"enemies":"theFactory:ShrapnelTosser","floor":42,"turns":3},{"damage":29,"enemies":"theFactory:Orbs_and_Orb_Walker","floor":44,"turns":5},{"damage":19,"enemies":"theFactory:DefectiveSentry","floor":46,"turns":4}],"seed_played":"4223039749708708949","potions_obtained":[{"floor":3.0,"key":"LiquidBronze"},{"floor":10.0,"key":"Block Potion"},{"floor":10.0,"key":"FairyPotion"},{"floor":16,"key":"SmokeBomb"},{"floor":18,"key":"Energy Potion"},{"floor":19,"key":"Strength Potion"},{"floor":25,"key":"SneckoOil"},{"floor":31,"key":"SkillPotion"},{"floor":33,"key":"EssenceOfSteel"},{"floor":38,"key":"AttackPotion"}],"is_trial":false,"path_per_floor":["M","M","M","$","M","E","R","?","T","?","M","?","?","$","R","B",null,"M","M","M","$","M","R","?","M","T","M","M","$","R","M","R","B",null,"M","$","?","M","?","R","$","M","T","M","?","M"],"character_chosen":"THE_SPIRIT","items_purchased":["Membership Card","MerchantsRug","hubris:64BitClover","hubris:CuriousFeather","hexamod:CandleOfCauterizing","hexamod:PhantomFireball","Molten Egg 2","aspiration:Lifesprig","hubris:Potato","hexamod:JarOfFuel"],"campfire_rested":2,"item_purchase_floors":[4,14,14,29,29,29,29,36,41,41],"current_hp_per_floor":[70,70,70,70,70,53,53,46,46,46,56,56,45,60,60,35,70,66,64,59,70,43,64,64,39,39,18,13,28,49,61,61,9,70,68,70,65,38,38,38,53,43,43,20,11,0,0],"gold":64,"neow_bonus":"NOSTALGIA","is_daily":false,"chose_seed":false,"campfire_upgraded":4,"win_rate":0.0,"timestamp":1608261434,"path_taken":["M","?","M","$","M","E","R","?","T","?","?","?","?","?","R","BOSS","M","M","M","$","M","R","?","M","T","M","M","$","R","M","R","BOSS","M","$","?","M","?","R","$","M","T","M","?","M"],"items_purchased_type":["Relic","Relic","Relic","Relic","Relic","Card","Relic","Relic","Relic","Relic"],"build_version":"2020-12-13","purchased_purges":4,"victory":false,"max_hp_per_floor":[70,70,70,70,70,70,70,70,70,70,70,70,70,70,70,70,70,70,70,70,70,70,70,70,70,70,70,70,70,70,70,70,70,70,70,70,70,70,70,70,70,70,70,70,70,70,70],"card_choices":[{"not_picked":["hexamod:NightmareStrike","hexamod:SpectralAdrenaline","hexamod:GhostLash"],"picked":"SKIP","floor":1.0},{"not_picked":["hexamod:Firestarter","hexamod:HeatCrush"],"picked":"hexamod:GhostOfSpireFuture","floor":2.0},{"not_picked":["hexamod:InspiringFlames","hexamod:RainOfEmbers"],"picked":"hexamod:SwordOfDarkness","floor":3.0},{"not_picked":["hexamod:GhostLash","hexamod:ShieldOfDarkness"],"picked":"hexamod:EmpoweredFlame","floor":5.0},{"not_picked":["hexamod:HeatCrush","hexamod:CrushingStance"],"picked":"hexamod:HeatMetal","floor":6.0},{"not_picked":["hexamod:GhostLash","hexamod:InspiringFlames","hexamod:BacktrackSmack"],"picked":"SKIP","floor":11.0},{"not_picked":["hexamod:TimeOfNeed","hexamod:Toasty"],"picked":"hexamod:TimeWarp","floor":16},{"not_picked":["hexamod:RecurringNightmare+1","hexamod:RainOfEmbers+1","hexamod:SuperheatedStrike"],"picked":"SKIP","floor":18},{"not_picked":["hexamod:ExtraCrispy","hexamod:SwordOfDarkness"],"picked":"hexamod:Firestarter","floor":19},{"not_picked":["hexamod:Hexaguard","hexamod:TurnItUp"],"picked":"hexamod:ThermalTransfer","floor":20},{"not_picked":["hexamod:GhostShield+1","hexamod:InspiringFlames+1","hexamod:NightmareGuise+1"],"picked":"SKIP","floor":22},{"not_picked":["hexamod:GhostOfSpirePast+1","hexamod:GhostLash+1","hexamod:NightmareStrike+1"],"picked":"SKIP","floor":25},{"not_picked":["hexamod:SkipABeat","hexamod:FlamesFromBeyond"],"picked":"hexamod:Again+1","floor":27},{"not_picked":["hexamod:ShieldOfDarkness","hexamod:HeatMetal"],"picked":"hexamod:StepThrough","floor":28},{"not_picked":["hexamod:Haunt+1","hexamod:ShieldOfDarkness","hexamod:Rewind"],"picked":"SKIP","floor":31},{"not_picked":["hexamod:SixthSeal","hexamod:ApocalypseNow"],"picked":"hexamod:TimeOfNeed","floor":33},{"not_picked":["hexamod:ChargedBarrage+1","hexamod:Haunt"],"picked":"hexamod:PhantomFireball+1","floor":35},{"not_picked":["Evaluate","Dazed"],"picked":"Bloodletting","floor":37},{"not_picked":["hexamod:NightmareStrike+1","hexamod:ShieldOfDarkness"],"picked":"hexamod:BurningTouch+1","floor":38},{"not_picked":["hexamod:AdvancingGuard+1","hexamod:EmpoweringStance+1"],"picked":"hexamod:FastForward","floor":42},{"not_picked":["hexamod:GhostLash+1","hexamod:ShieldOfDarkness+1","hexamod:Hexaguard+1"],"picked":"SKIP","floor":44}],"player_experience":393354,"relics_obtained":[{"floor":6.0,"key":"MealTicket"},{"floor":9.0,"key":"Letter Opener"},{"floor":26,"key":"Kunai"},{"floor":27,"key":"hubris:CrystalStatue"},{"floor":43,"key":"Torii"},{"floor":44,"key":"Regal Pillow"}],"event_choices":[{"damage_healed":0.0,"max_hp_gain":0.0,"max_hp_loss":0.0,"gold_gain":0.0,"event_name":"Scrap Ooze","player_choice":"Success","floor":8.0,"gold_loss":0.0,"damage_taken":7.0,"relics_obtained":["hubris:BundleOfHerbs"]},{"damage_healed":0.0,"max_hp_gain":0.0,"max_hp_loss":0.0,"gold_gain":0.0,"event_name":"Lab","player_choice":"Got Potions","floor":10.0,"gold_loss":0.0,"damage_taken":0.0},{"damage_healed":0.0,"max_hp_gain":0.0,"max_hp_loss":0.0,"gold_gain":75.0,"event_name":"World of Goop","player_choice":"Gather Gold","floor":13.0,"gold_loss":0.0,"damage_taken":11.0},{"damage_healed":0,"gold_gain":0,"player_choice":"Opened","damage_taken":0,"relics_obtained":["Frozen Egg 2"],"max_hp_gain":0,"max_hp_loss":0,"event_name":"The Mausoleum","floor":24,"gold_loss":0,"cards_obtained":["Writhe"]}],"is_beta":false,"boss_relics":[{"not_picked":["SacredBark","hubris:HollowSoul"],"picked":"Astrolabe"},{"not_picked":["Runic Dome","aspiration:RunicSpoon"],"picked":"Coffee Dripper"}],"items_purged_floors":[14,21,29,41],"is_endless":false,"potions_floor_spawned":[3,16,18,19,25,31,33,38,42],"killed_by":"theFactory:DefectiveSentry","ascension_level":0}}