{"host":"jyuuog6ydc2s7nd8","time":1608284039,"event":{"mods":["BaseMod","Better Vampires","Minty Spire (QoL Compilation)","Shop Mod","StSLib","The Hierophant","The Servant 0.9.4","TheBandit","[IsaacMod]ÒÔÈö¼âËþ"],"gold_per_floor":[114,39,109,126,139,139,170,190,190,190,220,220,220,220,220,309,309,345,270,310,326,376,376,163,163,163,204,251,303,230,285,297,405,417,442,490,541,592,604,616,659,671,683,734,746,476,809,200,200,200,200,200,200,50,79,79],"floor_reached":57,"playtime":2382,"items_purged":["Defend_R","Strike_R","Strike_R","Strike_R","Perfected Strike+1","Injury"],"score":3939,"play_id":"1569cea6-725b-4cf8-b7a4-d72509663f01","local_time":"20201218173359","is_ascension_mode":true,"campfire_choices":[{"data":"Pommel Strike","floor":6.0,"key":"SMITH"},{"data":"Perfected Strike","floor":10.0,"key":"SMITH"},{"data":"Bash","floor":15.0,"key":"SMITH"},{"data":"Power Through","floor":23,"key":"SMITH"},{"data":"Second Wind","floor":25,"key":"SMITH"},{"data":"Reaper","floor":32,"key":"SMITH"},{"data":"Body Slam","floor":40,"key":"SMITH"},{"data":"Barricade","floor":42,"key":"SMITH"},{"data":"Fiend Fire","floor":45,"key":"SMITH"},{"floor":49,"key":"RECALL"},{"data":"Bloodletting","floor":53,"key":"SMITH"}],"circlet_count":0,"master_deck":["AscendersBane","Defend_R","Defend_R","Defend_R","Bash+1","Pommel Strike+1","Power Through+1","Second Wind+1","Offering","Reaper+1","Flex+1","Shrug It Off","Battle Trance+1","Fiend Fire+1","Body Slam+1","Barricade+1","Thinking Ahead","Purity","Secret Weapon","Bloodletting+1","True Grit+1"],"relics":["Burning Blood","HushsDoor","Potion Belt","MoneyPower","TheBean","Red Skull","Paper Frog","Nunchaku","Bronze Scales","ChampionBelt","GuppysPaw","GuppysCollar","PokeGo","Centennial Puzzle","BelialBook","MawBank","Anchor","Dead Branch","CaptainsWheel","MealTicket","Cursed Key","DeathBook","BookofShadows","Strawberry","UnicornStump","Gambling Chip","Dream Catcher","BookOfRevelations","Lee\u0027s Waffle","Lantern","Mummified Hand","Boot"],"acts_visited":["Exordium","TheCity","TheBeyond","TheEnding"],"potions_floor_usage":[24,28,33,38,55],"damage_taken":[{"damage":7.0,"enemies":"Small Slimes","floor":1.0,"turns":4.0},{"damage":2.0,"enemies":"Jaw Worm","floor":4.0,"turns":3.0},{"damage":1.0,"enemies":"Cultist","floor":5.0,"turns":3.0},{"damage":45.0,"enemies":"3 Sentries","floor":7.0,"turns":10.0},{"damage":2.0,"enemies":"Exordium Wildlife","floor":8.0,"turns":3.0},{"damage":20.0,"enemies":"Lagavulin","floor":11.0,"turns":5.0},{"damage":0.0,"enemies":"Slime Boss","floor":16.0,"turns":4.0},{"damage":6,"enemies":"Gremlin Leader","floor":18,"turns":4},{"damage":12,"enemies":"Slavers","floor":20,"turns":5},{"damage":6,"enemies":"Chosen","floor":21,"turns":3},{"damage":39,"enemies":"Book of Stabbing","floor":27,"turns":4},{"damage":23,"enemies":"Slavers","floor":28,"turns":4},{"damage":6,"enemies":"Book of Stabbing","floor":29,"turns":4},{"damage":34,"enemies":"Gremlin Leader","floor":31,"turns":3},{"damage":6,"enemies":"Automaton","floor":33,"turns":8},{"damage":6,"enemies":"3 Darklings","floor":35,"turns":2},{"damage":6,"enemies":"Giant Head","floor":36,"turns":3},{"damage":0,"enemies":"Nemesis","floor":37,"turns":1},{"damage":6,"enemies":"Giant Head","floor":38,"turns":2},{"damage":6,"enemies":"Mind Bloom Boss Battle","floor":41,"turns":1},{"damage":6,"enemies":"Nemesis","floor":44,"turns":1},{"damage":21,"enemies":"Awakened One","floor":50,"turns":5},{"damage":18,"enemies":"Donu and Deca","floor":51,"turns":2},{"damage":30,"enemies":"Shield and Spear","floor":55,"turns":3},{"damage":8,"enemies":"The Heart","floor":56,"turns":5}],"seed_played":"-5534487584890663536","potions_obtained":[{"floor":1.0,"key":"GamblersBrew"},{"floor":5.0,"key":"GamblersBrew"},{"floor":8.0,"key":"PowerPotion"},{"floor":18,"key":"Strength Potion"},{"floor":20,"key":"Swift Potion"},{"floor":21,"key":"Swift Potion"},{"floor":29,"key":"SteroidPotion"},{"floor":38,"key":"Fruit Juice"},{"floor":41,"key":"Swift Potion"},{"floor":44,"key":"Fire Potion"},{"floor":55,"key":"Fire Potion"}],"is_trial":false,"path_per_floor":["M","?","T","M","M","R","E","M","T","R","E","?","?","?","R","B",null,"M","$","M","M","?","R","$","R","T","M","M","E","?","E","R","B",null,"M","M","M","M","?","R","?","R","T","M","R","$","?","$","R","B","B",null,"R","$","E","B",null],"character_chosen":"IRONCLAD","items_purchased":["GuppysPaw","GuppysCollar","Offering","Fruit Juice","DeathBook","BookOfRevelations","Lee\u0027s Waffle","Lantern","Mummified Hand"],"campfire_rested":0,"item_purchase_floors":[17,17,17,24,34,46,48,48,48],"current_hp_per_floor":[67,67,67,71,75,75,36,40,40,40,26,11,4,4,4,10,30,30,30,24,36,36,36,41,41,41,8,15,15,15,19,19,41,24,24,24,31,36,26,26,26,26,26,26,26,36,36,43,43,28,25,39,39,43,37,35],"gold":79,"neow_bonus":"RANDOM_COMMON_RELIC","is_daily":false,"chose_seed":false,"campfire_upgraded":10,"win_rate":0.0,"timestamp":1608284039,"path_taken":["M","?","?","?","M","R","E","M","T","R","E","?","?","?","R","BOSS","M","$","M","?","?","R","?","R","T","M","M","E","?","E","R","BOSS","M","M","M","M","?","R","?","R","T","M","R","?","?","$","R","BOSS","BOSS","R","$","E","BOSS"],"items_purchased_type":["Relic","Relic","Card","Potion","Relic","Relic","Relic","Relic","Relic"],"build_version":"2020-12-13","purchased_purges":6,"victory":true,"max_hp_per_floor":[75,75,75,75,75,75,75,75,75,75,75,75,75,68,68,68,36,36,36,36,36,36,36,41,41,41,41,41,41,41,41,41,41,24,24,24,31,36,36,36,36,36,36,36,36,36,36,43,43,43,43,43,43,43,43,43],"card_choices":[{"not_picked":["Rupture","Armaments","Shockwave"],"picked":"SKIP","floor":1.0},{"not_picked":["Warcry","Body Slam"],"picked":"Pommel Strike","floor":4.0},{"not_picked":["Disarm","Shockwave"],"picked":"Power Through","floor":5.0},{"not_picked":["Pommel Strike","Warcry"],"picked":"Perfected Strike","floor":7.0},{"not_picked":["Anger","Heavy Blade","Armaments"],"picked":"SKIP","floor":8.0},{"not_picked":["Shrug It Off","Carnage"],"picked":"Second Wind","floor":11.0},{"not_picked":["Searing Blow","Sword Boomerang"],"picked":"Reaper","floor":18},{"not_picked":["Inflame","Brutality","Iron Wave"],"picked":"SKIP","floor":20},{"not_picked":["True Grit","Body Slam"],"picked":"Flex+1","floor":21},{"not_picked":["Anger","Clash"],"picked":"Shrug It Off","floor":27},{"not_picked":["Perfected Strike","Flame Barrier","Inflame"],"picked":"SKIP","floor":28},{"not_picked":["Cleave","Sword Boomerang","Dual Wield"],"picked":"SKIP","floor":29},{"not_picked":["Clash+1","Pommel Strike"],"picked":"Battle Trance+1","floor":31},{"not_picked":["Bludgeon","Brutality"],"picked":"Fiend Fire","floor":33},{"not_picked":["Iron Wave","Searing Blow"],"picked":"Body Slam","floor":35},{"not_picked":["Warcry","Iron Wave","Flex+1"],"picked":"SKIP","floor":36},{"not_picked":["Heavy Blade","Pummel+1"],"picked":"Barricade","floor":37},{"not_picked":["Heavy Blade","Wild Strike","Disarm"],"picked":"SKIP","floor":38},{"not_picked":["Jack Of All Trades","Violence"],"picked":"Thinking Ahead","floor":39},{"not_picked":["Panacea","PanicButton"],"picked":"Purity","floor":39},{"not_picked":["DoctorFetus","Blind"],"picked":"Secret Weapon","floor":39},{"not_picked":["Second Wind+1","Twin Strike"],"picked":"Bloodletting","floor":41},{"not_picked":["Carnage+1","Spot Weakness"],"picked":"True Grit+1","floor":44},{"not_picked":["Carnage+1","Metallicize","True Grit"],"picked":"SKIP","floor":55},{"not_picked":["Carnage+1","Metallicize","True Grit"],"picked":"SKIP","floor":55}],"player_experience":1755446,"relics_obtained":[{"floor":3.0,"key":"TheBean"},{"floor":7.0,"key":"Red Skull"},{"floor":9.0,"key":"Paper Frog"},{"floor":11.0,"key":"Nunchaku"},{"floor":18,"key":"PokeGo"},{"floor":20,"key":"Centennial Puzzle"},{"floor":26,"key":"BelialBook"},{"floor":27,"key":"MawBank"},{"floor":28,"key":"Anchor"},{"floor":29,"key":"Dead Branch"},{"floor":31,"key":"MealTicket"},{"floor":36,"key":"BookofShadows"},{"floor":37,"key":"Strawberry"},{"floor":38,"key":"UnicornStump"},{"floor":41,"key":"Gambling Chip"},{"floor":44,"key":"Dream Catcher"},{"floor":55,"key":"Boot"}],"event_choices":[{"cards_removed":["Strike_R"],"damage_healed":0.0,"max_hp_gain":0.0,"max_hp_loss":0.0,"gold_gain":0.0,"event_name":"The Cleric","player_choice":"Card Removal","floor":2.0,"gold_loss":75.0,"damage_taken":0.0},{"cards_removed":["Strike_R"],"damage_healed":0.0,"max_hp_gain":0.0,"max_hp_loss":0.0,"gold_gain":0.0,"event_name":"Golden Wing","player_choice":"Card Removal","floor":13.0,"gold_loss":0.0,"damage_taken":7.0},{"damage_healed":0.0,"max_hp_gain":0.0,"max_hp_loss":7.0,"gold_gain":0.0,"event_name":"Golden Idol","player_choice":"Lose Max HP","floor":14.0,"gold_loss":0.0,"damage_taken":0.0,"relics_obtained":["Golden Idol"]},{"damage_healed":0,"gold_gain":50,"player_choice":"Stole From Cult","damage_taken":0,"max_hp_gain":0,"max_hp_loss":0,"event_name":"Nest","floor":22,"gold_loss":0},{"damage_healed":0,"gold_gain":0,"player_choice":"Obtained Relic","damage_taken":0,"relics_obtained":["CaptainsWheel"],"max_hp_gain":0,"max_hp_loss":0,"event_name":"Addict","floor":30,"gold_loss":85},{"damage_healed":0,"gold_gain":0,"player_choice":"Memory 3","damage_taken":10,"max_hp_gain":0,"max_hp_loss":0,"event_name":"SensoryStone","floor":39,"gold_loss":0},{"damage_healed":0,"gold_gain":0,"player_choice":"Fight","damage_taken":0,"max_hp_gain":0,"max_hp_loss":0,"event_name":"MindBloom","floor":41,"gold_loss":0},{"damage_healed":0,"gold_gain":333,"player_choice":"Gave Idol","damage_taken":0,"max_hp_gain":0,"max_hp_loss":0,"event_name":"The Moai Head","floor":47,"relics_lost":["Golden Idol"],"gold_loss":0}],"is_beta":false,"boss_relics":[{"not_picked":["MagicMushroom","Mark of Pain"],"picked":"ChampionBelt"},{"not_picked":[]},{"not_picked":["Snecko Eye","Velvet Choker"],"picked":"Cursed Key"},{"not_picked":[]}],"items_purged_floors":[17,19,24,34,46,54],"is_endless":false,"potions_floor_spawned":[1,5,8,18,20,21,29,38,41,44,55],"ascension_level":20}}