{"host":"t7mx8yfj1no5p62f","time":1608299633,"event":{"mods":["BaseMod","Colored Map","Colored Powertips","Filter the Spire","Minty Spire (QoL Compilation)","Relic Stats","StSLib"],"gold_per_floor":[118,133,133,59,73,73,108,108,133,171,171,215,215,234,234,323,323,347,347,368,387,406,406,437,2,2,33,57,97,115,149,149,242,242,263,263,286,300,225,225,238,276,276,290,290,330,348,379,379,379,379,379,379,47,85,85],"floor_reached":57,"playtime":4856,"items_purged":["Pain"],"score":3259,"play_id":"e305441a-58dc-466e-a37b-0184329ea4b3","local_time":"20201218085353","is_ascension_mode":true,"campfire_choices":[{"data":"Defragment","floor":6.0,"key":"SMITH"},{"data":"Redo","floor":8.0,"key":"SMITH"},{"data":"Buffer","floor":11.0,"key":"SMITH"},{"data":"Loop","floor":13.0,"key":"SMITH"},{"data":"Fusion","floor":15.0,"key":"SMITH"},{"floor":23.0,"key":"REST"},{"data":"Defragment","floor":32.0,"key":"SMITH"},{"data":"Biased Cognition","floor":40,"key":"SMITH"},{"floor":49,"key":"RECALL"},{"data":"Buffer","floor":53,"key":"SMITH"}],"circlet_count":0,"master_deck":["AscendersBane","Dualcast+1","Electrodynamics","Buffer+1","Redo+1","Fusion+1","Reboot","Hello World","Blizzard","Cold Snap","Darkness","Defragment+1","Cold Snap","Skim","Loop+1","Leap","Buffer+1","Conserve Battery+1","Force Field+1","Turbo","Chill","Defragment+1","Core Surge","Hologram","Genetic Algorithm","Cold Snap","Compile Driver","Meteor Strike","Creative AI","Recycle+1","Biased Cognition+1","Coolheaded+1","Heatsinks+1","Glacier","Aggregate","PanicButton","Dark Shackles","PanicButton","Chill+1","Skim+1"],"relics":["Pandora\u0027s Box","Golden Idol","PreservedInsect","DataDisk","MealTicket","Oddly Smooth Stone","Empty Cage","Bird Faced Urn","HornCleat","Lee\u0027s Waffle","Prayer Wheel","War Paint","Pen Nib","Shuriken","SlaversCollar","WarpedTongs","Lantern","Toy Ornithopter","Ancient Tea Set","Gambling Chip","Thread and Needle"],"acts_visited":["Exordium","TheCity","TheBeyond","TheEnding"],"potions_floor_usage":[56,56],"damage_taken":[{"damage":0.0,"enemies":"Jaw Worm","floor":1.0,"turns":2.0},{"damage":0.0,"enemies":"Cultist","floor":2.0,"turns":3.0},{"damage":0.0,"enemies":"2 Louse","floor":5.0,"turns":4.0},{"damage":1.0,"enemies":"Lagavulin","floor":7.0,"turns":6.0},{"damage":24.0,"enemies":"3 Sentries","floor":10.0,"turns":4.0},{"damage":0.0,"enemies":"Gremlin Nob","floor":12.0,"turns":4.0},{"damage":2.0,"enemies":"Large Slime","floor":14.0,"turns":5.0},{"damage":27.0,"enemies":"Hexaghost","floor":16.0,"turns":8.0},{"damage":12.0,"enemies":"2 Thieves","floor":18.0,"turns":4.0},{"damage":0.0,"enemies":"Chosen","floor":20.0,"turns":7.0},{"damage":22.0,"enemies":"Snake Plant","floor":21.0,"turns":6.0},{"damage":0.0,"enemies":"Snecko","floor":22.0,"turns":5.0},{"damage":28.0,"enemies":"Slavers","floor":24.0,"turns":5.0},{"damage":6.0,"enemies":"Gremlin Leader","floor":27.0,"turns":7.0},{"damage":4.0,"enemies":"Shelled Parasite and Fungi","floor":28.0,"turns":9.0},{"damage":42.0,"enemies":"Slavers","floor":29.0,"turns":6.0},{"damage":0.0,"enemies":"Chosen and Byrds","floor":30.0,"turns":8.0},{"damage":0.0,"enemies":"Gremlin Leader","floor":31.0,"turns":10.0},{"damage":0.0,"enemies":"Collector","floor":33.0,"turns":10.0},{"damage":31,"enemies":"3 Darklings","floor":35,"turns":12},{"damage":0,"enemies":"3 Shapes","floor":37,"turns":3},{"damage":4,"enemies":"Spire Growth","floor":38,"turns":8},{"damage":29,"enemies":"Transient","floor":41,"turns":6},{"damage":0,"enemies":"Nemesis","floor":42,"turns":11},{"damage":17,"enemies":"3 Darklings","floor":44,"turns":7},{"damage":19,"enemies":"Reptomancer","floor":46,"turns":11},{"damage":0,"enemies":"4 Shapes","floor":47,"turns":6},{"damage":0,"enemies":"Giant Head","floor":48,"turns":11},{"damage":0,"enemies":"Time Eater","floor":50,"turns":17},{"damage":42,"enemies":"Awakened One","floor":51,"turns":36},{"damage":7,"enemies":"Shield and Spear","floor":55,"turns":11},{"damage":28,"enemies":"The Heart","floor":56,"turns":15}],"seed_played":"6293129526378159200","potions_obtained":[{"floor":1.0,"key":"PowerPotion"},{"floor":2.0,"key":"SteroidPotion"},{"floor":24.0,"key":"Block Potion"},{"floor":27.0,"key":"Dexterity Potion"}],"is_trial":false,"path_per_floor":["M","M","?","$","M","R","E","R","T","E","R","E","R","M","R","B",null,"M","?","M","M","M","R","E","$","T","E","M","E","M","E","R","B",null,"M","?","M","M","$","R","M","E","T","M","?","E","M","E","R","B","B",null,"R","$","E","B",null],"character_chosen":"DEFECT","items_purchased":["Defragment","HornCleat","Lee\u0027s Waffle","Gambling Chip"],"campfire_rested":1,"item_purchase_floors":[4,25,25,54],"current_hp_per_floor":[64,64,64,64,64,64,63,63,63,39,39,39,39,37,37,10,51,39,39,39,17,17,36,8,71,71,71,71,39,51,63,63,71,71,71,71,71,69,71,71,52,71,71,68,58,69,71,71,71,71,71,71,71,71,71,71],"gold":85,"neow_bonus":"BOSS_RELIC","is_daily":false,"chose_seed":false,"campfire_upgraded":8,"win_rate":0.0,"timestamp":1608299633,"path_taken":["M","M","?","$","M","R","E","R","T","E","R","E","R","M","R","BOSS","M","?","M","M","M","R","E","$","T","E","M","E","M","E","R","BOSS","M","?","?","?","$","R","M","E","T","M","?","E","M","E","R","BOSS","BOSS","R","$","E","BOSS"],"items_purchased_type":["Card","Relic","Relic","Relic"],"build_version":"2020-12-13","purchased_purges":1,"victory":true,"max_hp_per_floor":[71,71,64,64,64,64,64,64,64,64,64,64,64,64,64,64,64,64,64,64,64,64,64,64,71,71,71,71,71,71,71,71,71,71,71,71,71,71,71,71,71,71,71,71,71,71,71,71,71,71,71,71,71,71,71,71],"relic_stats":{"Lee\u0027s Waffle":48,"counters":[32,264],"Golden Idol":228,"PreservedInsect":554,"Pen Nib":[22],"War Paint":["Conserve Battery","Dualcast"],"WarpedTongs":[137],"Shuriken":[29],"Bird Faced Urn":[237],"Gambling Chip":[4],"Pandora\u0027s Box":["Electrodynamics","Buffer","Redo","Fusion","Beam Cell","Reboot","Hello World","Blizzard"],"MealTicket":17,"Prayer Wheel":8,"obtain_stats":[{"Lee\u0027s Waffle":25,"Lantern":42,"Golden Idol":3,"Oddly Smooth Stone":12,"Thread and Needle":55,"PreservedInsect":7,"Pen Nib":29,"War Paint":27,"Empty Cage":17,"Ancient Tea Set":48,"WarpedTongs":36,"SlaversCollar":34,"DataDisk":9,"HornCleat":25,"Shuriken":31,"Bird Faced Urn":24,"Gambling Chip":54,"Pandora\u0027s Box":0,"MealTicket":10,"Prayer Wheel":26,"Cracked Core":0,"Toy Ornithopter":46},{"Lee\u0027s Waffle":13,"Lantern":24,"Golden Idol":2,"Oddly Smooth Stone":6,"Thread and Needle":31,"PreservedInsect":4,"Pen Nib":16,"War Paint":14,"Empty Cage":8,"Ancient Tea Set":28,"WarpedTongs":20,"SlaversCollar":19,"DataDisk":4,"HornCleat":13,"Shuriken":18,"Bird Faced Urn":13,"Gambling Chip":30,"Pandora\u0027s Box":0,"MealTicket":5,"Prayer Wheel":13,"Cracked Core":0,"Toy Ornithopter":26},{"Lee\u0027s Waffle":62,"Lantern":152,"Golden Idol":5,"Oddly Smooth Stone":23,"Thread and Needle":249,"PreservedInsect":15,"Pen Nib":84,"War Paint":69,"Empty Cage":35,"Ancient Tea Set":185,"WarpedTongs":124,"SlaversCollar":112,"DataDisk":15,"HornCleat":62,"Shuriken":102,"Bird Faced Urn":62,"Gambling Chip":238,"Pandora\u0027s Box":0,"MealTicket":19,"Prayer Wheel":62,"Cracked Core":0,"Toy Ornithopter":168}],"Toy Ornithopter":0},"card_choices":[{"not_picked":["Steam","BootSequence"],"picked":"Cold Snap","floor":1.0},{"not_picked":["Rebound","Turbo"],"picked":"Darkness","floor":2.0},{"not_picked":["Static Discharge","Streamline"],"picked":"Cold Snap","floor":5.0},{"not_picked":["Streamline","Redo","Doom and Gloom"],"picked":"SKIP","floor":7.0},{"not_picked":["Turbo","Doom and Gloom"],"picked":"Skim","floor":10.0},{"not_picked":["Rebound","Coolheaded"],"picked":"Loop","floor":12.0},{"not_picked":["Gash","Rebound"],"picked":"Leap","floor":14.0},{"not_picked":["Thunder Strike","All For One"],"picked":"Buffer","floor":16.0},{"not_picked":["Scrape","Sweeping Beam"],"picked":"Conserve Battery","floor":18.0},{"not_picked":["Rebound","Hologram"],"picked":"Force Field+1","floor":20.0},{"not_picked":["Streamline","Heatsinks"],"picked":"Turbo","floor":21.0},{"not_picked":["Redo","Turbo+1"],"picked":"Chill","floor":22.0},{"not_picked":["Sweeping Beam","Fission"],"picked":"Defragment","floor":24.0},{"not_picked":["Redo","Barrage"],"picked":"Core Surge","floor":27.0},{"not_picked":["Recycle","Gash"],"picked":"Hologram","floor":28.0},{"not_picked":["Consume","Chill"],"picked":"Genetic Algorithm","floor":28.0},{"not_picked":["Melter+1","Scrape"],"picked":"Cold Snap","floor":29.0},{"not_picked":["Blizzard","Doom and Gloom"],"picked":"Compile Driver","floor":30.0},{"not_picked":["Streamline+1","Steam Power","Turbo"],"picked":"SKIP","floor":30.0},{"not_picked":["Auto Shields","Redo"],"picked":"Meteor Strike","floor":31.0},{"not_picked":["Hyperbeam","Machine Learning"],"picked":"Creative AI","floor":33.0},{"not_picked":["Sunder","Lockon"],"picked":"Recycle+1","floor":35},{"not_picked":["Rebound","Scrape","Stack"],"picked":"SKIP","floor":35},{"not_picked":["Conserve Battery","Stack+1","Sunder"],"picked":"SKIP","floor":37},{"not_picked":["Rebound","Storm+1","Gash"],"picked":"SKIP","floor":37},{"not_picked":["Auto Shields","Redo"],"picked":"Biased Cognition","floor":38},{"not_picked":["Streamline","Scrape"],"picked":"Coolheaded+1","floor":38},{"not_picked":["Beam Cell","Leap+1"],"picked":"Heatsinks+1","floor":41},{"not_picked":["Static Discharge","Ball Lightning","Tempest+1"],"picked":"SKIP","floor":41},{"not_picked":["Static Discharge","Turbo"],"picked":"Glacier","floor":42},{"not_picked":["Meteor Strike","Rebound+1"],"picked":"Aggregate","floor":44},{"not_picked":["Recycle","Go for the Eyes","Ball Lightning+1"],"picked":"SKIP","floor":44},{"not_picked":["Jack Of All Trades","Sadistic Nature"],"picked":"PanicButton","floor":45},{"not_picked":["Mayhem","Purity"],"picked":"Dark Shackles","floor":45},{"not_picked":["Thinking Ahead","Dark Shackles"],"picked":"PanicButton","floor":45},{"not_picked":["Consume","Blizzard"],"picked":"Chill+1","floor":46},{"not_picked":["Barrage","Streamline"],"picked":"Skim+1","floor":47},{"not_picked":["Streamline","Leap","Stack+1"],"picked":"SKIP","floor":47},{"not_picked":["Meteor Strike","Cold Snap+1","Beam Cell"],"picked":"SKIP","floor":48},{"not_picked":["BootSequence+1","Scrape","Melter"],"picked":"SKIP","floor":55}],"player_experience":1557779,"relics_obtained":[{"floor":7.0,"key":"PreservedInsect"},{"floor":9.0,"key":"DataDisk"},{"floor":10.0,"key":"MealTicket"},{"floor":12.0,"key":"Oddly Smooth Stone"},{"floor":24.0,"key":"Bird Faced Urn"},{"floor":26.0,"key":"Prayer Wheel"},{"floor":27.0,"key":"War Paint"},{"floor":29.0,"key":"Pen Nib"},{"floor":31.0,"key":"Shuriken"},{"floor":42,"key":"Lantern"},{"floor":46,"key":"Toy Ornithopter"},{"floor":48,"key":"Ancient Tea Set"},{"floor":55,"key":"Thread and Needle"}],"event_choices":[{"damage_healed":0.0,"max_hp_gain":0.0,"max_hp_loss":7.0,"gold_gain":0.0,"event_name":"Golden Idol","player_choice":"Lose Max HP","floor":3.0,"gold_loss":0.0,"damage_taken":0.0,"relics_obtained":["Golden Idol"]},{"damage_healed":0.0,"max_hp_gain":0.0,"max_hp_loss":0.0,"gold_gain":0.0,"event_name":"Match and Keep!","player_choice":"0 cards matched","floor":19.0,"gold_loss":0.0,"damage_taken":0.0,"cards_obtained":[]},{"damage_healed":0,"gold_gain":0,"player_choice":"Rummage","damage_taken":0,"relics_obtained":["WarpedTongs"],"max_hp_gain":0,"max_hp_loss":0,"event_name":"Accursed Blacksmith","floor":36,"gold_loss":0,"cards_obtained":["Pain"]},{"damage_healed":0,"gold_gain":0,"player_choice":"Memory 3","damage_taken":10,"max_hp_gain":0,"max_hp_loss":0,"event_name":"SensoryStone","floor":45,"gold_loss":0}],"is_beta":false,"boss_relics":[{"not_picked":["Ectoplasm","Velvet Choker"],"picked":"Empty Cage"},{"not_picked":["Sozu","Snecko Eye"],"picked":"SlaversCollar"}],"items_purged_floors":[39],"is_endless":false,"potions_floor_spawned":[1,2,7,12,16,20,24,27,33,38,42,46,47],"ascension_level":20}}