{"host":"1bqbj1s4pyvm9utn","time":1608278329,"event":{"mods":["AchievementEnabler","Aspiration","Bard","BaseMod","Beaked The Cultist","Better Altar","Better Match","Better Note","Better Sensory Stone","Better Skull","Better Third Choice","BetterRewards","CCEM","Clawfect","Colored Map","Conspire","Downfall","GifTheSpireLib","Halation","Hermit","Highlight Path","Hubris","Humility","Infinite Spire","Jedi Mod","Jorbs\u0027s Wanderer Trilogy","Mad Scientist","Marisa????????","Mimic Mod","Minty Spire (QoL Compilation)","Permanent Neow","Replay The Spire","Shade Mod","Shop Mod","Spicy Shops","StSLib","Stuff the Spire","The Bug Knight","The Construct","The Cursed","The Disciple","The Gatherer","The Hierophant","The Jungle","The Mystic","The Necromancer","The Runesmith","The Servant 0.9.4","The Spell Scribe","The Witch","Unceasing Turn Reminder","everything is the same but u backflip on backflip","slay the spire mod where everything is the same but ironclad has a cowboy hat","vexMod"],"gold_per_floor":[119,119,133,103,116,151,167,167,193,193,224,240,14,14,14,111,111,128,128,128,141,141,141,159,178,178,178,198,198,198,210,210,311,311,325,342,342,342,342],"floor_reached":38,"playtime":3821,"items_purged":[],"score":386,"play_id":"4bdc7427-3272-4ad3-915c-2c097b0b6b43","local_time":"20201217235849","is_ascension_mode":false,"campfire_choices":[{"floor":8,"key":"REST"},{"floor":15,"key":"REST"},{"floor":23,"key":"RECALL"},{"floor":30,"key":"REST"},{"floor":32,"key":"REST"}],"circlet_count":0,"master_deck":["Runesmith:CraftFirestone","Runesmith:Fortify","Apotheosis","Runesmith:ChiselStab","Runesmith:EarthShield","Runesmith:Grindstone","Runesmith:CraftIncendium","Runesmith:MakeshiftArmor","Runesmith:Malloc","Runesmith:UnstableHammer","Runesmith:CraftProtectio","Runesmith:LithiumIon","Runesmith:LithiumIon","Runesmith:MetallurgicalResearch","Runesmith:CraftSpiculum","Runesmith:CraftMagma","Runesmith:RuneHurl","Runesmith:ShiftingStrike","Runesmith:ChargedHammer","Runesmith:PoweredAnvil","Runesmith:Permafrost","Runesmith:PoweredAnvil","Runesmith:FrozenChisel","Runesmith:Discharge","Runesmith:Attraction","Runesmith:StaticCage","hubris:Rewind","ReplayTheSpireMod:Book of Names","Runesmith:CraftVitae","Runesmith:CraftMagma+1","Runesmith:ChaoticBlast+1","Writhe"],"relics":["Runesmith:BrokenRuby","Meat on the Bone","Bronze Scales","halation:QuantumPhysicsTextbook","DollysMirror","Black Star","infinitespire:Bottled Soul","hubris:GlazedTorus","Pandora\u0027s Box","Bloody Idol","conspire:SlowCooker"],"acts_visited":["Exordium","TheCity","TheBeyond"],"potions_floor_usage":[5,6,6,16,16,24,24,24,31,34,36,36,36],"damage_taken":[{"damage":0,"enemies":"2 Louse","floor":1,"turns":3},{"damage":12,"enemies":"Jaw Worm","floor":3,"turns":4},{"damage":0,"enemies":"Cultist","floor":5,"turns":4},{"damage":52,"enemies":"Gremlin Nob","floor":6,"turns":6},{"damage":0,"enemies":"2 Fungi Beasts","floor":7,"turns":4},{"damage":3,"enemies":"Lagavulin","floor":11,"turns":6},{"damage":2,"enemies":"Exordium Wildlife","floor":12,"turns":4},{"damage":24,"enemies":"Fading Forest","floor":16,"turns":11},{"damage":5,"enemies":"Shell Parasite","floor":18,"turns":8},{"damage":0,"enemies":"Chosen","floor":21,"turns":4},{"damage":10,"enemies":"3 Cultists","floor":24,"turns":6},{"damage":2,"enemies":"conspire:HollyBat","floor":25,"turns":8},{"damage":31,"enemies":"Snake Plant","floor":28,"turns":4},{"damage":18,"enemies":"Cultist and Chosen","floor":31,"turns":5},{"damage":14,"enemies":"conspire:MysteriousRune","floor":33,"turns":8},{"damage":25,"enemies":"3 Shapes","floor":35,"turns":6},{"damage":45,"enemies":"3 Darklings","floor":36,"turns":5},{"damage":52,"enemies":"Sphere and 2 Shapes","floor":38,"turns":2}],"seed_played":"6646798129556171885","potions_obtained":[{"floor":3,"key":"Swift Potion"},{"floor":4,"key":"jedi:holywater"},{"floor":4,"key":"Fruit Juice"},{"floor":11,"key":"SteroidPotion"},{"floor":12,"key":"Toxic Potion"},{"floor":18,"key":"SneckoOil"},{"floor":19,"key":"LifebloodPotion"},{"floor":19,"key":"Toxic Potion"},{"floor":19,"key":"Fire Potion"},{"floor":21,"key":"Milkshake"},{"floor":31,"key":"jedi:hoardpotion"},{"floor":33,"key":"EntropicBrew"},{"floor":35,"key":"ColorlessPotion"}],"is_trial":false,"path_per_floor":["M","?","M","?","M","E","M","R","T","?","E","M","$","?","R","B",null,"M","?","?","M","?","R","M","M","T","AVR","M","?","R","M","R","B",null,"M","M","?","M"],"character_chosen":"RUNESMITH_CLASS","items_purchased":["Runesmith:LithiumIon","DollysMirror"],"campfire_rested":4,"item_purchase_floors":[13,13],"current_hp_per_floor":[70,70,58,58,63,11,23,45,45,45,42,40,40,45,69,65,80,75,75,75,75,75,75,65,63,63,63,44,4,28,27,51,54,80,60,32,52,0,0],"gold":342,"neow_bonus":"RANDOM_COLORLESS_2","is_daily":false,"chose_seed":false,"campfire_upgraded":0,"win_rate":0.0,"timestamp":1608278329,"path_taken":["M","?","M","?","?","E","M","R","T","?","E","M","?","?","R","BOSS","M","?","?","M","?","R","M","M","T","AVR","M","?","R","M","R","BOSS","M","M","?","M"],"items_purchased_type":["Card","Relic"],"build_version":"2020-12-13","purchased_purges":0,"victory":false,"max_hp_per_floor":[70,70,70,70,75,75,75,75,75,75,75,75,75,80,80,80,80,80,80,80,80,80,80,80,80,80,80,80,80,80,80,80,80,80,80,80,80,80,80],"card_choices":[{"not_picked":["expansioncontent:DashGenerateEvil","Thinking Ahead"],"picked":"Apotheosis","floor":0},{"not_picked":["Runesmith:Accelerate","Runesmith:Overpower"],"picked":"Runesmith:ChiselStab","floor":1},{"not_picked":["Runesmith:StaticCage","Runesmith:Repurpose"],"picked":"Runesmith:EarthShield","floor":3},{"not_picked":["Runesmith:UnstableHammer","Runesmith:Augment"],"picked":"Runesmith:Grindstone","floor":5},{"not_picked":["Runesmith:LastStand","Runesmith:CraftObretio"],"picked":"Runesmith:CraftIncendium","floor":6},{"not_picked":["aspiration:UnbridledHammer","Runesmith:NegativeSpace"],"picked":"Runesmith:MakeshiftArmor","floor":7},{"not_picked":["Runesmith:MakeshiftArmor","Runesmith:Overpower"],"picked":"Runesmith:UnstableHammer","floor":11},{"not_picked":["Runesmith:ShiftingStrike","Runesmith:Repurpose"],"picked":"Runesmith:CraftProtectio","floor":12},{"not_picked":["Runesmith:DuctTape","Runesmith:LightningRod"],"picked":"Runesmith:MetallurgicalResearch","floor":16},{"not_picked":["Runesmith:Augment","Runesmith:MakeshiftArmor"],"picked":"Runesmith:CraftSpiculum","floor":18},{"not_picked":["Runesmith:HammerThrow","Runesmith:CraftProtectio"],"picked":"Runesmith:CraftMagma","floor":21},{"not_picked":["Runesmith:RuneHurl","Runesmith:Reinforce"],"picked":"Runesmith:ShiftingStrike","floor":24},{"not_picked":["Runesmith:ChiselStab+1","Runesmith:CraftMagma","Runesmith:EnergizedChisel"],"picked":"SKIP","floor":25},{"not_picked":["Runesmith:HammerAndChisel","Runesmith:UnstableHammer"],"picked":"Runesmith:CraftVitae","floor":28},{"not_picked":["Runesmith:PerfectChisel","Runesmith:DoubleUp","Runesmith:Superposition"],"picked":"SKIP","floor":31},{"not_picked":["Runesmith:ChiselStab+1","Runesmith:EarthShield"],"picked":"Runesmith:CraftMagma+1","floor":35},{"not_picked":["Runesmith:NanitesCloud","Runesmith:HammerTime"],"picked":"Runesmith:ChaoticBlast+1","floor":36}],"player_experience":835885,"relics_obtained":[{"floor":6,"key":"Meat on the Bone"},{"floor":9,"key":"Bronze Scales"},{"floor":11,"key":"halation:QuantumPhysicsTextbook"},{"floor":26,"key":"infinitespire:Bottled Soul"}],"event_choices":[{"damage_healed":0,"gold_gain":0,"player_choice":"Bought 2 Potions","damage_taken":0,"max_hp_gain":0,"max_hp_loss":0,"event_name":"The Woman in Blue","floor":4,"gold_loss":0},{"damage_healed":0,"gold_gain":0,"cards_transformed":["mysticmod:Defend_Mystic"],"player_choice":"Change","damage_taken":0,"max_hp_gain":0,"max_hp_loss":0,"event_name":"Living Wall","floor":10,"gold_loss":0,"cards_obtained":["Runesmith:Malloc"]},{"damage_healed":0,"gold_gain":0,"player_choice":"Donut","damage_taken":0,"max_hp_gain":5,"max_hp_loss":0,"event_name":"Big Fish","floor":14,"gold_loss":0},{"damage_healed":0,"gold_gain":0,"player_choice":"Got Potions","damage_taken":0,"max_hp_gain":0,"max_hp_loss":0,"event_name":"Lab","floor":19,"gold_loss":0},{"cards_removed":["Strike_S"],"damage_healed":0,"gold_gain":0,"player_choice":"Purged","damage_taken":0,"max_hp_gain":0,"max_hp_loss":0,"event_name":"Purifier","floor":20,"gold_loss":0},{"cards_removed":["Apotheosis"],"damage_healed":0,"gold_gain":0,"player_choice":"Take \u0026 Give","damage_taken":0,"max_hp_gain":0,"max_hp_loss":0,"event_name":"betterNote:BetterNote","floor":22,"gold_loss":0,"cards_obtained":["Runesmith:RuneHurl"]},{"damage_healed":0,"gold_gain":0,"player_choice":" Idol ","damage_taken":40,"relics_obtained":["Bloody Idol"],"max_hp_gain":44,"max_hp_loss":4,"event_name":"betterAltar:BetterAltar","floor":29,"potions_obtained":[],"relics_lost":[],"gold_loss":0},{"damage_healed":20,"gold_gain":0,"player_choice":"Writhe","damage_taken":0,"max_hp_gain":0,"max_hp_loss":0,"event_name":"Winding Halls","floor":37,"gold_loss":0,"cards_obtained":["Writhe"]}],"is_beta":false,"boss_relics":[{"not_picked":["hubris:BlackHole","vexMod:EndlessSickness"],"picked":"Black Star"},{"not_picked":["Busted Crown","CCEMRelics:TransientCore"],"picked":"conspire:SlowCooker"}],"items_purged_floors":[],"is_endless":false,"potions_floor_spawned":[3,11,12,18,21,31,33,35],"killed_by":"Sphere and 2 Shapes","ascension_level":0}}