{"host":"npubv26u89aif4fa","time":1608272356,"event":{"mods":["Astrologer","BaseMod","Better Vampires","Colored Powertips","GifTheSpireLib","GungeonMod","HornydragonMod","Hubris","Jedi Mod","Minty Spire (QoL Compilation)","Nova Terra(诺娃・泰拉)","Quick Restart","Remilia（蕾米莉亚）","Replay The Spire","StSLib","Td1madao Mod","The Administrix","The Alterego","The Bug Knight","The Cursed","The Dragon Tamer","The Hayseed","The Runesmith","TheWitcher","Yuri Mod","Yuyuko","【东方二次创作】八云紫mod"],"gold_per_floor":[116,291,366,316,336,361,361,378,378,378,378,378,378,432,461,477,477,477,477,477],"floor_reached":18,"playtime":1316,"items_purged":[],"score":168,"play_id":"f4832608-fed1-4c89-a9f4-aa9bcb69de86","local_time":"20201218141916","is_ascension_mode":false,"metric_token":1751,"campfire_choices":[{"data":"DTMod:DarkBreath","floor":7.0,"key":"SMITH"},{"data":"DTMod:DarkBreath","floor":13.0,"key":"SMITH"},{"floor":17,"key":"RECALL"}],"dtmod_dragon_data":[0,50,-1,-1,0,0],"circlet_count":0,"master_deck":["DTMod:Strike","DTMod:Strike","DTMod:Strike","DTMod:DoubleHit","DTMod:TargetDefense","DTMod:TargetDefense","DTMod:TargetDefense","DTMod:TargetDefense","DTMod:SwitchingTactic","DTMod:BurningForce","Doubt","DTMod:CleansingStrike","DTMod:DarkBreath+1","DTMod:DarkBreath+1","DTMod:BlueScale+1","DTMod:DeepFocus+1"],"relics":["DTMod:PactStone","NeowsBlessing","Orichalcum","DemoMod:ClearGuonStone","Chameleon Ring","Toxic Egg 2","Meat on the Bone"],"acts_visited":["Exordium"],"potions_floor_usage":[],"damage_taken":[{"damage":0.0,"enemies":"Small Slimes","floor":1.0,"turns":1.0},{"damage":0.0,"enemies":"2 Louse","floor":5.0,"turns":1.0},{"damage":0.0,"enemies":"Lagavulin","floor":6.0,"turns":1.0},{"damage":0.0,"enemies":"Cultist","floor":8.0,"turns":2.0},{"damage":0,"enemies":"Gremlin Nob","floor":15,"turns":3},{"damage":0,"enemies":"Exordium Wildlife","floor":16,"turns":4},{"damage":57,"enemies":"Fading Forest","floor":18,"turns":10}],"seed_played":"-8149029459732021655","potions_obtained":[{"floor":5.0,"key":"Regen Potion"},{"floor":6.0,"key":"Weak Potion"},{"floor":14,"key":"SteroidPotion"}],"is_trial":false,"path_per_floor":["M","?","?","?","M","E","R","M","PTL","PTL","T","T","R","?","E","M","R","B"],"character_chosen":"THE_DT","items_purchased":[],"campfire_rested":0,"item_purchase_floors":[],"current_hp_per_floor":[45,45,34,34,34,34,34,34,34,34,34,34,34,23,23,23,23,0,0,0],"gold":477,"neow_bonus":"THREE_ENEMY_KILL","is_daily":false,"chose_seed":false,"campfire_upgraded":2,"win_rate":0.0,"timestamp":1608272356,"path_taken":["M","?","?","?","M","E","R","M","PTL","PTL","T","?","R","?","E","M","R","BOSS"],"items_purchased_type":[],"build_version":"2020-12-13","purchased_purges":0,"victory":false,"max_hp_per_floor":[45,45,45,45,45,45,45,45,45,45,45,45,45,45,45,45,45,45,45,45],"card_choices":[{"not_picked":["DTMod:BizarreTactic","DTMod:MagicField"],"picked":"DTMod:BurningForce","floor":1.0},{"not_picked":["DTMod:Weaken","DTMod:Feint"],"picked":"DTMod:CleansingStrike","floor":5.0},{"not_picked":["DTMod:SneakAttack","DTMod:LastStand"],"picked":"DTMod:DarkBreath","floor":6.0},{"not_picked":["DTMod:Outburst","DTMod:Threaten"],"picked":"DTMod:DarkBreath","floor":8.0},{"not_picked":["DTMod:BurningForce","DTMod:Punisher"],"picked":"DTMod:BlueScale+1","floor":15},{"not_picked":["DTMod:MasterPlan+1","DTMod:BlazingStrike"],"picked":"DTMod:DeepFocus+1","floor":16}],"player_experience":103678,"relics_obtained":[{"floor":6.0,"key":"Orichalcum"},{"floor":11.0,"key":"DemoMod:ClearGuonStone"},{"floor":12.0,"key":"Chameleon Ring"},{"floor":14,"key":"Toxic Egg 2"},{"floor":15,"key":"Meat on the Bone"}],"event_choices":[{"damage_healed":0.0,"max_hp_gain":0.0,"max_hp_loss":0.0,"gold_gain":175.0,"event_name":"Liars Game","player_choice":"AGREE","floor":2.0,"gold_loss":0.0,"damage_taken":0.0,"cards_obtained":["Doubt"]},{"damage_healed":0.0,"max_hp_gain":0.0,"max_hp_loss":0.0,"gold_gain":75.0,"event_name":"World of Goop","player_choice":"Gather Gold","floor":3.0,"gold_loss":0.0,"damage_taken":11.0},{"cards_removed":["DTMod:Strike"],"damage_healed":0.0,"max_hp_gain":0.0,"max_hp_loss":0.0,"gold_gain":0.0,"event_name":"The Cleric","player_choice":"Card Removal","floor":4.0,"gold_loss":50.0,"damage_taken":0.0}],"is_beta":false,"boss_relics":[],"items_purged_floors":[],"is_endless":false,"potions_floor_spawned":[5,6],"killed_by":"Fading Forest","ascension_level":0}}