{"host":"eqvoimh73njwfgdh","time":1608319674,"event":{"mods":["AchievementEnabler","BaseMod","Better Altar","Better Match","Better Note","Better Sensory Stone","Better Skull","Better Third Choice","BetterRewards","Colored Powertips","Conspire","Energized Spire","Hubris","Minty Spire (QoL Compilation)","Permanent Neow","Rare Cards Sparkle","Relic Stats","Replay The Spire","Spicy Shops","StSLib","The Animator","The Blue Laboratory","vexMod"],"gold_per_floor":[114,114,114,133,151,151,198,198,198,229,229,272,284,317,317,421,421,439,467,480,491,491,491],"floor_reached":22,"playtime":1544,"items_purged":[],"score":293,"play_id":"ed1a46d4-a3d9-45ec-8d8e-3cd3bcc96ce3","local_time":"20201218202754","is_ascension_mode":true,"campfire_choices":[{"floor":6,"key":"RECALL"},{"floor":8,"key":"REST"},{"floor":11,"key":"REST"},{"floor":15,"key":"REST"}],"circlet_count":0,"master_deck":["animator:Strike_FullmetalAlchemist","animator:Defend_FullmetalAlchemist","animator:Strike","animator:Strike","animator:Strike","animator:Defend","animator:Defend","animator:Defend","animator:ElricEdward","animator:ElricAlphonse","animator:IchigoKurosaki","animator:Shichika","animator:Emonzaemon","animator:ElricEdward","animator:Envy","animator:ElricAlphonse","animator:Tyuule","animator:Tatsumaki","animator:NarberalGamma","animator:Melzalgald","animator:Albedo","animator:DolaSchwi","animator:Aisha","animator:Lancer","animator:Tatsumaki"],"relics":["animator:LivingPicture","animator:TheMissingPiece","animator:PurgingStone","conspire:GiftBox","animator:HallowedScabbard","Replay:Bottled Steam","Eternal Feather","Painkiller Herb"],"acts_visited":["Exordium","TheCity"],"potions_floor_usage":[13,16,16,19,22],"damage_taken":[{"damage":7,"enemies":"Small Slimes","floor":1,"turns":4},{"damage":5,"enemies":"2 Louse","floor":4,"turns":3},{"damage":6,"enemies":"Cultist","floor":5,"turns":4},{"damage":16,"enemies":"3 Sentries","floor":7,"turns":10},{"damage":10,"enemies":"Lagavulin","floor":10,"turns":8},{"damage":30,"enemies":"Gremlin Nob","floor":12,"turns":5},{"damage":5,"enemies":"Gremlin Gang","floor":13,"turns":3},{"damage":17,"enemies":"Lagavulin","floor":14,"turns":7},{"damage":0,"enemies":"Fading Forest","floor":16,"turns":11},{"damage":18,"enemies":"Chosen","floor":18,"turns":4},{"damage":24,"enemies":"3 Byrds","floor":19,"turns":4},{"damage":3,"enemies":"Sentry and Sphere","floor":20,"turns":3},{"damage":28,"enemies":"Snecko","floor":21,"turns":4},{"damage":9,"enemies":"conspire:HollyBat","floor":22,"turns":4}],"seed_played":"-17093179053390359","potions_obtained":[{"floor":1,"key":"FearPotion"},{"floor":4,"key":"blueLaboratory:RememoryPotion"},{"floor":10,"key":"Explosive Potion"},{"floor":12,"key":"blueLaboratory:ImpenetrablePotion"},{"floor":13,"key":"blueLaboratory:EnragingPotion"},{"floor":18,"key":"blueLaboratory:BottleOfVodka"},{"floor":20,"key":"LiquidBronze"},{"floor":21,"key":"blueLaboratory:LouseDecoction"}],"is_trial":false,"path_per_floor":["M","?","?","M","M","R","E","R","T","E","R","E","M","E","R","B",null,"?","?","?","?","?"],"character_chosen":"THE_ANIMATOR","items_purchased":[],"campfire_rested":3,"item_purchase_floors":[],"current_hp_per_floor":[59,59,64,59,53,53,37,56,56,46,65,42,37,25,57,57,67,49,29,26,2,0,0],"gold":491,"neow_bonus":"RANDOM_COLORLESS","is_daily":false,"chose_seed":false,"campfire_upgraded":0,"win_rate":0.0,"timestamp":1608319674,"path_taken":["M","?","?","?","M","R","E","R","T","E","R","E","?","E","R","BOSS","?","?","?","?","?"],"items_purchased_type":[],"build_version":"2020-12-13","purchased_purges":0,"victory":false,"max_hp_per_floor":[66,66,66,66,66,66,66,66,66,66,66,66,66,67,67,67,67,67,67,67,67,67,67],"relic_stats":{"counters":[14,74],"Eternal Feather":12,"obtain_stats":[{"conspire:GiftBox":7,"animator:PurgingStone":0,"animator:TheMissingPiece":0,"Eternal Feather":14,"Painkiller Herb":17,"animator:LivingPicture":0,"animator:HallowedScabbard":10,"Replay:Bottled Steam":12},{"conspire:GiftBox":4,"animator:PurgingStone":0,"animator:TheMissingPiece":0,"Eternal Feather":8,"Painkiller Herb":9,"animator:LivingPicture":0,"animator:HallowedScabbard":5,"Replay:Bottled Steam":6},{"conspire:GiftBox":21,"animator:PurgingStone":0,"animator:TheMissingPiece":0,"Eternal Feather":44,"Painkiller Herb":55,"animator:LivingPicture":0,"animator:HallowedScabbard":29,"Replay:Bottled Steam":34}]},"card_choices":[{"not_picked":["animator:MisaKurobane","animator:NononJakuzure"],"picked":"animator:IchigoKurosaki","floor":0},{"not_picked":["animator:Sloth","animator:Viivi"],"picked":"animator:Shichika","floor":1},{"not_picked":["animator:Bozes","animator:Yoichi"],"picked":"animator:Emonzaemon","floor":4},{"not_picked":["animator:Laby","animator:YunYun"],"picked":"animator:ElricEdward","floor":5},{"not_picked":["animator:SwordMaiden","animator:AcuraShin"],"picked":"animator:Envy","floor":7},{"not_picked":["animator:ElricEdward","animator:MaesHughes"],"picked":"animator:ElricAlphonse","floor":7},{"not_picked":["animator:ElricEdward","animator:YaoHaDucy"],"picked":"animator:Tyuule","floor":10},{"not_picked":["animator:RinTohsaka","animator:Ain"],"picked":"animator:Tatsumaki","floor":12},{"not_picked":["animator:Assassin","animator:Benimaru"],"picked":"animator:NarberalGamma","floor":13},{"not_picked":["animator:MumenRider","animator:Tatsumaki"],"picked":"animator:Melzalgald","floor":14},{"not_picked":["animator:Rimuru","animator:GoblinSlayer"],"picked":"animator:Albedo","floor":16},{"not_picked":["animator:Entoma","animator:ElricAlphonse"],"picked":"animator:DolaSchwi","floor":18},{"not_picked":["animator:Kuribayashi","animator:Sloth"],"picked":"animator:Aisha","floor":19},{"not_picked":["animator:KyokoSakura","animator:SilverFang"],"picked":"animator:Lancer","floor":20},{"not_picked":["animator:MumenRider","animator:SilverFang"],"picked":"animator:Tatsumaki","floor":21}],"player_experience":102527,"relics_obtained":[{"floor":7,"key":"conspire:GiftBox"},{"floor":10,"key":"animator:HallowedScabbard"},{"floor":12,"key":"Replay:Bottled Steam"},{"floor":14,"key":"Eternal Feather"}],"event_choices":[{"damage_healed":59,"gold_gain":0,"player_choice":"Embrace Burn","damage_taken":0,"max_hp_gain":0,"max_hp_loss":66,"event_name":"betterThird:BetterShining","floor":2,"gold_loss":0},{"cards_removed":["Burn"],"damage_healed":5,"gold_gain":0,"player_choice":"Offered Common","damage_taken":0,"max_hp_gain":0,"max_hp_loss":0,"event_name":"Bonfire Elementals","floor":3,"gold_loss":0},{"cards_removed":["Burn"],"damage_healed":5,"gold_gain":0,"player_choice":"Offered Special","damage_taken":0,"max_hp_gain":0,"max_hp_loss":0,"event_name":"Bonfire Elementals","floor":3,"gold_loss":0}],"is_beta":false,"boss_relics":[{"not_picked":["Coffee Dripper","SacredBark"],"picked":"Painkiller Herb"}],"items_purged_floors":[],"is_endless":false,"potions_floor_spawned":[1,4,10,12,13,18,20,21],"killed_by":"conspire:HollyBat","ascension_level":2}}