{"host":"ryuep8ewa00k39z9","time":1608335282,"event":{"mods":["AchievementEnabler","BaseMod","Best Route Mod","Colored Map","Colored Powertips","Displayed Cursed Tome","Highlight Path","Minty Spire (QoL Compilation)","Quick Restart","SuperFastMode"],"gold_per_floor":[113,131,54,1,1,31,31,44,70,85,112,112,112,139,139,211,211,224,244,2,16,32,66,66,66,66,66,100,120,140,240,240,240,240],"floor_reached":33,"playtime":16418,"items_purged":["Strike_R"],"score":703,"play_id":"0cd4565f-4eee-4123-9614-641aa63a7385","local_time":"20201218174802","is_ascension_mode":true,"campfire_choices":[{"data":"Blood for Blood","floor":7.0,"key":"SMITH"},{"data":"Whirlwind","floor":12.0,"key":"SMITH"},{"data":"Uppercut","floor":15.0,"key":"SMITH"},{"floor":25.0,"key":"REST"},{"floor":27.0,"key":"REST"},{"data":"Inflame","floor":32.0,"key":"SMITH"}],"circlet_count":0,"master_deck":["AscendersBane","Strike_R","Strike_R","Strike_R","Strike_R","Defend_R","Defend_R","Defend_R","Defend_R","Bash","Blood for Blood+1","Rage","Uppercut+1","Rage","Twin Strike","Whirlwind+1","Impervious","Reaper","Inflame+1","Bludgeon","Shockwave","Blood for Blood+1","Power Through","Dual Wield","Flame Barrier+1"],"relics":["Burning Blood","NeowsBlessing","Happy Flower","Ginger","Akabeko","Blue Candle","Kunai","Bag of Preparation","Runic Pyramid","OrangePellets","Pantograph","Prayer Wheel","Magic Flower","Toxic Egg 2"],"acts_visited":["Exordium","TheCity"],"potions_floor_usage":[33],"damage_taken":[{"damage":0.0,"enemies":"Cultist","floor":1.0,"turns":1.0},{"damage":0.0,"enemies":"Jaw Worm","floor":2.0,"turns":1.0},{"damage":0.0,"enemies":"Lagavulin","floor":6.0,"turns":1.0},{"damage":7.0,"enemies":"2 Louse","floor":8.0,"turns":2.0},{"damage":12.0,"enemies":"Exordium Wildlife","floor":10.0,"turns":3.0},{"damage":0.0,"enemies":"Gremlin Nob","floor":11.0,"turns":2.0},{"damage":0.0,"enemies":"3 Sentries","floor":14.0,"turns":1.0},{"damage":57.0,"enemies":"Hexaghost","floor":16.0,"turns":9.0},{"damage":8.0,"enemies":"3 Byrds","floor":18.0,"turns":4.0},{"damage":11.0,"enemies":"2 Thieves","floor":19.0,"turns":2.0},{"damage":26.0,"enemies":"Cultist and Chosen","floor":21.0,"turns":7.0},{"damage":30.0,"enemies":"Snake Plant","floor":22.0,"turns":3.0},{"damage":52.0,"enemies":"Book of Stabbing","floor":23.0,"turns":7.0},{"damage":26.0,"enemies":"Gremlin Leader","floor":28.0,"turns":5.0},{"damage":12.0,"enemies":"Sentry and Sphere","floor":29.0,"turns":6.0},{"damage":11.0,"enemies":"Centurion and Healer","floor":30.0,"turns":5.0},{"damage":13.0,"enemies":"Colosseum Slavers","floor":31.0,"turns":2.0},{"damage":17.0,"enemies":"Colosseum Nobs","floor":31.0,"turns":4.0},{"damage":109,"enemies":"Champ","floor":33,"turns":8}],"seed_played":"3308923274916626420","potions_obtained":[{"floor":2.0,"key":"PowerPotion"},{"floor":6.0,"key":"AttackPotion"},{"floor":16.0,"key":"LiquidMemories"},{"floor":21.0,"key":"BlessingOfTheForge"},{"floor":28.0,"key":"EssenceOfSteel"},{"floor":31.0,"key":"CultistPotion"}],"is_trial":false,"path_per_floor":["M","M","$","?","$","E","R","M","T","M","E","R","T","E","R","B",null,"M","M","$","M","M","E","?","R","T","R","E","M","M","?","R","B"],"character_chosen":"IRONCLAD","items_purchased":["Uppercut","OrangePellets"],"campfire_rested":2,"item_purchase_floors":[3,20],"current_hp_per_floor":[74,75,75,75,75,75,75,74,74,68,74,74,74,75,75,24,62,70,65,65,54,45,8,8,30,30,52,53,55,56,44,44,0,0],"gold":240,"neow_bonus":"THREE_ENEMY_KILL","is_daily":false,"chose_seed":false,"campfire_upgraded":4,"win_rate":0.0,"timestamp":1608335282,"path_taken":["M","M","$","?","$","E","R","M","T","?","E","R","?","E","R","BOSS","M","M","$","M","M","E","?","R","T","R","E","M","?","?","R","BOSS"],"items_purchased_type":["Card","Relic"],"build_version":"2020-12-13","purchased_purges":1,"victory":false,"max_hp_per_floor":[75,75,75,75,75,75,75,75,75,75,75,75,75,75,75,75,75,75,75,75,75,75,75,75,75,75,75,75,75,75,75,75,75,75],"card_choices":[{"not_picked":["Perfected Strike","Warcry"],"picked":"Blood for Blood","floor":1.0},{"not_picked":["Iron Wave","True Grit"],"picked":"Rage","floor":2.0},{"not_picked":["Havoc","Clothesline"],"picked":"Rage","floor":6.0},{"not_picked":["Perfected Strike","Infernal Blade"],"picked":"Twin Strike","floor":8.0},{"not_picked":["Clothesline","Offering","Pommel Strike"],"picked":"SKIP","floor":10.0},{"not_picked":["Iron Wave","Heavy Blade"],"picked":"Whirlwind","floor":11.0},{"not_picked":["Sword Boomerang","Anger"],"picked":"Impervious","floor":14.0},{"not_picked":["Exhume","Impervious"],"picked":"Reaper","floor":16.0},{"not_picked":["Anger","Cleave"],"picked":"Inflame","floor":18.0},{"not_picked":["Sword Boomerang+1","Anger"],"picked":"Bludgeon","floor":19.0},{"not_picked":["Clash","True Grit"],"picked":"Shockwave","floor":21.0},{"not_picked":["Anger","Thunderclap","Body Slam"],"picked":"SKIP","floor":22.0},{"not_picked":["Feel No Pain","Warcry","Whirlwind"],"picked":"SKIP","floor":23.0},{"not_picked":["Feel No Pain","Burning Pact","Hemokinesis"],"picked":"SKIP","floor":28.0},{"not_picked":["Seeing Red+1","Clothesline"],"picked":"Power Through","floor":29.0},{"not_picked":["Thunderclap","Twin Strike","Heavy Blade"],"picked":"SKIP","floor":29.0},{"not_picked":["Wild Strike","Whirlwind"],"picked":"Dual Wield","floor":30.0},{"not_picked":["Warcry","Thunderclap","Pommel Strike"],"picked":"SKIP","floor":30.0},{"not_picked":["Juggernaut","Warcry+1"],"picked":"Flame Barrier+1","floor":31.0}],"player_experience":3263047,"relics_obtained":[{"floor":6.0,"key":"Ginger"},{"floor":9.0,"key":"Akabeko"},{"floor":11.0,"key":"Blue Candle"},{"floor":13.0,"key":"Kunai"},{"floor":14.0,"key":"Bag of Preparation"},{"floor":23.0,"key":"Pantograph"},{"floor":28.0,"key":"Prayer Wheel"},{"floor":31.0,"key":"Magic Flower"},{"floor":31.0,"key":"Toxic Egg 2"}],"event_choices":[{"damage_healed":0.0,"max_hp_gain":0.0,"max_hp_loss":0.0,"gold_gain":0.0,"event_name":"WeMeetAgain","player_choice":"Paid Gold","floor":4.0,"gold_loss":53.0,"damage_taken":0.0,"relics_obtained":["Happy Flower"]},{"damage_healed":0.0,"max_hp_gain":0.0,"max_hp_loss":0.0,"gold_gain":0.0,"event_name":"Duplicator","player_choice":"Copied","floor":24.0,"gold_loss":0.0,"damage_taken":0.0,"cards_obtained":["Blood for Blood"]},{"damage_healed":0.0,"max_hp_gain":0.0,"max_hp_loss":0.0,"gold_gain":0.0,"event_name":"Colosseum","player_choice":"Fight","floor":31.0,"gold_loss":0.0,"damage_taken":0.0},{"damage_healed":0.0,"max_hp_gain":0.0,"max_hp_loss":0.0,"gold_gain":0.0,"event_name":"Colosseum","player_choice":"Fought Nobs","floor":31.0,"gold_loss":0.0,"damage_taken":0.0}],"is_beta":false,"boss_relics":[{"not_picked":["Tiny House","SlaversCollar"],"picked":"Runic Pyramid"}],"items_purged_floors":[20],"is_endless":false,"potions_floor_spawned":[2,6,16,21,28,31,31],"killed_by":"Champ","ascension_level":17}}