{"host":"z26j60ycepuqi9th","time":1608297756,"event":{"mods":["Act Like it!","BaseMod","CapriCore","Card Filter","Card Forge","DeckTracker","Dota2Spire","Friendly Minions","Highlight Path","Mari Mod (Legacy)","Mari\u0027s V1 Patch","Minty Spire (QoL Compilation)","MostiFishMod","Permanent Neow","Quick Restart","Relic Stats","Robot Space Explorer","Shop Mod","Spicy Shops","StSLib","SuperFastMode","TestMod","The Alterego","The Dragon Tamer","TheWitcher","[地精首领爬塔]The Maniac","【遗物卡牌】REMEMod","篝火指南"],"gold_per_floor":[112,127,139,157,169,169,169],"floor_reached":6,"playtime":228,"items_purged":[],"score":62,"play_id":"d67bf090-ecc9-4394-951d-694240b18f8e","local_time":"20201218212236","is_ascension_mode":true,"campfire_choices":[],"circlet_count":0,"master_deck":["AscendersBane","Strike_R","Strike_R","Strike_R","Strike_R","Strike_R","Defend_R","Defend_R","Defend_R","Defend_R","Bash","testmod-LimitFlipper","maniac:FanTheHammer","Feel No Pain"],"relics":["Burning Blood","Hammer of Thor","Seething Fire","Anvil of the Gods","DaveBox","testmod-TestBox","REME_ComplimentaryCards","testmod-Prudence","HaiYi:Twilight","Question Card"],"acts_visited":["Exordium"],"potions_floor_usage":[6],"damage_taken":[{"damage":1,"enemies":"Cultist","floor":1,"turns":3},{"damage":10,"enemies":"Small Slimes","floor":2,"turns":4},{"damage":11,"enemies":"2 Louse","floor":3,"turns":3},{"damage":17,"enemies":"Red Slaver","floor":4,"turns":4},{"damage":6,"enemies":"2 Fungi Beasts","floor":5,"turns":3},{"damage":60,"enemies":"Lagavulin","floor":6,"turns":6}],"seed_played":"-659885546311085249","potions_obtained":[{"floor":2,"key":"Weak Potion"}],"is_trial":false,"path_per_floor":["M","M","M","M","M","E"],"character_chosen":"IRONCLAD","items_purchased":[],"campfire_rested":0,"item_purchase_floors":[],"current_hp_per_floor":[77,73,68,57,57,0,0],"gold":169,"neow_bonus":"RANDOM_COLORLESS","is_daily":false,"chose_seed":false,"campfire_upgraded":0,"win_rate":0.0,"timestamp":1608297756,"path_taken":["M","?","M","M","M","E"],"items_purchased_type":[],"build_version":"2020-12-13","purchased_purges":0,"victory":false,"max_hp_per_floor":[80,80,80,80,80,80,80],"relic_stats":{"counters":[6,23],"Question Card":4,"obtain_stats":[{"testmod-TestBox":0,"testmod-Prudence":0,"DaveBox":0,"HaiYi:Twilight":0,"Anvil of the Gods":0,"Hammer of Thor":0,"Seething Fire":0,"Question Card":1,"Burning Blood":0,"REME_ComplimentaryCards":0},{"testmod-TestBox":0,"testmod-Prudence":0,"DaveBox":0,"HaiYi:Twilight":0,"Anvil of the Gods":0,"Hammer of Thor":0,"Seething Fire":0,"Question Card":1,"Burning Blood":0,"REME_ComplimentaryCards":0},{"testmod-TestBox":0,"testmod-Prudence":0,"DaveBox":0,"HaiYi:Twilight":0,"Anvil of the Gods":0,"Hammer of Thor":0,"Seething Fire":0,"Question Card":3,"Burning Blood":0,"REME_ComplimentaryCards":0}],"Burning Blood":30},"card_choices":[{"not_picked":["testmod-SubstituteBySubterfuge","Swift Strike"],"picked":"testmod-LimitFlipper","floor":0},{"not_picked":["Heavy Blade","Cleave","Shrug It Off"],"picked":"SKIP","floor":1},{"not_picked":["Wild Strike","Thunderclap","Whirlwind"],"picked":"Feel No Pain","floor":2},{"not_picked":["MostiFishMod:BrandingRite","Clash","Shrug It Off","Iron Wave"],"picked":"SKIP","floor":3},{"not_picked":["Warcry","REME_SingleHolding","Iron Wave","Heavy Blade"],"picked":"SKIP","floor":4},{"not_picked":["Anger","Spot Weakness","Cleave","Wild Strike"],"picked":"SKIP","floor":5}],"player_experience":117911,"relics_obtained":[{"floor":1,"key":"Question Card"}],"event_choices":[],"is_beta":false,"boss_relics":[],"items_purged_floors":[],"is_endless":false,"potions_floor_spawned":[2],"killed_by":"Lagavulin","ascension_level":11}}