{"host":"zzf13dk0jcen0ncv","time":1608282897,"event":{"mods":["AchievementEnabler","BaseMod","BetterRewards","Colored Map","Keyboard Shortcuts","Minty Spire (QoL Compilation)","Quick Restart","Shop Mod","StSLib","SuperFastMode","Waifu the Spire"],"gold_per_floor":[113,131,181,197,208,208,226,245,245,245,245],"floor_reached":10,"playtime":136,"items_purged":[],"score":124,"play_id":"76aaeecc-6e2d-425a-a1fc-390eb1ea9d13","local_time":"20201218181457","is_ascension_mode":true,"campfire_choices":[{"data":"Immolate","floor":6,"key":"SMITH"}],"circlet_count":0,"master_deck":["AscendersBane","Strike_R","Strike_R","Strike_R","Strike_R","Strike_R","Defend_R","Defend_R","Defend_R","Defend_R","Bash","Immolate+1","Pommel Strike","Perfected Strike","Flex","Wild Strike"],"relics":["Burning Blood","Bird Faced Urn"],"acts_visited":["Exordium"],"potions_floor_usage":[10],"damage_taken":[{"damage":8,"enemies":"2 Louse","floor":1,"turns":2},{"damage":1,"enemies":"Cultist","floor":2,"turns":3},{"damage":0,"enemies":"Small Slimes","floor":4,"turns":3},{"damage":43,"enemies":"Exordium Thugs","floor":5,"turns":5},{"damage":6,"enemies":"Looter","floor":7,"turns":2},{"damage":16,"enemies":"Large Slime","floor":8,"turns":5},{"damage":44,"enemies":"Lagavulin","floor":10,"turns":3}],"seed_played":"-2585433875062815445","potions_obtained":[{"floor":2,"key":"Weak Potion"},{"floor":5,"key":"Fruit Juice"}],"is_trial":false,"path_per_floor":["M","M","?","M","M","R","M","M","T","E"],"character_chosen":"IRONCLAD","items_purchased":[],"campfire_rested":0,"item_purchase_floors":[],"current_hp_per_floor":[66,71,71,75,38,38,38,28,28,0,0],"gold":245,"neow_bonus":"ONE_RANDOM_RARE_CARD","is_daily":false,"chose_seed":false,"campfire_upgraded":1,"win_rate":0.0,"timestamp":1608282897,"path_taken":["M","M","?","M","M","R","M","?","T","E"],"items_purchased_type":[],"build_version":"2020-12-13","purchased_purges":0,"victory":false,"max_hp_per_floor":[75,75,75,75,75,75,75,75,75,80,80],"card_choices":[{"not_picked":["Clothesline","Anger"],"picked":"Pommel Strike","floor":1},{"not_picked":["True Grit","Heavy Blade","Warcry"],"picked":"SKIP","floor":2},{"not_picked":["Searing Blow","Warcry"],"picked":"Perfected Strike","floor":4},{"not_picked":["Iron Wave","Body Slam","Metallicize"],"picked":"SKIP","floor":5},{"not_picked":["Bloodletting","Perfected Strike"],"picked":"Flex","floor":7},{"not_picked":["Anger","Warcry"],"picked":"Wild Strike","floor":8}],"player_experience":900575,"relics_obtained":[{"floor":9,"key":"Bird Faced Urn"}],"event_choices":[{"damage_healed":0,"gold_gain":50,"player_choice":"Pray","damage_taken":0,"max_hp_gain":0,"max_hp_loss":0,"event_name":"Golden Shrine","floor":3,"gold_loss":0}],"is_beta":false,"boss_relics":[],"items_purged_floors":[],"is_endless":false,"potions_floor_spawned":[2,5],"killed_by":"Lagavulin","ascension_level":20}}