{"host":"2b0fqapnd02ydmuo","time":1608326283,"event":{"mods":["AchievementEnabler","Aspiration","BaseMod","Better Altar","Better Match","Better Note","Better Sensory Stone","Better Skull","Better Third Choice","BetterRewards","CCEM","Clawfect","Colored Map","Conspire","GifTheSpireLib","Googly Eyes","Halation","Highlight Path","Hubris","Infinite Spire","Jedi Mod","Jorbs\u0027s Wanderer Trilogy","Marisa????????","Mimic Mod","Minty Spire (QoL Compilation)","Permanent Neow","Replay The Spire","Shade Mod","Shop Mod","Spicy Shops","StSLib","Stuff the Spire","The Blackbeard","The Bug Knight","The Elementalist","The Jungle","Unceasing Turn Reminder","everything is the same but u backflip on backflip","slay the spire mod where everything is the same but ironclad has a cowboy hat"],"gold_per_floor":[217,142,157,177,177,177,195,226,226,264,123,194,253,320,320,461,461,514,520,240,295,355,355,395,395,395],"floor_reached":24,"playtime":1582,"items_purged":["blackbeard:BlackbeardStrike"],"score":212,"play_id":"9b95c539-a52e-4a61-b4f5-c783db60c89e","local_time":"20201218221803","is_ascension_mode":false,"campfire_choices":[{"data":"blackbeard:CatONineTails","floor":6,"key":"SMITH"},{"floor":15,"key":"REST"},{"floor":23,"key":"REST"}],"circlet_count":0,"master_deck":["blackbeard:BlackbeardStrike","blackbeard:BlackbeardStrike","blackbeard:BlackbeardStrike","blackbeard:IntimidatingStrike","blackbeard:BlackbeardDefend","blackbeard:BlackbeardDefend","blackbeard:BlackbeardDefend","blackbeard:BlackbeardDefend","blackbeard:Cutlass","blackbeard:Dagger","blackbeard:Rum+1","blackbeard:CatONineTails+1","blackbeard:Sword","blackbeard:Bandana","blackbeard:BuriedTreasure","blackbeard:RearmingStrike","blackbeard:Spear","blackbeard:Salvager","blackbeard:Spear+1","blackbeard:GoldenStrike"],"relics":["blackbeard:LoadTheCannons","Replay:Towering Pillar of Hats","Art of War","Eternal Feather","aspiration:FutureDiary","ReplayTheSpireMod:Ninjato"],"acts_visited":["Exordium","TheCity"],"potions_floor_usage":[13,14,22,24],"damage_taken":[{"damage":0,"enemies":"Small Slimes","floor":1,"turns":2},{"damage":0,"enemies":"Cultist","floor":3,"turns":3},{"damage":0,"enemies":"infinitespire:Voidling","floor":4,"turns":3},{"damage":14,"enemies":"Exordium Wildlife","floor":7,"turns":5},{"damage":12,"enemies":"conspire:2 RoseBushes","floor":8,"turns":4},{"damage":2,"enemies":"Blue Slaver","floor":10,"turns":5},{"damage":22,"enemies":"3 Sentries","floor":12,"turns":6},{"damage":0,"enemies":"Gremlin Gang","floor":13,"turns":6},{"damage":12,"enemies":"HollowMod:MossKnight","floor":14,"turns":7},{"damage":37,"enemies":"Hexaghost","floor":16,"turns":11},{"damage":1,"enemies":"conspire:FuzzyDice","floor":18,"turns":6},{"damage":41,"enemies":"2 Thieves","floor":19,"turns":5},{"damage":12,"enemies":"Chosen and Byrds","floor":21,"turns":6},{"damage":17,"enemies":"Centurion and Healer","floor":22,"turns":7},{"damage":40,"enemies":"3 Cultists","floor":24,"turns":6}],"seed_played":"-8775513208599576328","potions_obtained":[{"floor":1,"key":"SpeedPotion"},{"floor":8,"key":"jedi:StrikingPotion"},{"floor":10,"key":"LifebloodPotion"},{"floor":19,"key":"PowerPotion"}],"is_trial":false,"path_per_floor":["M","?","M","M","?","R","M","M","T","M","$","E","M","E","R","B",null,"M","M","$","M","M","R","M"],"character_chosen":"BLACKBEARD_CLASS","items_purchased":["blackbeard:RearmingStrike","blackbeard:GoldenStrike","ReplayTheSpireMod:Ninjato"],"campfire_rested":2,"item_purchase_floors":[11,20,20],"current_hp_per_floor":[75,75,75,75,75,75,61,49,49,47,47,25,25,13,44,7,75,74,33,33,21,4,38,0,0,0],"gold":395,"neow_bonus":"HUNDRED_GOLD","is_daily":false,"chose_seed":false,"campfire_upgraded":1,"win_rate":0.0,"timestamp":1608326283,"path_taken":["M","?","M","M","?","R","M","?","T","M","$","E","M","E","R","BOSS","M","M","$","M","M","R","M"],"items_purchased_type":["Card","Card","Relic"],"build_version":"2020-12-13","purchased_purges":1,"victory":false,"max_hp_per_floor":[75,75,75,75,75,75,75,75,75,75,75,75,75,75,75,75,75,75,75,75,75,75,75,75,75,75],"card_choices":[{"not_picked":["blackbeard:PiratesWill","blackbeard:SwordDance"],"picked":"blackbeard:Dagger","floor":1},{"not_picked":["blackbeard:DangerousBlow","blackbeard:JollyRoger"],"picked":"blackbeard:Rum","floor":2},{"not_picked":["blackbeard:Bandana","blackbeard:PirateHook"],"picked":"blackbeard:CatONineTails","floor":2},{"not_picked":["blackbeard:Bandana","blackbeard:GoldenDefense","blackbeard:CatONineTails"],"picked":"SKIP","floor":3},{"not_picked":["blackbeard:Boarding","blackbeard:Shrapnel"],"picked":"blackbeard:Sword","floor":4},{"not_picked":["blackbeard:JollyRoger","blackbeard:ChaoticDefense"],"picked":"blackbeard:Bandana","floor":7},{"not_picked":["blackbeard:GoldenStrike","blackbeard:Toast","blackbeard:CannonBarrage"],"picked":"SKIP","floor":8},{"not_picked":["blackbeard:DeadlyArsenal","blackbeard:BeatUp"],"picked":"blackbeard:BuriedTreasure","floor":10},{"not_picked":["blackbeard:BountyHunter","blackbeard:Toast","blackbeard:Spear"],"picked":"SKIP","floor":12},{"not_picked":["blackbeard:Spear","blackbeard:PirateEarring","blackbeard:Dagger"],"picked":"SKIP","floor":13},{"not_picked":["blackbeard:PiratesWill","blackbeard:SwordDance"],"picked":"blackbeard:Spear","floor":14},{"not_picked":["blackbeard:GoldenGuillotine","blackbeard:Parrot"],"picked":"blackbeard:Salvager","floor":16},{"not_picked":["blackbeard:GoldenDefense","blackbeard:FieryDefense","blackbeard:BlindAttacks"],"picked":"SKIP","floor":18},{"not_picked":["blackbeard:WiseDefense","blackbeard:Sharpening"],"picked":"blackbeard:Spear+1","floor":19},{"not_picked":["blackbeard:GoldenDefense+1","blackbeard:Dagger","blackbeard:FieryDefense"],"picked":"SKIP","floor":21},{"not_picked":["blackbeard:DeadlyArsenal","blackbeard:WiseDefense+1","blackbeard:Boarding"],"picked":"SKIP","floor":22}],"player_experience":60941,"relics_obtained":[{"floor":9,"key":"Replay:Towering Pillar of Hats"},{"floor":12,"key":"Art of War"},{"floor":14,"key":"Eternal Feather"}],"event_choices":[{"damage_healed":0,"gold_gain":0,"player_choice":"1","damage_taken":0,"max_hp_gain":0,"max_hp_loss":0,"event_name":"betterMatch:BetterMatch","floor":2,"gold_loss":0,"cards_obtained":["betterMatch:UncommonCard","betterMatch:UncommonCard"]},{"damage_healed":0,"gold_gain":0,"player_choice":"Forge","damage_taken":0,"max_hp_gain":0,"max_hp_loss":0,"event_name":"Accursed Blacksmith","floor":5,"gold_loss":0,"cards_upgraded":["blackbeard:Rum"]}],"is_beta":false,"boss_relics":[{"not_picked":["Empty Cage","Velvet Choker"],"picked":"aspiration:FutureDiary"}],"items_purged_floors":[11],"is_endless":false,"potions_floor_spawned":[1,8,10,12,19],"killed_by":"3 Cultists","ascension_level":0}}