{"host":"q87smtchbkq9l0at","time":1608291876,"event":{"mods":["BaseMod","Colored Map","Colored Powertips","Minty Spire (QoL Compilation)","Quick Restart","StSLib","SuperFastMode"],"gold_per_floor":[111,128,203,54,65,96,96,96,119,119,135,152,167,167,167,167,167],"floor_reached":16,"playtime":499,"items_purged":["Strike_R"],"score":107,"play_id":"dc517420-f568-46de-9a91-279fdc2b83ac","local_time":"20201218194436","is_ascension_mode":true,"campfire_choices":[{"data":"Body Slam","floor":7,"key":"SMITH"},{"data":"Dual Wield","floor":10,"key":"SMITH"},{"floor":15,"key":"REST"}],"circlet_count":0,"master_deck":["Strike_R","Strike_R","Strike_R","Defend_R","Defend_R","Defend_R","Defend_R+1","Bash","Seeing Red","Body Slam+1","Warcry","Dual Wield+1","Shrug It Off","Power Through+1"],"relics":["Burning Blood","NeowsBlessing","Oddly Smooth Stone","Bronze Scales"],"acts_visited":["Exordium"],"potions_floor_usage":[6,6,16,16,16],"damage_taken":[{"damage":0,"enemies":"Cultist","floor":1,"turns":1},{"damage":0,"enemies":"Small Slimes","floor":2,"turns":1},{"damage":0,"enemies":"Jaw Worm","floor":5,"turns":1},{"damage":37,"enemies":"Lagavulin","floor":6,"turns":8},{"damage":8,"enemies":"Large Slime","floor":11,"turns":6},{"damage":1,"enemies":"Red Slaver","floor":12,"turns":2},{"damage":0,"enemies":"2 Fungi Beasts","floor":13,"turns":3},{"damage":62,"enemies":"Slime Boss","floor":16,"turns":14}],"seed_played":"-7612500550008748995","potions_obtained":[{"floor":2,"key":"SteroidPotion"},{"floor":5,"key":"FearPotion"},{"floor":6,"key":"Explosive Potion"},{"floor":12,"key":"Ancient Potion"}],"is_trial":false,"path_per_floor":["M","M","?","$","M","E","R","?","T","R","M","M","M","?","R","B"],"character_chosen":"IRONCLAD","items_purchased":["Warcry","Block Potion"],"campfire_rested":1,"item_purchase_floors":[4,4],"current_hp_per_floor":[80,80,69,69,75,44,44,44,44,44,42,47,53,37,61,0,0],"gold":167,"neow_bonus":"THREE_ENEMY_KILL","is_daily":false,"chose_seed":false,"campfire_upgraded":2,"win_rate":0.0,"timestamp":1608291876,"path_taken":["M","?","?","$","M","E","R","?","T","R","?","M","M","?","R","BOSS"],"items_purchased_type":["Card","Potion"],"build_version":"2020-12-13","purchased_purges":1,"victory":false,"max_hp_per_floor":[80,80,80,80,80,80,80,80,80,80,80,80,80,80,80,80,80],"card_choices":[{"not_picked":["Heavy Blade","Clash"],"picked":"Seeing Red","floor":1},{"not_picked":["Thunderclap","Wild Strike"],"picked":"Body Slam","floor":2},{"not_picked":["Sword Boomerang","Headbutt","Blood for Blood"],"picked":"SKIP","floor":5},{"not_picked":["Shrug It Off","Searing Blow"],"picked":"Dual Wield","floor":6},{"not_picked":["Disarm","Dark Embrace"],"picked":"Shrug It Off","floor":11},{"not_picked":["Carnage","Fiend Fire"],"picked":"Power Through","floor":12},{"not_picked":["Clash","Perfected Strike","Searing Blow"],"picked":"SKIP","floor":13}],"player_experience":38444,"relics_obtained":[{"floor":6,"key":"Oddly Smooth Stone"},{"floor":9,"key":"Bronze Scales"}],"event_choices":[{"damage_healed":0,"gold_gain":75,"player_choice":"Gather Gold","damage_taken":11,"max_hp_gain":0,"max_hp_loss":0,"event_name":"World of Goop","floor":3,"gold_loss":0},{"cards_removed":["Strike_R"],"damage_healed":0,"gold_gain":0,"player_choice":"Purged","damage_taken":0,"max_hp_gain":0,"max_hp_loss":0,"event_name":"Purifier","floor":8,"gold_loss":0},{"damage_healed":0,"gold_gain":0,"player_choice":"Entered Light","damage_taken":16,"max_hp_gain":0,"max_hp_loss":0,"event_name":"Shining Light","floor":14,"gold_loss":0,"cards_upgraded":["Power Through","Defend_R"]}],"is_beta":false,"boss_relics":[],"items_purged_floors":[4],"is_endless":false,"potions_floor_spawned":[2,5,6,12],"killed_by":"Slime Boss","ascension_level":1}}