{"host":"nukjzc0ca34w6eem","time":1608332508,"event":{"mods":["2.2 Compatiblity","AchievementEnabler","BaseMod","Colored Powertips","Downfall","Minty Spire (QoL Compilation)","StSLib"],"gold_per_floor":[99,118,43,59,59,4,56,56,90,15,25,43,60,45,61,156,156,156,174,185,95,95,114,114,127,141,170,170,180,200,15,32,133,133,133,143,143,169,186,186,209,239,259,184,268,287,106,119,130,130,130,160,10,10,10],"floor_reached":56,"playtime":5923,"items_purged":["Guardian:Strike_Guardian","Guardian:Defend_Guardian","Guardian:Defend_Guardian","Guardian:Strike_Guardian"],"score":1613,"play_id":"0b6daa32-f8d7-4315-bbae-9b0cd3e598fb","local_time":"20201218150148","is_ascension_mode":true,"campfire_choices":[{"floor":1.0,"key":"RECALL"},{"data":"Guardian:StasisField","floor":3.0,"key":"SMITH"},{"data":"Guardian:TwinSlam","floor":5.0,"key":"SMITH"},{"data":"Guardian:EvasiveProtocol","floor":8.0,"key":"SMITH"},{"data":"Guardian:Suspension","floor":10.0,"key":"SMITH"},{"data":"Guardian:DonusPower","floor":18.0,"key":"SMITH"},{"data":"Guardian:CurlUp","floor":22.0,"key":"SMITH"},{"data":"Guardian:FloatingOrbs","floor":35.0,"key":"SMITH"},{"data":"Guardian:WalkerClaw","floor":44,"key":"SMITH"},{"data":"Guardian:PrismaticBeam","floor":54,"key":"SMITH"}],"circlet_count":0,"master_deck":["Guardian:Strike_Guardian+1","Guardian:Defend_Guardian","Guardian:Defend_Guardian","Guardian:CurlUp+1","Guardian:TwinSlam+1","Guardian:StasisField+1","Guardian:PiercingHide","Guardian:EvasiveProtocol+1","Guardian:Suspension+1","Guardian:ExploitGems","Guardian:SentryBeam","Guardian:DonusPower+1","Guardian:BaubleBeam+1","Guardian:FloatingOrbs+1","Necronomicurse","Guardian:FierceBash","Guardian:BronzeArmor+1","Guardian:PrismaticBeam","Guardian:WalkerClaw+1","Guardian:AncientConstruct","Conserve Battery","Guardian:SpikerProtocol","Guardian:PrismaticBeam+1"],"relics":["Guardian:ModeShifter","downfall:HeartBlessingRed","Pen Nib","Mango","downfall:HeartBlessingGreen","Coffee Dripper","Mummified Hand","Whetstone","Necronomicon","Black Star","Nunchaku","Art of War","Omamori","Bottled Tornado","downfall:HeartBlessingBlue","PrismaticShard","DollysMirror","Letter Opener","Eternal Feather"],"acts_visited":["Exordium","TheCity","TheBeyond","TheEnding"],"potions_floor_usage":[42,42,42,42,49,50,52],"damage_taken":[{"damage":4.0,"enemies":"Small Slimes","floor":2.0,"turns":3.0},{"damage":0.0,"enemies":"2 Louse","floor":4.0,"turns":2.0},{"damage":0.0,"enemies":"downfall:FleeingMerchant","floor":6.0,"turns":4.0},{"damage":26.0,"enemies":"Lagavulin","floor":9.0,"turns":7.0},{"damage":4.0,"enemies":"Cultist","floor":11.0,"turns":5.0},{"damage":0.0,"enemies":"Large Slime","floor":12.0,"turns":5.0},{"damage":0.0,"enemies":"Lots of Slimes","floor":13.0,"turns":4.0},{"damage":2.0,"enemies":"downfall:FleeingMerchant","floor":14.0,"turns":4.0},{"damage":2.0,"enemies":"3 Louse","floor":15.0,"turns":3.0},{"damage":15.0,"enemies":"downfall:Watcher","floor":16.0,"turns":7.0},{"damage":0.0,"enemies":"Chosen","floor":19.0,"turns":3.0},{"damage":6.0,"enemies":"Shell Parasite","floor":20.0,"turns":4.0},{"damage":0.0,"enemies":"downfall:FleeingMerchant","floor":21.0,"turns":4.0},{"damage":2.0,"enemies":"Snake Plant","floor":23.0,"turns":3.0},{"damage":0.0,"enemies":"Centurion and Healer","floor":25.0,"turns":4.0},{"damage":0.0,"enemies":"Shelled Parasite and Fungi","floor":26.0,"turns":3.0},{"damage":9.0,"enemies":"Book of Stabbing","floor":27.0,"turns":4.0},{"damage":0.0,"enemies":"Sentry and Sphere","floor":29.0,"turns":4.0},{"damage":0.0,"enemies":"Snake Plant","floor":30.0,"turns":4.0},{"damage":0.0,"enemies":"downfall:FleeingMerchant","floor":31.0,"turns":4.0},{"damage":6.0,"enemies":"Centurion and Healer","floor":32.0,"turns":3.0},{"damage":12.0,"enemies":"downfall:Ironclad","floor":33.0,"turns":7.0},{"damage":0.0,"enemies":"3 Shapes","floor":36.0,"turns":4.0},{"damage":0.0,"enemies":"Giant Head","floor":38.0,"turns":2.0},{"damage":0.0,"enemies":"3 Darklings","floor":39.0,"turns":3.0},{"damage":37,"enemies":"Reptomancer","floor":42,"turns":6},{"damage":7,"enemies":"Transient","floor":43,"turns":5},{"damage":0,"enemies":"downfall:FleeingMerchant","floor":45,"turns":3},{"damage":10,"enemies":"Maw","floor":46,"turns":5},{"damage":0,"enemies":"Sphere and 2 Shapes","floor":48,"turns":3},{"damage":2,"enemies":"Spire Growth","floor":49,"turns":3},{"damage":2,"enemies":"downfall:Defect","floor":50,"turns":4},{"damage":22,"enemies":"downfall:CharBossMerchant","floor":52,"turns":6},{"damage":0,"enemies":"downfall:NeowBoss","floor":55,"turns":14}],"seed_played":"-7906687927939077623","potions_obtained":[{"floor":2.0,"key":"BlessingOfTheForge"},{"floor":9.0,"key":"SteroidPotion"},{"floor":12.0,"key":"Energy Potion"},{"floor":15.0,"key":"EntropicBrew"},{"floor":25.0,"key":"GamblersBrew"},{"floor":26.0,"key":"SkillPotion"},{"floor":27.0,"key":"AttackPotion"},{"floor":33.0,"key":"DistilledChaos"},{"floor":39.0,"key":"LiquidMemories"},{"floor":43,"key":"Dexterity Potion"},{"floor":46,"key":"SpeedPotion"},{"floor":48,"key":"PowerPotion"},{"floor":49,"key":"Guardian:DefensiveModePotion"}],"is_trial":false,"path_per_floor":["R","M","R","M","R","$","T","R","E","R","M","M","M","$","M","B",null,"R","M","M","$","R","M","T","M","M","E","?","M","M","$","M","B",null,"R","M","?","E","M","?","T","E","M","R","$","M","$","M","M","B",null,"E","$","R","B",null],"character_chosen":"GUARDIAN","items_purchased":["Guardian:EvasiveProtocol","Guardian:Gem_Blue","PrismaticShard","Guardian:SpikerProtocol","DollysMirror"],"campfire_rested":0,"item_purchase_floors":[6,31,45,47,47],"current_hp_per_floor":[72,68,68,68,68,68,68,68,56,56,52,52,52,50,48,33,73,73,73,67,67,67,65,65,65,65,56,40,40,40,40,34,22,70,70,70,70,70,70,70,70,33,26,36,36,26,26,26,24,22,78,56,56,68,68],"gold":10,"neow_bonus":"THREE_RARE_CARDS","is_daily":false,"chose_seed":false,"campfire_upgraded":9,"win_rate":0.0,"timestamp":1608332508,"path_taken":["R","M","R","M","R","$","T","R","E","R","M","M","M","$","M","BOSS","R","M","M","$","R","M","T","M","M","E","?","M","M","$","M","BOSS","R","M","?","E","M","?","T","E","M","R","$","?","$","M","M","BOSS","E","$","R","BOSS"],"items_purchased_type":["Card","Card","Relic","Card","Relic"],"build_version":"2020-12-13","purchased_purges":4,"victory":true,"max_hp_per_floor":[72,72,72,72,72,72,72,72,86,86,86,86,86,86,86,86,86,86,86,86,86,86,86,86,86,86,86,86,86,86,86,86,86,86,86,86,86,86,86,86,86,86,86,96,96,96,96,96,96,96,96,96,96,96,96],"card_choices":[{"not_picked":["Guardian:RevengeProtocol","Guardian:AncientConstruct"],"picked":"Guardian:StasisField","floor":0.0},{"not_picked":["Guardian:ShieldCharger","Guardian:Incinerate"],"picked":"Guardian:PiercingHide","floor":2.0},{"not_picked":["Guardian:Gem_Green","Guardian:ChargeCore"],"picked":"Guardian:Gem_Red","floor":4.0},{"not_picked":["Guardian:VentSteam","Guardian:PiercingHide"],"picked":"Guardian:Gem_Purple","floor":6.0},{"not_picked":["Guardian:Preprogram","Guardian:Incinerate"],"picked":"Guardian:Suspension","floor":9.0},{"not_picked":["Guardian:DonusPower","Guardian:Gem_Cyan"],"picked":"Guardian:ExploitGems","floor":11.0},{"not_picked":["Guardian:Recover","Guardian:TemporalShield","Guardian:Preprogram"],"picked":"SKIP","floor":12.0},{"not_picked":["Guardian:PrismaticBarrier","Guardian:PrimingBeam","Guardian:Suspension"],"picked":"SKIP","floor":13.0},{"not_picked":["Guardian:TimeBomb","Guardian:Reroute"],"picked":"Guardian:SentryBeam","floor":14.0},{"not_picked":["Guardian:FloatingOrbs","Guardian:VentSteam"],"picked":"Guardian:DonusPower","floor":15.0},{"not_picked":["Guardian:FierceBash","Guardian:FastForward"],"picked":"Guardian:BaubleBeam","floor":16.0},{"not_picked":["Guardian:SpikerProtocol+1","Guardian:Suspension+1"],"picked":"Guardian:Gem_Lightblue","floor":19.0},{"not_picked":["Guardian:Gem_Purple","Guardian:Gem_Green"],"picked":"Guardian:Gem_Red","floor":20.0},{"not_picked":["Guardian:ArmoredProtocol","Guardian:VentSteam"],"picked":"Guardian:Gem_Cyan","floor":21.0},{"not_picked":["Guardian:PiercingHide","Guardian:VentSteam+1"],"picked":"Guardian:Gem_Green","floor":23.0},{"not_picked":["Guardian:VentSteam","Guardian:Reroute"],"picked":"Guardian:Gem_Lightblue","floor":25.0},{"not_picked":["Guardian:TemporalStrike","Guardian:PolyBeam+1"],"picked":"Guardian:FloatingOrbs","floor":26.0},{"not_picked":["Guardian:Clone","Guardian:StasisField","Guardian:ShieldCharger"],"picked":"SKIP","floor":27.0},{"not_picked":["Guardian:Suspension","Guardian:TemporalStrike+1","Guardian:Repulse"],"picked":"SKIP","floor":29.0},{"not_picked":["Guardian:ChargeCore+1","Guardian:CrystalBeam+1"],"picked":"Guardian:Gem_Crimson","floor":30.0},{"not_picked":["Guardian:Gem_Green","Guardian:VentSteam+1"],"picked":"Guardian:Gem_Red","floor":31.0},{"not_picked":["Guardian:Gem_Green","Guardian:TimeSifter","Guardian:Planning"],"picked":"SKIP","floor":32.0},{"not_picked":["Guardian:AncientConstruct","Guardian:ExploitGems"],"picked":"Guardian:FierceBash","floor":33.0},{"not_picked":["Guardian:PiercingHide+1","Guardian:Planning"],"picked":"Guardian:BronzeArmor+1","floor":36.0},{"not_picked":["Guardian:StasisField","Guardian:RollAttack+1"],"picked":"Guardian:PrismaticBeam","floor":38.0},{"not_picked":["Guardian:TemporalShield","Guardian:ShieldCharger+1","Guardian:TimeCapacitor"],"picked":"SKIP","floor":39.0},{"not_picked":["Guardian:Incinerate","Guardian:PrismaticBarrier+1"],"picked":"Guardian:Gem_Red","floor":42},{"not_picked":["Guardian:Gem_Red","Guardian:Gem_Cyan"],"picked":"Guardian:WalkerClaw","floor":43},{"not_picked":["Guardian:TemporalStrike+1","Guardian:CompilePackage"],"picked":"Guardian:AncientConstruct","floor":45},{"not_picked":["Guardian:ChargeCore+1","hexamod:HeatShield+1"],"picked":"Conserve Battery","floor":46},{"not_picked":["hexamod:ChargedBarrage+1","Slimebound:Chomp","Quick Slash+1"],"picked":"SKIP","floor":48},{"not_picked":["Slimebound:LeechingTouch+1","Perfected Strike","Guardian:Planning+1"],"picked":"SKIP","floor":49},{"not_picked":["Slimebound:RallyTheTroops","sneckomod:WideSting","sneckomod:SoulCleanse"],"picked":"SKIP","floor":52}],"player_experience":440600,"relics_obtained":[{"floor":7.0,"key":"Pen Nib"},{"floor":9.0,"key":"Mango"},{"floor":24.0,"key":"Mummified Hand"},{"floor":27.0,"key":"Whetstone"},{"floor":28.0,"key":"Necronomicon"},{"floor":38.0,"key":"Nunchaku"},{"floor":38.0,"key":"Art of War"},{"floor":42,"key":"Omamori"},{"floor":42,"key":"Bottled Tornado"},{"floor":52,"key":"Letter Opener"},{"floor":52,"key":"Eternal Feather"}],"event_choices":[],"is_beta":false,"boss_relics":[{"not_picked":["Cursed Key","Ectoplasm"],"picked":"Coffee Dripper"},{"not_picked":["Runic Pyramid","Philosopher\u0027s Stone"],"picked":"Black Star"}],"items_purged_floors":[21,31,45,53],"is_endless":false,"potions_floor_spawned":[2,9,12,15,25,26,27,29,30,33,39,43,46,48,49],"ascension_level":6}}