{"host":"sst22apzgpn07t8v","time":1608297905,"event":{"mods":["Act Like it!","BaseMod","Downfall","Hallownest","HololiveMod","Lobotomy","LobotomyExtend","Minty Spire (QoL Compilation)","Replay The Spire","Shop Mod","StSLib"],"gold_per_floor":[100,134,134,134,151,164,210,241,241,275,293,293,293,313,323,323,323],"floor_reached":16,"playtime":672,"items_purged":[],"score":126,"play_id":"353e0102-aa5c-4cd1-84b1-d9d074e21cc4","local_time":"20201218212505","is_ascension_mode":true,"campfire_choices":[],"circlet_count":0,"master_deck":["SpecialBullet","SpecialBullet","SpecialBullet","SpecialBullet","SpecialBullet","SpecialBullet","SpecialBullet","SpecialBullet","ExtractionCode","RecordCode","SecurityCode","ShyLook","ScreamingWedge","Scorched","Noise","FourthMatchFlame","WristCuter","OSAHOGD","Lamp","Tough","Mercenary","SomewhereSpear","FourthMatchFlame","Twilight","BigBadWolf","SomewhereSpear"],"relics":["CogitoBucket","Replay:Bottled Eggs","LetterFromLob","Potion Belt","Bronze Scales","Happy Flower","Garlic"],"acts_visited":["Exordium"],"potions_floor_usage":[],"damage_taken":[{"damage":36,"enemies":"Replay:BlueRogue","floor":2,"turns":5},{"damage":21,"enemies":"Jaw Worm","floor":5,"turns":4},{"damage":0,"enemies":"Cultist","floor":6,"turns":2},{"damage":30,"enemies":"3 Sentries","floor":8,"turns":5},{"damage":30,"enemies":"Lagavulin","floor":10,"turns":4},{"damage":0,"enemies":"2 Louse","floor":11,"turns":1},{"damage":21,"enemies":"Exordium Wildlife","floor":14,"turns":3},{"damage":10,"enemies":"Red Slaver","floor":15,"turns":2},{"damage":67,"enemies":"downfall:Defect","floor":16,"turns":5}],"seed_played":"5541286595560181085","potions_obtained":[{"floor":15,"key":"DuplicationPotion"}],"is_trial":false,"path_per_floor":["R","E","?","R","M","M","T","E","?","E","M","T","$","M","M","B"],"character_chosen":"Angela","items_purchased":[],"campfire_rested":0,"item_purchase_floors":[],"current_hp_per_floor":[77,53,53,53,44,59,59,47,47,35,53,53,53,50,58,0,0],"gold":323,"neow_bonus":"TEN_PERCENT_HP_BONUS","is_daily":false,"chose_seed":false,"campfire_upgraded":0,"win_rate":0.0,"timestamp":1608297905,"path_taken":["R","E","?","R","M","?","T","E","?","E","M","?","$","?","M","BOSS"],"items_purchased_type":[],"build_version":"2020-12-13","purchased_purges":0,"victory":false,"max_hp_per_floor":[77,77,77,77,77,77,77,77,77,77,77,77,77,77,77,74,74],"card_choices":[{"not_picked":["BlackSwan","MeatLantern"],"picked":"ShyLook","floor":2},{"not_picked":["FeatherOfHonor"],"picked":"FourthMatchFlame","floor":2},{"not_picked":["Soda","CUTE"],"picked":"SKIP","floor":2},{"not_picked":["MHz","OldLady"],"picked":"Scorched","floor":5},{"not_picked":["Wingbeat","Soda"],"picked":"Noise","floor":5},{"not_picked":["CherryBlossom","TheSmile","Discord"],"picked":"SKIP","floor":5},{"not_picked":["RedEyes","GreenStem"],"picked":"FourthMatchFlame","floor":6},{"not_picked":["Hypocrisy","BlackSwan_ego"],"picked":"WristCuter","floor":8},{"not_picked":["PunishingBird","SnowQueen"],"picked":"OSAHOGD","floor":8},{"not_picked":["RapturousDream","Laetitia_ego"],"picked":"Lamp","floor":8},{"not_picked":["ScreamingWedge","Beak"],"picked":"Tough","floor":10},{"not_picked":["RapturousDream","ParadiseLost","Penitence"],"picked":"SKIP","floor":10},{"not_picked":["QueenOfHatred","SpiderBud"],"picked":"Mercenary","floor":11},{"not_picked":["Tough","FrostShard"],"picked":"SomewhereSpear","floor":11},{"not_picked":["RapturousDream","CherryBlossom"],"picked":"FourthMatchFlame","floor":14},{"not_picked":["BlueScar","Wingbeat"],"picked":"Twilight","floor":14},{"not_picked":["Bloodbath","DespairKnight","OldLady"],"picked":"Singing Bowl","floor":15},{"not_picked":["CrumblingArmor","Murderer"],"picked":"BigBadWolf","floor":15},{"not_picked":["RapturousDream","Regret_ego"],"picked":"SomewhereSpear","floor":15}],"player_experience":172221,"relics_obtained":[{"floor":2,"key":"Replay:Bottled Eggs"},{"floor":2,"key":"LetterFromLob"},{"floor":7,"key":"Potion Belt"},{"floor":8,"key":"Bronze Scales"},{"floor":10,"key":"Happy Flower"},{"floor":12,"key":"Garlic"}],"event_choices":[{"damage_healed":0,"gold_gain":0,"cards_transformed":["FourthMatchFlame"],"player_choice":"Transformed","damage_taken":0,"max_hp_gain":0,"max_hp_loss":0,"event_name":"Transmorgrifier","floor":3,"gold_loss":0,"cards_obtained":["ScreamingWedge"]}],"is_beta":false,"boss_relics":[],"items_purged_floors":[],"is_endless":false,"potions_floor_spawned":[15],"killed_by":"downfall:Defect","ascension_level":1}}