{"host":"3xls0xm49ftugio7","time":1608292637,"event":{"mods":["2.2 Compatiblity","AchievementEnabler","Act Like it!","BaseMod","Colored Powertips","Downfall","GifTheSpireLib","Minty Spire (QoL Compilation)","Quick Restart","Relic Stats","StSLib"],"gold_per_floor":[99,13,33,63,63,72,72,95,134,134,65,84,108,132,152,266,275,275,19,19,74,113,113,113,122,199,199,285,66,214,281,359,359,359],"floor_reached":33,"playtime":1778,"items_purged":["Slimebound:Strike_Slimebound","Slimebound:Strike_Slimebound"],"score":392,"play_id":"ddc2edfb-e58a-4847-8adc-3e0ca4a3377d","local_time":"20201218135717","is_ascension_mode":true,"campfire_choices":[{"data":"Slimebound:Schlurp","floor":1.0,"key":"SMITH"},{"floor":6.0,"key":"REST"},{"data":"Slimebound:HauntingLick","floor":10.0,"key":"SMITH"},{"data":"1","floor":18,"key":"LIFT"},{"data":"2","floor":20,"key":"LIFT"},{"floor":25,"key":"REST"},{"data":"3","floor":27,"key":"LIFT"}],"circlet_count":0,"master_deck":["Slimebound:Strike_Slimebound","Slimebound:Tackle","Slimebound:Defend_Slimebound","Slimebound:Defend_Slimebound","Slimebound:Defend_Slimebound","Slimebound:Defend_Slimebound","Slimebound:Split","Slimebound:CorrosiveSpit","Slimebound:Schlurp+1","Slimebound:ViciousTackle","Slimebound:LevelUp","Slimebound:HauntingLick+1","Slimebound:SlimeSpikes","Slimebound:SplitMire","Slimebound:GrowthPunch","Slimebound:LevelUp","Slimebound:SplitMire","Slimebound:LivingWall","Slimebound:LeechingTouch","Slimebound:Teamwork","Slimebound:SlimeBarrage","Slimebound:Repurpose","Slimebound:Darklings","CurseOfTheBell","Slimebound:LeadByExample","HandOfGreed","Slimebound:Equalize+1","Slimebound:SplitMire+1","Slimebound:LeechEnergy","Slimebound:Recycling","Slimebound:SlimeTap","Slimebound:SlimeTap","Slimebound:SplitLeeching","Slimebound:RainOfGoop","Slimebound:Repurpose+1"],"relics":["Slimebound:AbsorbEndCombat","Dream Catcher","CeramicFish","Regal Pillow","Ancient Tea Set","Calling Bell","Strawberry","Eternal Feather","Girya","Akabeko","downfall:KnowingSkull","Bag of Preparation","Guardian:PocketSentry","Toy Ornithopter"],"acts_visited":["Exordium","TheCity"],"potions_floor_usage":[32,33],"damage_taken":[{"damage":10.0,"enemies":"downfall:FleeingMerchant","floor":2.0,"turns":4.0},{"damage":9.0,"enemies":"Jaw Worm","floor":3.0,"turns":2.0},{"damage":40.0,"enemies":"3 Sentries","floor":4.0,"turns":7.0},{"damage":8.0,"enemies":"Cultist","floor":8.0,"turns":4.0},{"damage":25.0,"enemies":"Lagavulin","floor":9.0,"turns":6.0},{"damage":14.0,"enemies":"downfall:FleeingMerchant","floor":11.0,"turns":4.0},{"damage":8.0,"enemies":"Small Slimes","floor":12.0,"turns":4.0},{"damage":19.0,"enemies":"Red Slaver","floor":13.0,"turns":3.0},{"damage":10.0,"enemies":"3 Louse","floor":14.0,"turns":3.0},{"damage":11.0,"enemies":"Large Slime","floor":15.0,"turns":3.0},{"damage":34.0,"enemies":"downfall:Ironclad","floor":16.0,"turns":9.0},{"damage":20,"enemies":"downfall:FleeingMerchant","floor":19,"turns":4},{"damage":65,"enemies":"Book of Stabbing","floor":21,"turns":5},{"damage":19,"enemies":"3 Byrds","floor":22,"turns":4},{"damage":33,"enemies":"Gremlin Leader","floor":26,"turns":6},{"damage":56,"enemies":"Centurion and Healer","floor":28,"turns":4},{"damage":25,"enemies":"downfall:FleeingMerchant","floor":29,"turns":4},{"damage":21,"enemies":"Snecko","floor":30,"turns":3},{"damage":11,"enemies":"Snake Plant","floor":31,"turns":2},{"damage":38,"enemies":"Shelled Parasite and Fungi","floor":32,"turns":4},{"damage":61,"enemies":"downfall:Silent","floor":33,"turns":6}],"seed_played":"3162832502470824691","potions_obtained":[{"floor":3.0,"key":"Ancient Potion"},{"floor":8.0,"key":"PowerPotion"},{"floor":12.0,"key":"SteroidPotion"},{"floor":15.0,"key":"EntropicBrew"},{"floor":16.0,"key":"Swift Potion"}],"is_trial":false,"path_per_floor":["R","$","M","E","?","R","T","M","E","R","$","M","M","M","M","B",null,"R","$","R","E","M","?","T","R","E","R","M","$","M","M","M","B"],"character_chosen":"SLIMEBOUND","items_purchased":["Slimebound:LevelUp","Slimebound:LivingWall","HandOfGreed","Toy Ornithopter","Slimebound:SplitLeeching"],"campfire_rested":2,"item_purchase_floors":[2,11,19,29,29],"current_hp_per_floor":[60,60,57,27,27,45,45,49,38,38,34,34,21,23,22,12,67,67,65,67,22,19,13,13,63,67,67,41,32,29,36,27,0,0],"gold":359,"neow_bonus":"THREE_CARDS","is_daily":false,"chose_seed":false,"campfire_upgraded":2,"win_rate":0.0,"timestamp":1608292637,"path_taken":["R","$","M","E","?","R","T","M","E","R","$","?","M","M","M","BOSS","R","?","R","E","M","?","T","R","E","R","M","$","M","?","M","BOSS"],"items_purchased_type":["Card","Card","Card","Relic","Card"],"build_version":"2020-12-13","purchased_purges":2,"victory":false,"max_hp_per_floor":[60,60,60,60,60,60,60,60,60,60,60,60,60,60,60,60,67,67,67,67,67,67,67,67,67,67,67,67,67,67,67,67,67,67],"relic_stats":{"Dream Catcher":2,"Regal Pillow":15,"counters":[21,88],"CeramicFish":198,"Eternal Feather":17,"Bag of Preparation":[14],"obtain_stats":[{"Girya":17,"Regal Pillow":7,"CeramicFish":5,"Eternal Feather":17,"Bag of Preparation":24,"Guardian:PocketSentry":26,"Ancient Tea Set":9,"Akabeko":21,"Calling Bell":17,"Dream Catcher":4,"Strawberry":17,"downfall:KnowingSkull":23,"Slimebound:AbsorbEndCombat":0,"Toy Ornithopter":29},{"Girya":11,"Regal Pillow":3,"CeramicFish":3,"Eternal Feather":11,"Bag of Preparation":14,"Guardian:PocketSentry":15,"Ancient Tea Set":5,"Akabeko":13,"Calling Bell":11,"Dream Catcher":3,"Strawberry":11,"downfall:KnowingSkull":14,"Slimebound:AbsorbEndCombat":0,"Toy Ornithopter":17},{"Girya":47,"Regal Pillow":13,"CeramicFish":13,"Eternal Feather":47,"Bag of Preparation":60,"Guardian:PocketSentry":66,"Ancient Tea Set":22,"Akabeko":56,"Calling Bell":47,"Dream Catcher":13,"Strawberry":47,"downfall:KnowingSkull":60,"Slimebound:AbsorbEndCombat":0,"Toy Ornithopter":73}],"Toy Ornithopter":10},"card_choices":[{"not_picked":["Slimebound:DivideAndConquer","Slimebound:ServeAndProtect"],"picked":"Slimebound:Schlurp","floor":0.0},{"not_picked":["Slimebound:GoopTackle","Slimebound:DivideAndConquer"],"picked":"Slimebound:ViciousTackle","floor":2.0},{"not_picked":["Slimebound:LeechEnergy","Slimebound:SplitBruiser"],"picked":"Slimebound:HauntingLick","floor":3.0},{"not_picked":["Slimebound:SpikyOuterGoop","Slimebound:DisruptingSlam"],"picked":"Slimebound:SlimeSpikes","floor":4.0},{"not_picked":["Slimebound:ViciousTackle","Slimebound:Schlurp"],"picked":"Slimebound:SplitMire","floor":6.0},{"not_picked":["Slimebound:Chomp","Slimebound:LeechingTouch"],"picked":"Slimebound:GrowthPunch","floor":8.0},{"not_picked":["Slimebound:GoopSpray","Slimebound:SlimeBrawl"],"picked":"Slimebound:LevelUp","floor":9.0},{"not_picked":["Slimebound:SlimeSpikes","Slimebound:FinishingTackle"],"picked":"Slimebound:SplitMire","floor":11.0},{"not_picked":["Slimebound:LeadByExample","Slimebound:SamplingLick"],"picked":"Slimebound:LeechingTouch","floor":12.0},{"not_picked":["Slimebound:SplitAcid","Slimebound:SlimeSpikes"],"picked":"Slimebound:Teamwork","floor":13.0},{"not_picked":["Slimebound:DivideAndConquer","Slimebound:SplitLeeching"],"picked":"Slimebound:SlimeBarrage","floor":14.0},{"not_picked":["Slimebound:SamplingLick","Slimebound:SplitBruiser"],"picked":"Slimebound:Repurpose","floor":15.0},{"not_picked":["Slimebound:LeechLife","Slimebound:Recycling"],"picked":"Slimebound:Darklings","floor":16.0},{"not_picked":["Slimebound:GoopTackle+1","Slimebound:SpikyOuterGoop"],"picked":"Slimebound:LeadByExample","floor":19},{"not_picked":["Slimebound:Schlurp","Slimebound:MegaLick"],"picked":"Slimebound:Equalize+1","floor":21},{"not_picked":["Slimebound:Dissolve+1","Slimebound:Schlurp"],"picked":"Slimebound:SplitMire+1","floor":22},{"not_picked":["Slimebound:ComboTackle","Slimebound:ViciousTackle"],"picked":"Slimebound:LeechEnergy","floor":25},{"not_picked":["Slimebound:SamplingLick","Slimebound:ServeAndProtect+1"],"picked":"Slimebound:Recycling","floor":26},{"not_picked":["Slimebound:SamplingLick","Slimebound:SlimeSpikes"],"picked":"Slimebound:SlimeTap","floor":28},{"not_picked":["Slimebound:DivideAndConquer+1","Slimebound:LivingWall"],"picked":"Slimebound:SlimeTap","floor":29},{"not_picked":["Slimebound:ViciousTackle","Slimebound:Grow"],"picked":"Slimebound:RainOfGoop","floor":30},{"not_picked":["Slimebound:LeechEnergy","Slimebound:LeadByExample"],"picked":"Slimebound:Repurpose+1","floor":31},{"not_picked":["Slimebound:BestDefense","Slimebound:GrowthPunch","Slimebound:SamplingLick"],"picked":"SKIP","floor":32}],"player_experience":819198,"relics_obtained":[{"floor":4.0,"key":"Dream Catcher"},{"floor":5.0,"key":"CeramicFish"},{"floor":7.0,"key":"Regal Pillow"},{"floor":9.0,"key":"Ancient Tea Set"},{"floor":17,"key":"Strawberry"},{"floor":17,"key":"Eternal Feather"},{"floor":17,"key":"Girya"},{"floor":21,"key":"Akabeko"},{"floor":24,"key":"Bag of Preparation"},{"floor":26,"key":"Guardian:PocketSentry"}],"event_choices":[{"damage_healed":0.0,"max_hp_gain":0.0,"max_hp_loss":0.0,"gold_gain":0.0,"event_name":"Wheel of Change","player_choice":"Relic","floor":5.0,"gold_loss":0.0,"damage_taken":0.0}],"is_beta":false,"boss_relics":[{"not_picked":["Snecko Eye","Runic Dome"],"picked":"Calling Bell"}],"items_purged_floors":[19,29],"is_endless":false,"potions_floor_spawned":[3,8,12,15,16,21,26,28,31],"killed_by":"downfall:Silent","ascension_level":3}}