{"host":"sum4dy402bbv9y4o","time":1608324792,"event":{"mods":["Aspiration","BaseMod","Conspire","Highlight Path","Minty Spire (QoL Compilation)","StSLib"],"gold_per_floor":[114,114,114,131,147,147,167,193,261,273,285,297,309,331,343,427,439,467,479,491,503,525,537,549,549],"floor_reached":24,"playtime":866,"items_purged":[],"score":437,"play_id":"5cfdd20b-3702-42f6-948f-022870441497","local_time":"20201218235312","is_ascension_mode":true,"campfire_choices":[{"data":"Eruption","floor":6,"key":"SMITH"},{"data":"Consecrate","floor":10,"key":"SMITH"},{"data":"Consecrate","floor":12,"key":"SMITH"},{"data":"Conclude","floor":15,"key":"SMITH"},{"floor":23,"key":"REST"}],"circlet_count":0,"master_deck":["AscendersBane","Strike_P","Strike_P","Strike_P","Defend_P","Defend_P","Defend_P","Eruption+1","Vigilance","Conclude+1","CrushJoints","Halt","Consecrate+1","EmptyBody","Consecrate+1","Perseverance","SpiritShield","TalkToTheHand+1","Heavy Blade"],"relics":["PureWater","Spirit Poop","Matryoshka","MawBank","aspiration:StickyExplosives","aspiration:IroncladSkillbook","Omamori"],"acts_visited":["Exordium","TheCity"],"potions_floor_usage":[8,16,16],"damage_taken":[{"damage":0,"enemies":"Small Slimes","floor":1,"turns":2},{"damage":0,"enemies":"Cultist","floor":4,"turns":2},{"damage":2,"enemies":"2 Louse","floor":5,"turns":2},{"damage":0,"enemies":"Large Slime","floor":7,"turns":1},{"damage":0,"enemies":"Gremlin Nob","floor":8,"turns":3},{"damage":0,"enemies":"2 Fungi Beasts","floor":14,"turns":2},{"damage":19,"enemies":"Hexaghost","floor":16,"turns":8},{"damage":0,"enemies":"conspire:FuzzyDice","floor":18,"turns":3},{"damage":22,"enemies":"2 Thieves","floor":22,"turns":3},{"damage":56,"enemies":"Book of Stabbing","floor":24,"turns":5}],"seed_played":"7609492024778264245","potions_obtained":[{"floor":4,"key":"BlessingOfTheForge"},{"floor":7,"key":"EssenceOfSteel"},{"floor":14,"key":"Block Potion"}],"is_trial":false,"path_per_floor":["M","?","?","M","M","R","M","E","T","R","$","R","?","M","R","B",null,"M","?","?","?","M","R","E"],"character_chosen":"WATCHER","items_purchased":[],"campfire_rested":1,"item_purchase_floors":[],"current_hp_per_floor":[61,57,57,57,55,55,55,55,55,55,55,55,60,60,60,41,63,67,67,47,47,29,51,0,0],"gold":549,"neow_bonus":"TRANSFORM_TWO_CARDS","is_daily":false,"chose_seed":false,"campfire_upgraded":4,"win_rate":0.0,"timestamp":1608324792,"path_taken":["M","?","?","?","M","R","M","E","T","R","$","R","?","M","R","BOSS","M","?","?","?","?","R","E"],"items_purchased_type":[],"build_version":"2020-12-13","purchased_purges":0,"victory":false,"max_hp_per_floor":[68,68,65,65,65,65,65,65,65,65,65,65,70,70,70,70,70,70,70,75,75,75,75,75,75],"card_choices":[{"not_picked":["Conclude","Crescendo"],"picked":"Halt","floor":1},{"not_picked":["Swivel","Nirvana"],"picked":"Consecrate","floor":4},{"not_picked":["CrushJoints","CutThroughFate"],"picked":"EmptyBody","floor":5},{"not_picked":["ReachHeaven","Crescendo"],"picked":"Consecrate","floor":7},{"not_picked":["Conclude","Prostrate","CutThroughFate"],"picked":"SKIP","floor":8},{"not_picked":["Vault","FlyingSleeves"],"picked":"Perseverance","floor":14},{"not_picked":["MasterReality","Omniscience"],"picked":"SpiritShield","floor":16},{"not_picked":["Searing Blow+1","WaveOfTheHand","CrushJoints"],"picked":"TalkToTheHand+1","floor":18},{"not_picked":["FlyingSleeves","Ghostly Armor","Wild Strike"],"picked":"Heavy Blade","floor":22}],"player_experience":2819303,"relics_obtained":[{"floor":8,"key":"Matryoshka"},{"floor":9,"key":"MawBank"},{"floor":9,"key":"aspiration:StickyExplosives"}],"event_choices":[{"damage_healed":0,"gold_gain":0,"player_choice":"Leave","damage_taken":0,"max_hp_gain":0,"max_hp_loss":0,"event_name":"conspire:Investor","floor":2,"gold_loss":0},{"cards_removed":["Parasite"],"damage_healed":0,"gold_gain":0,"player_choice":"Offered Curse","damage_taken":0,"relics_obtained":["Spirit Poop"],"max_hp_gain":0,"max_hp_loss":0,"event_name":"Bonfire Elementals","floor":3,"gold_loss":0},{"damage_healed":0,"gold_gain":0,"player_choice":"Donut","damage_taken":0,"max_hp_gain":5,"max_hp_loss":0,"event_name":"Big Fish","floor":13,"gold_loss":0},{"damage_healed":0,"gold_gain":0,"player_choice":"Opened","damage_taken":0,"relics_obtained":["Omamori"],"max_hp_gain":0,"max_hp_loss":0,"event_name":"The Mausoleum","floor":19,"gold_loss":0,"cards_obtained":["Writhe"]},{"damage_healed":0,"gold_gain":0,"player_choice":"Shed Blood","damage_taken":25,"max_hp_gain":5,"max_hp_loss":0,"event_name":"Forgotten Altar","floor":20,"gold_loss":0},{"cards_removed":["Writhe"],"damage_healed":0,"gold_gain":0,"player_choice":"Purged","damage_taken":0,"max_hp_gain":0,"max_hp_loss":0,"event_name":"Purifier","floor":21,"gold_loss":0}],"is_beta":false,"boss_relics":[{"not_picked":["conspire:RoyalGoblet","VioletLotus"],"picked":"aspiration:IroncladSkillbook"}],"items_purged_floors":[],"is_endless":false,"potions_floor_spawned":[4,7,14],"killed_by":"Book of Stabbing","ascension_level":20}}