{"host":"4duaicl1ekzuzyk8","time":1608261409,"event":{"mods":["BaseMod","Challenge The Spire","Downfall","Minty Spire (QoL Compilation)","Quick Restart","Random Character Button","Replay The Spire","Spicy Shops","StSLib"],"gold_per_floor":[99,199,224,251,265,107,107,107,107,135,156,156,187,217,250,372,372,372,406,448,448,564,564,614,614,655,686,717,725,725],"floor_reached":29,"playtime":2882,"items_purged":[],"score":271,"play_id":"10846bd8-b1f8-436b-aa9a-a89c9e461193","local_time":"20201218161649","is_ascension_mode":false,"campfire_choices":[{"data":"champ:Taunt","floor":1,"key":"SMITH"},{"data":"champ:RecklessLeap","floor":9,"key":"SMITH"},{"floor":18,"key":"RECALL"},{"data":"champ:Devastate","floor":21,"key":"SMITH"}],"circlet_count":0,"master_deck":["champ:Strike","champ:Strike","champ:Strike","champ:Defend","champ:Defend","champ:Defend","champ:Execute","champ:Taunt+1","champ:RecklessLeap+1","champ:Shatter","champ:VampiricStrike","champ:EnragedBash","champ:Encircle","champ:Backstep","champ:BerserkersShout","champ:Circumvent","champ:Devastate+1","champ:FocusedBerserking","champ:MurderStrike","J.A.X.","champ:StanceDance","champ:AdrenalArmor","champ:GladiatorStyle","champ:StrikeOfGenius","champ:LastStand"],"relics":["champ:ChampionCrown","Replay:Mystery Machine","Simple Rune","Replay:Bandana","Replay:Bronze Core","Anchor","MutagenicStrength","Smiling Mask","Nloth\u0027s Gift","Art of War"],"acts_visited":["Exordium","TheCity"],"potions_floor_usage":[22,26],"damage_taken":[{"damage":55,"enemies":"3 Sentries","floor":3,"turns":10},{"damage":27,"enemies":"Jaw Worm","floor":5,"turns":3},{"damage":13,"enemies":"downfall:FleeingMerchant","floor":6,"turns":4},{"damage":50,"enemies":"Lagavulin","floor":10,"turns":4},{"damage":25,"enemies":"Cultist","floor":11,"turns":3},{"damage":15,"enemies":"Small Slimes","floor":13,"turns":2},{"damage":12,"enemies":"3 Louse","floor":14,"turns":2},{"damage":30,"enemies":"2 Fungi Beasts","floor":15,"turns":2},{"damage":89,"enemies":"downfall:Watcher","floor":16,"turns":9},{"damage":58,"enemies":"Chosen","floor":19,"turns":5},{"damage":70,"enemies":"Book of Stabbing","floor":20,"turns":6},{"damage":86,"enemies":"downfall:Augmenter","floor":22,"turns":9},{"damage":80,"enemies":"3 Byrds","floor":26,"turns":7},{"damage":68,"enemies":"Replay:Snechameleon","floor":27,"turns":7},{"damage":60,"enemies":"Shelled Parasite and Fungi","floor":28,"turns":6},{"damage":27,"enemies":"Snake Plant","floor":29,"turns":2}],"seed_played":"-2634122320120871569","potions_obtained":[{"floor":3,"key":"Block Potion"},{"floor":5,"key":"LiquidBronze"},{"floor":11,"key":"Explosive Potion"},{"floor":26,"key":"champ:CounterPotion"},{"floor":27,"key":"Guardian:BlockOnCardUsePotion"}],"is_trial":false,"path_per_floor":["R","?","E","T","M","$","T","?","R","E","M","?","M","M","M","B",null,"R","M","E","R","?","?","T","?","M","E","M","M"],"character_chosen":"THE_CHAMP","items_purchased":["Torii"],"campfire_rested":0,"item_purchase_floors":[6],"current_hp_per_floor":[99,99,65,65,58,58,58,58,58,62,70,99,93,98,98,71,99,99,90,77,77,75,75,75,75,57,27,6,0,0],"gold":725,"neow_bonus":"TEN_PERCENT_HP_BONUS","is_daily":false,"chose_seed":false,"campfire_upgraded":3,"win_rate":0.0,"timestamp":1608261409,"path_taken":["R","?","E","?","?","$","T","?","R","E","M","?","M","M","M","BOSS","R","M","E","R","?","?","T","?","M","E","M","?"],"items_purchased_type":["Relic"],"build_version":"2020-12-13","purchased_purges":0,"victory":false,"max_hp_per_floor":[99,99,99,99,99,99,99,99,99,99,99,99,99,99,99,99,99,99,99,99,99,99,99,99,99,99,99,99,99,99],"card_choices":[{"not_picked":["champ:BerserkerStyle","champ:VampiricStrike"],"picked":"champ:RecklessLeap","floor":3},{"not_picked":["champ:FocusedBerserking","champ:Encircle"],"picked":"champ:Shatter","floor":5},{"not_picked":["champ:CrookedStrike","champ:TornadoPunch"],"picked":"champ:VampiricStrike","floor":6},{"not_picked":["champ:ArenaPreparation","champ:FocusedBerserking"],"picked":"champ:EnragedBash","floor":10},{"not_picked":["champ:DeathBlow","champ:ViciousMockery"],"picked":"champ:Encircle","floor":11},{"not_picked":["champ:SkillfulDodge","champ:ViciousMockery"],"picked":"champ:Backstep","floor":13},{"not_picked":["champ:PerfectedStrike","champ:RapidStrikes"],"picked":"champ:BerserkersShout","floor":14},{"not_picked":["champ:CrookedStrike","champ:FalseCounter"],"picked":"champ:Circumvent","floor":15},{"not_picked":["champ:CheapShot","champ:IgnorePain"],"picked":"champ:Devastate","floor":16},{"not_picked":["champ:BladeFlurry","champ:Haymaker"],"picked":"champ:FocusedBerserking","floor":19},{"not_picked":["champ:FightOn","champ:TornadoPunch"],"picked":"champ:MurderStrike","floor":20},{"not_picked":[],"picked":"J.A.X.","floor":22},{"not_picked":["champ:BladeFlurry","champ:Haymaker"],"picked":"champ:StanceDance","floor":22},{"not_picked":["champ:HeartStrike","champ:DeathBlow"],"picked":"champ:StrikeOfGenius","floor":26},{"not_picked":["champ:ShieldSlam","champ:Riposte"],"picked":"champ:LastStand","floor":27},{"not_picked":["champ:RisingSlash","champ:GladiatorsShout+1","champ:DefensiveShout"],"picked":"SKIP","floor":28}],"player_experience":530939,"relics_obtained":[{"floor":3,"key":"Replay:Mystery Machine"},{"floor":4,"key":"Simple Rune"},{"floor":10,"key":"Replay:Bandana"},{"floor":20,"key":"Anchor"},{"floor":22,"key":"MutagenicStrength"},{"floor":24,"key":"Smiling Mask"},{"floor":27,"key":"Art of War"}],"event_choices":[{"damage_healed":33,"gold_gain":0,"player_choice":"Banana","damage_taken":0,"max_hp_gain":0,"max_hp_loss":0,"event_name":"Big Fish","floor":12,"gold_loss":0},{"damage_healed":0,"gold_gain":0,"player_choice":"Ignored","damage_taken":0,"max_hp_gain":0,"max_hp_loss":0,"event_name":"Vampires","floor":23,"gold_loss":0}],"is_beta":false,"boss_relics":[{"not_picked":["Ring of Chaos","Replay:Wanted Poster"],"picked":"Replay:Bronze Core"}],"items_purged_floors":[],"is_endless":false,"potions_floor_spawned":[3,5,11,13,19,26,27],"killed_by":"Snake Plant","ascension_level":0}}