{"host":"x5a6cvihdukvwm3n","time":1608332662,"event":{"mods":["AlwaysNeverKeys","Aspiration","BaseMod","Beaked The Cultist","BetterRewards","Colored Map","Colored Powertips","Conspire","Curses Come First","Downfall","Friendly Minions","GifTheSpireLib","Gremlin Mod","Halation","Highlight Path","Hubris","Minty Spire (QoL Compilation)","Replay The Spire","Shop Mod","StSLib","Stuff the Spire","SuperFastMode","Synergy Search","Td1madao Mod","The Bladedancer","The Construct","The Disciple","The Jungle","The Servant 0.9.4","vexMod"],"gold_per_floor":[360,387,399,421,400,400,400,435,435,452,552,552,565,420,420,523,523,534,534,534,534],"floor_reached":20,"playtime":1577,"items_purged":[],"score":242,"play_id":"195b8b48-df86-41b0-bfc6-2eba835d24c6","local_time":"20201219000422","is_ascension_mode":true,"campfire_choices":[{"floor":6,"key":"REST"},{"floor":12,"key":"REST"},{"floor":15,"key":"REST"}],"circlet_count":0,"master_deck":["Strike_C","Strike_C","Strike_C","Strike_C","Defend_C","Defend_C","Defend_C","Defend_C","Knight Kick","Chip+1","Transfer Energy+1","Load Balancing","Fire Blade","Here Defend Chip+1","Here Defend Chip","Twin Teeth","Fixing","Here Defend Chip","Furious"],"relics":["Apod","vexMod:FocusSash","beaked:ShinyBauble","MerchantsRug","aspiration:DefectSkillbook","Molten Egg 2","StuffTheSpire:SapphireSignet","Nunchaku","hubris:Metronome"],"acts_visited":["Exordium","TheCity"],"potions_floor_usage":[2,16,20],"damage_taken":[{"damage":6,"enemies":"Small Slimes","floor":1,"turns":4},{"damage":21,"enemies":"conspire:MimicChest","floor":2,"turns":5},{"damage":1,"enemies":"conspire:RoseBush","floor":4,"turns":7},{"damage":12,"enemies":"3 Sentries","floor":8,"turns":15},{"damage":5,"enemies":"Jaw Worm","floor":10,"turns":4},{"damage":18,"enemies":"3 Louse","floor":13,"turns":4},{"damage":1,"enemies":"The Guardian","floor":16,"turns":12},{"damage":1,"enemies":"conspire:FuzzyDice","floor":18,"turns":5},{"damage":13,"enemies":"3 Byrds","floor":20,"turns":3}],"seed_played":"-715368619894343669","potions_obtained":[{"floor":1,"key":"LiquidBronze"},{"floor":10,"key":"Milkshake"},{"floor":16,"key":"PowerPotion"}],"is_trial":false,"path_per_floor":["M","?","?","M","$","R","?","E","T","M","?","R","M","$","R","B",null,"M","$","M"],"character_chosen":"TD1MADAO_CLASS","items_purchased":["Here Defend Chip","MerchantsRug","Block Potion","Molten Egg 2","StuffTheSpire:SapphireSignet","Nunchaku","hubris:Metronome"],"campfire_rested":3,"item_purchase_floors":[5,14,14,19,19,19,19],"current_hp_per_floor":[43,22,8,7,7,28,28,16,16,11,11,32,14,14,35,34,70,69,11,0,0],"gold":534,"neow_bonus":"TWO_FIFTY_GOLD","is_daily":false,"chose_seed":false,"campfire_upgraded":0,"win_rate":0.0,"timestamp":1608332662,"path_taken":["M","?","?","M","$","R","?","E","T","?","?","R","M","$","R","BOSS","M","?","M"],"items_purchased_type":["Card","Relic","Potion","Relic","Relic","Relic","Relic"],"build_version":"2020-12-13","purchased_purges":0,"victory":false,"max_hp_per_floor":[70,70,70,70,70,70,70,70,70,70,70,70,70,70,70,70,70,70,70,70,70],"card_choices":[{"not_picked":["Energy Supply","Three Hit"],"picked":"Transfer Energy","floor":1},{"not_picked":["Money Cant Rescue","Preparedness"],"picked":"Load Balancing","floor":2},{"not_picked":["Revenge","White Contract"],"picked":"Fire Blade","floor":4},{"not_picked":["Black Dance","E MP"],"picked":"Twin Teeth","floor":8},{"not_picked":["Fire Blade","Trader"],"picked":"Fixing","floor":10},{"not_picked":["Rupture","Black Dance"],"picked":"Here Defend Chip","floor":13},{"not_picked":["Shockwave Tdmadao","Chip Synthesis"],"picked":"Furious","floor":16},{"not_picked":["Stack","Money Cant Rescue","Beam Cell","Go for the Eyes"],"picked":"SKIP","floor":18}],"player_experience":276371,"relics_obtained":[{"floor":2,"key":"MawBank"},{"floor":8,"key":"vexMod:FocusSash"},{"floor":9,"key":"beaked:ShinyBauble"}],"event_choices":[{"damage_healed":0,"gold_gain":0,"player_choice":"Entered Light","damage_taken":14,"max_hp_gain":0,"max_hp_loss":0,"event_name":"Shining Light","floor":3,"gold_loss":0,"cards_upgraded":["Transfer Energy","Chip"]},{"damage_healed":0,"gold_gain":0,"player_choice":"Upgraded","damage_taken":0,"max_hp_gain":0,"max_hp_loss":0,"event_name":"Upgrade Shrine","floor":7,"gold_loss":0,"cards_upgraded":["Here Defend Chip"]},{"damage_healed":0,"gold_gain":100,"player_choice":"Pray","damage_taken":0,"max_hp_gain":0,"max_hp_loss":0,"event_name":"Golden Shrine","floor":11,"gold_loss":0}],"is_beta":false,"boss_relics":[{"not_picked":["StuffTheSpire:RunicConfusion","halation:Yufonium"],"picked":"aspiration:DefectSkillbook"}],"items_purged_floors":[],"is_endless":false,"potions_floor_spawned":[1,10,16],"killed_by":"3 Byrds","ascension_level":2}}