{"host":"byu8oejwd0fdcxn8","time":1608273260,"event":{"mods":["Act Like it!","Arknights The Spire","BaseMod","Custom Start","Friendly Minions","Hermit","Minty Spire (QoL Compilation)","StSLib"],"gold_per_floor":[110,110,110,33,53,53,53,53],"floor_reached":7,"playtime":220,"items_purged":[],"score":39,"play_id":"d88d0612-aa71-4a0b-8d89-4a3ec9a6ef62","local_time":"20201218153420","is_ascension_mode":false,"campfire_choices":[],"circlet_count":0,"master_deck":["ats:Powerful Strike","ats:Powerful Strike","ats:Powerful Strike","ats:Armor Crushing Shot","ats:Defend Up","ats:Defend Up","ats:Defend Up","ats:Defend Up","ats:Emotion Absorption","ats:Emotion Absorption","ats:Attack Strengthen","ats:Sunburst","ats:Explosion Area Strengthen"],"relics":["ats:Sanity","ats:Rhine Circuitry","ats:Originium"],"acts_visited":["Exordium"],"potions_floor_usage":[7],"damage_taken":[{"damage":1,"enemies":"2 Louse","floor":1,"turns":3},{"damage":1,"enemies":"Jaw Worm","floor":5,"turns":3},{"damage":59,"enemies":"Gremlin Nob","floor":7,"turns":4}],"seed_played":"4589691849314032408","potions_obtained":[{"floor":1,"key":"LiquidBronze"}],"is_trial":false,"path_per_floor":["M","?","?","$","M","R","E"],"character_chosen":"DOCTOR_CLASS","items_purchased":["ats:Sunburst"],"campfire_rested":0,"item_purchase_floors":[4],"current_hp_per_floor":[78,78,53,53,52,52,0,0],"gold":53,"neow_bonus":"TEN_PERCENT_HP_BONUS","is_daily":false,"chose_seed":false,"campfire_upgraded":0,"win_rate":0.0,"timestamp":1608273260,"path_taken":["M","?","?","$","M","R","E"],"items_purchased_type":["Card"],"build_version":"2020-12-13","purchased_purges":0,"victory":false,"max_hp_per_floor":[79,79,79,79,79,79,79,79],"card_choices":[{"not_picked":["ats:Shadow Raid","ats:Encircling Forest"],"picked":"ats:Attack Strengthen","floor":1},{"not_picked":["ats:Very Hot Blade","ats:Cat Scratch"],"picked":"ats:Explosion Area Strengthen","floor":5}],"player_experience":1053672,"relics_obtained":[{"floor":6,"key":"ats:Originium"}],"event_choices":[{"damage_healed":0,"gold_gain":0,"player_choice":"Leave","damage_taken":0,"max_hp_gain":0,"max_hp_loss":0,"event_name":"The Cleric","floor":2,"gold_loss":0},{"damage_healed":0,"gold_gain":0,"player_choice":"Success","damage_taken":25,"relics_obtained":["ats:Rhine Circuitry"],"max_hp_gain":0,"max_hp_loss":0,"event_name":"Scrap Ooze","floor":3,"gold_loss":0}],"is_beta":false,"boss_relics":[],"items_purged_floors":[],"is_endless":false,"potions_floor_spawned":[1],"killed_by":"Gremlin Nob","ascension_level":0}}