{"host":"f5gffvlv6a66yqkd","time":1608290519,"event":{"mods":["2.2 Compatiblity","BaseMod","Colored Map","DeckTracker","Keyboard Shortcuts","Minty Spire (QoL Compilation)","Permanent Neow","Quick Restart","Relic Stats","StSLib","SuperFastMode"],"gold_per_floor":[116,166,180,195,195,195,205,225,225,235,267,267,281,81,81,159,159,171,186,186,186,31,31,31],"floor_reached":23,"playtime":536,"items_purged":["Writhe"],"score":386,"play_id":"3f6a176d-76a7-4d89-8bdc-49c6fd86fb78","local_time":"20201218202159","is_ascension_mode":true,"campfire_choices":[{"data":"Zap","floor":6.0,"key":"SMITH"},{"data":"Thunder Strike","floor":12.0,"key":"SMITH"},{"floor":15,"key":"REST"}],"circlet_count":0,"master_deck":["AscendersBane","Strike_B","Strike_B","Defend_B","Defend_B","Defend_B","Defend_B","Zap+1","Dualcast","Cold Snap","Coolheaded","Conserve Battery","Gash","Thunder Strike+1","Sweeping Beam","Glacier","Blizzard","Apotheosis","Biased Cognition","Fusion","Aggregate","Conserve Battery","Beam Cell","Capacitor"],"relics":["Cracked Core","Torii","StoneCalendar","Matryoshka","Fusion Hammer","Calipers"],"acts_visited":["Exordium","TheCity"],"potions_floor_usage":[16,23],"damage_taken":[{"damage":0.0,"enemies":"Small Slimes","floor":1.0,"turns":3.0},{"damage":0.0,"enemies":"Cultist","floor":3.0,"turns":4.0},{"damage":1.0,"enemies":"2 Louse","floor":4.0,"turns":2.0},{"damage":1.0,"enemies":"Blue Slaver","floor":7.0,"turns":5.0},{"damage":2.0,"enemies":"2 Fungi Beasts","floor":8.0,"turns":3.0},{"damage":17.0,"enemies":"3 Louse","floor":10.0,"turns":4.0},{"damage":12.0,"enemies":"Lagavulin","floor":11.0,"turns":7.0},{"damage":6,"enemies":"Lots of Slimes","floor":13,"turns":5},{"damage":14,"enemies":"Slime Boss","floor":16,"turns":7},{"damage":25,"enemies":"Shell Parasite","floor":18,"turns":7},{"damage":6,"enemies":"Spheric Guardian","floor":19,"turns":6},{"damage":31,"enemies":"Slavers","floor":23,"turns":2}],"seed_played":"8846043281337504220","potions_obtained":[{"floor":3.0,"key":"SneckoOil"},{"floor":8.0,"key":"SkillPotion"},{"floor":10.0,"key":"Energy Potion"},{"floor":18,"key":"PowerPotion"}],"is_trial":false,"path_per_floor":["M","?","M","M","?","R","M","M","T","M","E","R","M","$","R","B",null,"M","M","?","?","$","E"],"character_chosen":"DEFECT","items_purchased":["Apotheosis","Capacitor"],"campfire_rested":1,"item_purchase_floors":[14,22],"current_hp_per_floor":[64,57,57,56,56,56,55,53,53,36,24,24,18,18,39,25,60,35,29,29,29,29,0,0],"gold":31,"neow_bonus":"ONE_RARE_RELIC","is_daily":false,"chose_seed":false,"campfire_upgraded":2,"win_rate":0.0,"timestamp":1608290519,"path_taken":["M","?","?","?","?","R","M","M","T","M","E","R","?","$","R","BOSS","M","?","?","?","?","E"],"items_purchased_type":["Card","Card"],"build_version":"2020-12-13","purchased_purges":1,"victory":false,"max_hp_per_floor":[71,71,71,71,71,71,71,71,71,71,71,71,71,71,71,71,71,71,71,71,71,71,71,71],"relic_stats":{"Torii":5,"counters":[12,55],"StoneCalendar":[90],"obtain_stats":[{"Matryoshka":11,"Calipers":20,"Torii":0,"StoneCalendar":9,"Fusion Hammer":17,"Cracked Core":0},{"Matryoshka":7,"Calipers":11,"Torii":0,"StoneCalendar":5,"Fusion Hammer":9,"Cracked Core":0},{"Matryoshka":28,"Calipers":53,"Torii":0,"StoneCalendar":17,"Fusion Hammer":40,"Cracked Core":0}]},"card_choices":[{"not_picked":["Auto Shields","Redo"],"picked":"Cold Snap","floor":1.0},{"not_picked":["Loop","Auto Shields"],"picked":"Coolheaded","floor":3.0},{"not_picked":["Coolheaded","BootSequence"],"picked":"Conserve Battery","floor":4.0},{"not_picked":["Compile Driver","Self Repair"],"picked":"Gash","floor":7.0},{"not_picked":["Lockon","Leap"],"picked":"Thunder Strike","floor":8.0},{"not_picked":["Consume","Go for the Eyes"],"picked":"Sweeping Beam","floor":10.0},{"not_picked":["Redo","Coolheaded"],"picked":"Glacier","floor":11.0},{"not_picked":["Rip and Tear","Ball Lightning"],"picked":"Blizzard","floor":13},{"not_picked":["Reboot","Electrodynamics"],"picked":"Biased Cognition","floor":16},{"not_picked":["Doom and Gloom","Rip and Tear"],"picked":"Fusion","floor":18},{"not_picked":["Rip and Tear+1","Cold Snap+1"],"picked":"Aggregate","floor":19}],"player_experience":1460638,"relics_obtained":[{"floor":9.0,"key":"StoneCalendar"},{"floor":11.0,"key":"Matryoshka"}],"event_choices":[{"damage_healed":0.0,"max_hp_gain":0.0,"max_hp_loss":0.0,"gold_gain":50.0,"event_name":"FaceTrader","player_choice":"Touch","floor":2.0,"gold_loss":0.0,"damage_taken":7.0},{"cards_removed":["Clumsy"],"damage_healed":0.0,"max_hp_gain":0.0,"max_hp_loss":0.0,"gold_gain":0.0,"event_name":"Fountain of Cleansing","player_choice":"Removed Curses","floor":5.0,"gold_loss":0.0,"damage_taken":0.0},{"damage_healed":0,"gold_gain":0,"player_choice":"Opened","damage_taken":0,"relics_obtained":["Calipers"],"max_hp_gain":0,"max_hp_loss":0,"event_name":"The Mausoleum","floor":20,"gold_loss":0,"cards_obtained":["Writhe"]},{"damage_healed":0,"gold_gain":0,"cards_transformed":["Strike_B","Strike_B"],"player_choice":"Became Test Subject","damage_taken":0,"max_hp_gain":0,"max_hp_loss":0,"event_name":"Drug Dealer","floor":21,"gold_loss":0,"cards_obtained":["Conserve Battery","Beam Cell"]}],"is_beta":false,"boss_relics":[{"not_picked":["Coffee Dripper","Cursed Key"],"picked":"Fusion Hammer"}],"items_purged_floors":[22],"is_endless":false,"potions_floor_spawned":[3,8,10,13,18,19],"killed_by":"Slavers","ascension_level":20}}