{"host":"g1na4j704t0qpw5f","time":1608266273,"event":{"mods":["AchievementEnabler","BaseMod","Card Forge","Colored Powertips","Custom Start","Googly Eyes","Highlight Path","Minty Spire (QoL Compilation)","StSLib"],"gold_per_floor":[113,125,125,49241,49259,49259,49295,49314,49314,49348,49375,49412,49412,49424,49424,49504,49504,49523,49568,49568,49578,49600,49600,49941,49090,49113,49152,49176,49195,48326,48361,48361,48443,48443,48454,47746,47773,47782,47803,46779,46779,46816,46816,45939,45939,45966,46008,46035,46035,46035],"floor_reached":51,"playtime":3194,"items_purged":["Strike_B","Defend_B","Defend_B","Sweeping Beam"],"score":1780,"play_id":"ce405657-ca7c-4889-aa5d-8f8f2698e33f","local_time":"20201217233753","is_ascension_mode":true,"campfire_choices":[{"data":"Blizzard","floor":6.0,"key":"SMITH"},{"data":"Creative AI","floor":13.0,"key":"SMITH"},{"data":"Buffer","floor":15.0,"key":"SMITH"},{"data":"Fission","floor":23.0,"key":"SMITH"},{"data":"Rainbow","floor":32.0,"key":"SMITH"},{"data":"Creative AI","floor":41,"key":"SMITH"},{"data":"Blizzard","floor":45,"key":"SMITH"},{"data":"Blizzard","floor":49,"key":"SMITH"}],"circlet_count":0,"master_deck":["AscendersBane","Zap","Dualcast","Blizzard+1","Coolheaded","Chaos","Blind","Buffer+1","Creative AI+1","BootSequence","Machine Learning","Fission+1","Blizzard","Bite","Bite","Bite+1","Bite+1","Bite","Fusion+1","Rainbow+1","Storm","Glacier","White Noise","Coolheaded+1","Self Repair","Genetic Algorithm","Coolheaded+1","Static Discharge","Leap+1","Blind","Storm","Reboot","White Noise","Creative AI+1","Capacitor","Chill","Undo+1","Core Surge","Blizzard+1","Tempest+1","Blizzard+1","White Noise","Reboot","Storm","Coolheaded","Capacitor","Panache","Panacea","Flash of Steel"],"relics":["Cracked Core","Hammer of Thor","Seething Fire","Anvil of the Gods","InkBottle","Lee\u0027s Waffle","Meat on the Bone","CeramicFish","Mummified Hand","Thread and Needle","Pantograph","Empty Cage","Kunai","Old Coin","PreservedInsect","Letter Opener","Orrery","Bronze Scales","Bottled Tornado","OrangePellets","Strawberry","Whetstone","Regal Pillow","Nuclear Battery","Strange Spoon","Blood Vial","Darkstone Periapt","HandDrill","Turnip","HornCleat","Mango","Pear","Shuriken","Boot","Toolbox","Ancient Tea Set"],"acts_visited":["Exordium","TheCity","TheBeyond"],"potions_floor_usage":[33,50,50],"damage_taken":[{"damage":9.0,"enemies":"Jaw Worm","floor":1.0,"turns":3.0},{"damage":1.0,"enemies":"Cultist","floor":2.0,"turns":4.0},{"damage":4.0,"enemies":"Small Slimes","floor":5.0,"turns":3.0},{"damage":15.0,"enemies":"Gremlin Nob","floor":7.0,"turns":5.0},{"damage":34.0,"enemies":"Gremlin Gang","floor":8.0,"turns":6.0},{"damage":0.0,"enemies":"Lagavulin","floor":10.0,"turns":7.0},{"damage":0.0,"enemies":"Exordium Thugs","floor":11.0,"turns":6.0},{"damage":33.0,"enemies":"3 Sentries","floor":12.0,"turns":12.0},{"damage":3.0,"enemies":"3 Louse","floor":14.0,"turns":6.0},{"damage":0.0,"enemies":"Slime Boss","floor":16.0,"turns":13.0},{"damage":0.0,"enemies":"Chosen","floor":18.0,"turns":9.0},{"damage":13.0,"enemies":"Shell Parasite","floor":21.0,"turns":11.0},{"damage":6.0,"enemies":"Centurion and Healer","floor":22.0,"turns":9.0},{"damage":58.0,"enemies":"Gremlin Leader","floor":24.0,"turns":10.0},{"damage":9.0,"enemies":"Book of Stabbing","floor":27.0,"turns":4.0},{"damage":0.0,"enemies":"Snake Plant","floor":28.0,"turns":2.0},{"damage":6.0,"enemies":"Sentry and Sphere","floor":29.0,"turns":4.0},{"damage":3.0,"enemies":"Slavers","floor":31.0,"turns":2.0},{"damage":23,"enemies":"Collector","floor":33,"turns":9},{"damage":0,"enemies":"Orb Walker","floor":35,"turns":4},{"damage":0,"enemies":"3 Shapes","floor":37,"turns":3},{"damage":5,"enemies":"Maw","floor":39,"turns":5},{"damage":7,"enemies":"Nemesis","floor":42,"turns":3},{"damage":3,"enemies":"3 Darklings","floor":46,"turns":3},{"damage":0,"enemies":"Reptomancer","floor":47,"turns":4},{"damage":4,"enemies":"Donu and Deca","floor":50,"turns":3}],"seed_played":"2396413232174175777","potions_obtained":[{"floor":2.0,"key":"FearPotion"},{"floor":7.0,"key":"Regen Potion"},{"floor":14.0,"key":"EssenceOfSteel"},{"floor":16.0,"key":"DistilledChaos"},{"floor":24.0,"key":"CultistPotion"},{"floor":33,"key":"FearPotion"}],"is_trial":false,"path_per_floor":["M","M","?","$","M","R","E","M","T","E","M","E","R","M","R","B",null,"M","?","?","M","M","R","E","$","T","E","M","M","$","E","R","B",null,"M","$","M","?","M","$","R","E","T","$","R","M","E","?","R","B",null],"character_chosen":"DEFECT","items_purchased":["Blind","InkBottle","Lee\u0027s Waffle","Meat on the Bone","EssenceOfDarkness","PreservedInsect","Letter Opener","Orrery","Self Repair","Genetic Algorithm","CultistPotion","OrangePellets","Strawberry","Whetstone","Blind","Storm","Reboot","Capacitor","Strange Spoon","Blood Vial","Darkstone Periapt","PotionOfCapacity","HandDrill","Turnip","HornCleat","Core Surge","Blizzard","Shuriken","Boot","Toolbox","Blizzard","White Noise","Reboot","Storm"],"campfire_rested":0,"item_purchase_floors":[4,4,4,4,4,25,25,25,25,25,25,30,30,30,30,30,30,36,36,36,36,36,40,40,40,40,40,44,44,44,44,44,44,44],"current_hp_per_floor":[62,61,61,85,81,81,66,44,44,44,44,23,23,32,32,57,78,78,59,59,59,59,59,35,35,35,43,45,47,54,53,53,66,66,66,66,66,66,66,66,66,80,90,90,90,90,90,80,80,90],"gold":46035,"neow_bonus":"TEN_PERCENT_HP_BONUS","is_daily":false,"chose_seed":false,"campfire_upgraded":8,"win_rate":0.0,"timestamp":1608266273,"path_taken":["M","M","?","$","?","R","E","M","T","E","M","E","R","M","R","BOSS","M","?","?","M","M","R","E","$","T","E","?","M","$","E","R","BOSS","M","$","M","?","M","$","R","E","T","?","R","M","E","?","R","BOSS"],"items_purchased_type":["Card","Relic","Relic","Relic","Potion","Relic","Relic","Relic","Card","Card","Potion","Relic","Relic","Relic","Card","Card","Card","Card","Relic","Relic","Relic","Potion","Relic","Relic","Relic","Card","Card","Relic","Relic","Relic","Card","Card","Card","Card"],"build_version":"2020-12-13","purchased_purges":4,"victory":true,"max_hp_per_floor":[78,78,78,85,85,85,85,85,85,85,85,85,85,85,85,85,85,85,59,59,59,59,59,59,59,59,59,59,59,66,66,66,66,66,66,66,66,66,66,66,66,80,90,90,90,90,90,90,90,90],"card_choices":[{"not_picked":["Redo","Stack"],"picked":"Blizzard","floor":1.0},{"not_picked":["Cold Snap","Barrage"],"picked":"Coolheaded","floor":2.0},{"not_picked":["Tempest","Gash"],"picked":"Buffer","floor":5.0},{"not_picked":["Stack","Go for the Eyes"],"picked":"Creative AI","floor":7.0},{"not_picked":["Beam Cell","Hologram"],"picked":"BootSequence","floor":8.0},{"not_picked":["Beam Cell","Stack","Compile Driver"],"picked":"SKIP","floor":10.0},{"not_picked":["Barrage","Go for the Eyes"],"picked":"BootSequence","floor":11.0},{"not_picked":["Go for the Eyes","Recycle"],"picked":"Machine Learning","floor":12.0},{"not_picked":["Steam","Go for the Eyes","Doom and Gloom"],"picked":"SKIP","floor":14.0},{"not_picked":["Core Surge","Buffer"],"picked":"Fission","floor":16.0},{"not_picked":["Beam Cell+1","Barrage"],"picked":"Blizzard","floor":18.0},{"not_picked":["Conserve Battery","Go for the Eyes","Steam"],"picked":"SKIP","floor":21.0},{"not_picked":["Turbo","Streamline"],"picked":"Fusion+1","floor":22.0},{"not_picked":["Tempest","Lockon"],"picked":"Rainbow","floor":24.0},{"not_picked":["Conserve Battery","Go for the Eyes"],"picked":"Storm","floor":25.0},{"not_picked":["Coolheaded","Redo"],"picked":"Glacier","floor":25.0},{"not_picked":["Barrage+1","Fission"],"picked":"White Noise","floor":25.0},{"not_picked":["Leap","Steam"],"picked":"Coolheaded+1","floor":25.0},{"not_picked":["Ball Lightning","Rebound"],"picked":"Coolheaded+1","floor":27.0},{"not_picked":["Streamline","Conserve Battery"],"picked":"Static Discharge","floor":28.0},{"not_picked":["Scrape+1","Barrage"],"picked":"Leap+1","floor":29.0},{"not_picked":["Auto Shields","Sunder"],"picked":"White Noise","floor":31.0},{"not_picked":["Multi-Cast","Amplify"],"picked":"Creative AI","floor":33},{"not_picked":["Gash","Turbo","Hologram"],"picked":"SKIP","floor":35},{"not_picked":["Barrage","Cold Snap"],"picked":"Chill","floor":37},{"not_picked":["Steam","Go for the Eyes"],"picked":"Undo+1","floor":39},{"not_picked":["Conserve Battery","Double Energy"],"picked":"Tempest+1","floor":42},{"not_picked":["Undo+1","Hologram"],"picked":"Coolheaded","floor":46},{"not_picked":["Coolheaded+1","Gash+1"],"picked":"Capacitor","floor":47},{"not_picked":["Mind Blast","PanicButton"],"picked":"Panache","floor":48},{"not_picked":["Secret Weapon","Finesse"],"picked":"Panacea","floor":48},{"not_picked":["Good Instincts","Violence"],"picked":"Flash of Steel","floor":48}],"player_experience":459191,"relics_obtained":[{"floor":7.0,"key":"CeramicFish"},{"floor":9.0,"key":"Mummified Hand"},{"floor":10.0,"key":"Thread and Needle"},{"floor":12.0,"key":"Pantograph"},{"floor":20.0,"key":"Kunai"},{"floor":24.0,"key":"Old Coin"},{"floor":26.0,"key":"Bronze Scales"},{"floor":27.0,"key":"Bottled Tornado"},{"floor":31.0,"key":"Regal Pillow"},{"floor":42,"key":"Mango"},{"floor":43,"key":"Pear"},{"floor":47,"key":"Ancient Tea Set"}],"event_choices":[{"damage_healed":0.0,"max_hp_gain":0.0,"max_hp_loss":0.0,"gold_gain":0.0,"event_name":"Match and Keep!","player_choice":"1 cards matched","floor":3.0,"gold_loss":0.0,"damage_taken":0.0,"cards_obtained":["Chaos"]},{"damage_healed":0.0,"max_hp_gain":0.0,"max_hp_loss":26.0,"gold_gain":0.0,"event_name":"Vampires","player_choice":"Became a vampire","floor":19.0,"gold_loss":0.0,"damage_taken":0.0,"cards_obtained":["Bite","Bite","Bite","Bite","Bite"]},{"damage_healed":0.0,"max_hp_gain":0.0,"max_hp_loss":0.0,"gold_gain":0.0,"event_name":"Wheel of Change","player_choice":"Relic","floor":20.0,"gold_loss":0.0,"damage_taken":0.0},{"damage_healed":0,"gold_gain":0,"cards_transformed":["BootSequence"],"player_choice":"Transformed","damage_taken":0,"max_hp_gain":0,"max_hp_loss":0,"event_name":"Transmorgrifier","floor":38,"gold_loss":0,"cards_obtained":["Sweeping Beam"]},{"damage_healed":0,"gold_gain":0,"player_choice":"Memory 3","damage_taken":10,"max_hp_gain":0,"max_hp_loss":0,"event_name":"SensoryStone","floor":48,"gold_loss":0}],"is_beta":false,"boss_relics":[{"not_picked":["Runic Dome","Cursed Key"],"picked":"Empty Cage"},{"not_picked":["Philosopher\u0027s Stone","SlaversCollar"],"picked":"Nuclear Battery"}],"items_purged_floors":[4,25,30,40],"is_endless":false,"potions_floor_spawned":[2,5,7,14,16,24,27,28,33,37,42,46],"ascension_level":15}}