{"host":"erulnpr9qdnrfj6h","time":1608282221,"event":{"mods":["AchievementEnabler","BaseMod","Colored Map","Minty Spire (QoL Compilation)","Rare Cards Sparkle","SuperFastMode"],"gold_per_floor":[112,122,176,188,206,239,239,273,300,319,319,332,364,288,288,391,391,407,423,27,27,37,68,88,3,3,3,3,3],"floor_reached":28,"playtime":1750,"items_purged":[],"score":377,"play_id":"507ecde3-1809-4750-a92b-7a65721df2b2","local_time":"20201218180341","is_ascension_mode":true,"campfire_choices":[{"data":"All For One","floor":7.0,"key":"SMITH"},{"data":"Turbo","floor":11.0,"key":"SMITH"},{"data":"White Noise","floor":15.0,"key":"SMITH"},{"floor":27.0,"key":"DIG"}],"circlet_count":0,"master_deck":["Dualcast","Skim","Machine Learning","Chill","Beam Cell","Glacier","Stack","Rip and Tear","All For One+1","Stack","Turbo+1","Cold Snap","Coolheaded","All For One","Leap","Hologram","Melter","White Noise+1","Defragment","Electrodynamics","Barrage+1","Gash","Genetic Algorithm","FTL","Rebound","Turbo","BootSequence+1","Chill"],"relics":["Pandora\u0027s Box","Du-Vu Doll","Oddly Smooth Stone","DataDisk","Inserter","Shovel","Vajra","Kunai","CeramicFish","Cables"],"acts_visited":["Exordium","TheCity"],"potions_floor_usage":[],"damage_taken":[{"damage":0.0,"enemies":"Jaw Worm","floor":1.0,"turns":4.0},{"damage":0.0,"enemies":"Small Slimes","floor":2.0,"turns":3.0},{"damage":0.0,"enemies":"Cultist","floor":4.0,"turns":3.0},{"damage":0.0,"enemies":"3 Louse","floor":5.0,"turns":3.0},{"damage":21.0,"enemies":"Lagavulin","floor":6.0,"turns":10.0},{"damage":11.0,"enemies":"Gremlin Nob","floor":8.0,"turns":4.0},{"damage":0.0,"enemies":"Looter","floor":10.0,"turns":1.0},{"damage":4.0,"enemies":"Gremlin Gang","floor":12.0,"turns":3.0},{"damage":6.0,"enemies":"3 Sentries","floor":13.0,"turns":7.0},{"damage":24.0,"enemies":"Slime Boss","floor":16.0,"turns":11.0},{"damage":7.0,"enemies":"Shell Parasite","floor":18.0,"turns":8.0},{"damage":6.0,"enemies":"Chosen","floor":19.0,"turns":7.0},{"damage":7.0,"enemies":"Snake Plant","floor":22.0,"turns":4.0},{"damage":24.0,"enemies":"Book of Stabbing","floor":23.0,"turns":7.0},{"damage":6.0,"enemies":"3 Cultists","floor":24.0,"turns":3.0},{"damage":0,"enemies":"Slavers","floor":28,"turns":1}],"seed_played":"-5974185547013803024","potions_obtained":[{"floor":2.0,"key":"Regen Potion"},{"floor":5.0,"key":"Strength Potion"},{"floor":10.0,"key":"Explosive Potion"},{"floor":12.0,"key":"ColorlessPotion"},{"floor":16.0,"key":"Weak Potion"},{"floor":18.0,"key":"FocusPotion"},{"floor":23.0,"key":"FearPotion"},{"floor":24.0,"key":"LiquidMemories"}],"is_trial":false,"path_per_floor":["M","M","?","M","M","E","R","E","T","M","R","M","E","$","R","B",null,"M","M","$","?","M","E","M","?","T","R","E"],"character_chosen":"DEFECT","items_purchased":["Defragment","Genetic Algorithm","Shovel","FTL"],"campfire_rested":0,"item_purchase_floors":[14,20,20,20],"current_hp_per_floor":[68,68,68,68,68,47,47,45,45,45,45,41,35,35,35,11,59,52,46,46,46,39,15,9,9,9,9,9,9],"gold":3,"neow_bonus":"BOSS_RELIC","is_daily":false,"chose_seed":false,"campfire_upgraded":3,"win_rate":0.0,"timestamp":1608282221,"path_taken":["M","M","?","M","M","E","R","E","T","M","R","M","E","$","R","BOSS","M","M","$","?","M","E","?","?","T","R","E"],"items_purchased_type":["Card","Card","Relic","Card"],"build_version":"2020-12-13","purchased_purges":0,"victory":false,"max_hp_per_floor":[75,75,75,75,75,75,75,75,75,75,75,75,75,75,75,75,75,75,75,75,75,75,75,75,75,75,75,75,75],"card_choices":[{"not_picked":["Steam","Leap"],"picked":"Stack","floor":1.0},{"not_picked":["Leap","Stack"],"picked":"Turbo","floor":2.0},{"not_picked":["Compile Driver","Aggregate"],"picked":"Cold Snap","floor":4.0},{"not_picked":["Ball Lightning","Leap"],"picked":"Coolheaded","floor":5.0},{"not_picked":["Leap","Skim"],"picked":"All For One","floor":6.0},{"not_picked":["Redo","Ball Lightning"],"picked":"Leap","floor":8.0},{"not_picked":["Rebound","Sweeping Beam"],"picked":"Hologram","floor":10.0},{"not_picked":["Hologram","Rebound"],"picked":"Melter","floor":12.0},{"not_picked":["Ball Lightning","Chaos"],"picked":"White Noise","floor":13.0},{"not_picked":["Multi-Cast","Hyperbeam"],"picked":"Electrodynamics","floor":16.0},{"not_picked":["Compile Driver+1","Rebound"],"picked":"Barrage+1","floor":18.0},{"not_picked":["Rip and Tear","Defragment"],"picked":"Gash","floor":19.0},{"not_picked":["Reprogram","Streamline"],"picked":"Turbo","floor":22.0},{"not_picked":["Rip and Tear","Glacier"],"picked":"BootSequence+1","floor":23.0},{"not_picked":["Redo","Darkness+1"],"picked":"Chill","floor":24.0}],"player_experience":181769,"relics_obtained":[{"floor":6.0,"key":"Du-Vu Doll"},{"floor":8.0,"key":"Oddly Smooth Stone"},{"floor":13.0,"key":"DataDisk"},{"floor":23.0,"key":"Vajra"},{"floor":26.0,"key":"CeramicFish"},{"floor":27.0,"key":"Cables"}],"event_choices":[{"damage_healed":0.0,"max_hp_gain":0.0,"max_hp_loss":0.0,"gold_gain":54.0,"event_name":"Golden Wing","player_choice":"Gained Gold","floor":3.0,"gold_loss":0.0,"damage_taken":0.0},{"damage_healed":0.0,"max_hp_gain":0.0,"max_hp_loss":0.0,"gold_gain":0.0,"cards_transformed":["Zap"],"event_name":"Transmorgrifier","player_choice":"Transformed","floor":21.0,"gold_loss":0.0,"damage_taken":0.0,"cards_obtained":["Rebound"]},{"damage_healed":0.0,"max_hp_gain":0.0,"max_hp_loss":0.0,"gold_gain":0.0,"event_name":"Addict","player_choice":"Obtained Relic","floor":25.0,"gold_loss":85.0,"damage_taken":0.0,"relics_obtained":["Kunai"]}],"is_beta":false,"boss_relics":[{"not_picked":["Empty Cage","Busted Crown"],"picked":"Inserter"}],"items_purged_floors":[],"is_endless":false,"potions_floor_spawned":[2,5,10,12,16,18,23,24],"killed_by":"Slavers","ascension_level":9}}