{"host":"46hhpd9tbruz5rpt","time":1608288549,"event":{"mods":["BaseMod","Minty Spire (QoL Compilation)","Quick Restart","StSLib","UnlockEverythingMod"],"gold_per_floor":[35,69,69,69,69,69,87,87,87,157,202,252,300,360,372,539,551,638,691,627,627,708,708,623,623,649,649,649,716,816,877,877,1002,1002,1041,1102,1177,821,862,862,862,921,975,548,583,646,705,749,749,774],"floor_reached":51,"playtime":3507,"items_purged":["Crescendo+1"],"score":1071,"play_id":"2a71a201-f401-4f2c-9b7c-f41afb8d980b","local_time":"20201218184909","is_ascension_mode":true,"campfire_choices":[{"data":"Vigilance","floor":6.0,"key":"SMITH"},{"data":"HandOfGreed","floor":8.0,"key":"SMITH"},{"data":"Perseverance","floor":15.0,"key":"SMITH"},{"data":"Fasting2","floor":23.0,"key":"SMITH"},{"data":"Evaluate","floor":25.0,"key":"SMITH"},{"data":"FlurryOfBlows","floor":32.0,"key":"SMITH"},{"data":"DevaForm","floor":40.0,"key":"SMITH"},{"data":"Adaptation","floor":49,"key":"SMITH"}],"circlet_count":0,"master_deck":["Eruption+1","Vigilance+1","HandOfGreed+1","FlurryOfBlows+1","Perseverance+1","DevaForm+1","Evaluate+1","Fasting2+1","FlurryOfBlows+1","Adaptation+1"],"relics":["PureWater","Bloody Idol","Omamori","MawBank","Pandora\u0027s Box","Red Mask","Art of War","Nloth\u0027s Gift","Molten Egg 2","Busted Crown","TungstenRod","Membership Card","Torii","Pen Nib","Bag of Marbles","Medical Kit","Shuriken","InkBottle","Ancient Tea Set"],"acts_visited":["Exordium","TheCity","TheBeyond"],"potions_floor_usage":[50,50],"damage_taken":[{"damage":0.0,"enemies":"Cultist","floor":1.0,"turns":4.0},{"damage":1.0,"enemies":"2 Louse","floor":2.0,"turns":3.0},{"damage":2.0,"enemies":"Jaw Worm","floor":7.0,"turns":2.0},{"damage":4.0,"enemies":"Exordium Thugs","floor":10.0,"turns":6.0},{"damage":0.0,"enemies":"Large Slime","floor":11.0,"turns":2.0},{"damage":0.0,"enemies":"Blue Slaver","floor":12.0,"turns":1.0},{"damage":0.0,"enemies":"2 Fungi Beasts","floor":13.0,"turns":3.0},{"damage":18.0,"enemies":"Lagavulin","floor":14.0,"turns":4.0},{"damage":5.0,"enemies":"Hexaghost","floor":16.0,"turns":6.0},{"damage":3.0,"enemies":"2 Thieves","floor":18.0,"turns":2.0},{"damage":0.0,"enemies":"Chosen","floor":19.0,"turns":3.0},{"damage":32.0,"enemies":"Masked Bandits","floor":22.0,"turns":3.0},{"damage":0.0,"enemies":"Centurion and Healer","floor":29.0,"turns":3.0},{"damage":24.0,"enemies":"Slavers","floor":30.0,"turns":7.0},{"damage":10.0,"enemies":"3 Cultists","floor":31.0,"turns":3.0},{"damage":10.0,"enemies":"Collector","floor":33.0,"turns":6.0},{"damage":8.0,"enemies":"Orb Walker","floor":35.0,"turns":3.0},{"damage":1.0,"enemies":"3 Shapes","floor":36.0,"turns":4.0},{"damage":16.0,"enemies":"Mind Bloom Boss Battle","floor":37.0,"turns":4.0},{"damage":0.0,"enemies":"Maw","floor":39.0,"turns":4.0},{"damage":23.0,"enemies":"Nemesis","floor":42.0,"turns":5.0},{"damage":5.0,"enemies":"Sphere and 2 Shapes","floor":45.0,"turns":2.0},{"damage":18.0,"enemies":"Jaw Worm Horde","floor":46.0,"turns":3.0},{"damage":0.0,"enemies":"Giant Head","floor":47.0,"turns":3.0},{"damage":8,"enemies":"Writhing Mass","floor":48,"turns":4},{"damage":7,"enemies":"Donu and Deca","floor":50,"turns":3}],"seed_played":"-2036466149110957133","potions_obtained":[{"floor":1.0,"key":"ColorlessPotion"},{"floor":2.0,"key":"DistilledChaos"},{"floor":10.0,"key":"BlessingOfTheForge"},{"floor":12.0,"key":"Weak Potion"},{"floor":18.0,"key":"Explosive Potion"},{"floor":31.0,"key":"ColorlessPotion"},{"floor":33.0,"key":"SkillPotion"},{"floor":35.0,"key":"DistilledChaos"},{"floor":47.0,"key":"Energy Potion"}],"is_trial":false,"path_per_floor":["M","M","?","?","?","R","M","R","T","M","M","M","M","E","R","B",null,"M","M","$","?","?","R","?","R","T","?","?","M","E","M","R","B",null,"M","M","?","$","M","R","?","E","T","$","M","M","E","M","R","B",null],"character_chosen":"WATCHER","items_purchased":["Fasting2","Membership Card","Torii","FlurryOfBlows+1","Medical Kit","Shuriken","InkBottle","Adaptation","FearPotion","DistilledChaos"],"campfire_rested":0,"item_purchase_floors":[20,38,38,38,44,44,44,44,44,44],"current_hp_per_floor":[65,64,57,57,57,57,55,55,55,51,51,51,51,33,33,28,57,54,54,54,54,37,37,37,37,42,42,42,57,53,58,58,58,65,67,67,61,61,67,67,67,54,59,59,64,61,67,67,67,65],"gold":774,"neow_bonus":"RANDOM_COLORLESS_2","is_daily":false,"chose_seed":false,"campfire_upgraded":8,"win_rate":0.0,"timestamp":1608288549,"path_taken":["M","M","?","?","?","R","M","R","T","M","M","M","M","E","R","BOSS","M","M","$","?","?","R","?","R","T","?","?","M","E","?","R","BOSS","M","M","?","$","M","R","?","E","T","$","M","?","E","M","R","BOSS"],"items_purchased_type":["Card","Relic","Relic","Card","Relic","Relic","Relic","Card","Potion","Potion"],"build_version":"2020-12-13","purchased_purges":1,"victory":true,"max_hp_per_floor":[72,72,72,67,67,67,67,67,67,67,67,67,67,67,67,67,67,67,67,67,67,67,67,67,67,67,67,67,67,67,67,67,67,67,67,67,67,67,67,67,67,67,67,67,67,67,67,67,67,67],"card_choices":[{"not_picked":["Secret Technique","Magnetism"],"picked":"HandOfGreed","floor":0.0},{"not_picked":["EmptyBody","Nirvana","ForeignInfluence"],"picked":"SKIP","floor":1.0},{"not_picked":["WheelKick","Collect","Wallop"],"picked":"SKIP","floor":2.0},{"not_picked":["EmptyFist","Study","BowlingBash"],"picked":"SKIP","floor":7.0},{"not_picked":["CarveReality","CutThroughFate","CrushJoints"],"picked":"SKIP","floor":10.0},{"not_picked":["JustLucky","Wireheading"],"picked":"FlurryOfBlows","floor":11.0},{"not_picked":["PathToVictory","EmptyBody","WaveOfTheHand"],"picked":"SKIP","floor":12.0},{"not_picked":["CutThroughFate","FlyingSleeves","Nirvana"],"picked":"SKIP","floor":13.0},{"not_picked":["WheelKick","ConjureBlade"],"picked":"Perseverance","floor":14.0},{"not_picked":["LessonLearned","Wish"],"picked":"DevaForm","floor":16.0},{"not_picked":["DeceiveReality","Crescendo+1"],"picked":"Evaluate","floor":18.0},{"not_picked":["Halt+1","Sanctity","Indignation"],"picked":"SKIP","floor":19.0},{"not_picked":["BowlingBash","CrushJoints"],"picked":"Crescendo+1","floor":22.0},{"not_picked":["TalkToTheHand","WaveOfTheHand+1","FollowUp"],"picked":"SKIP","floor":29.0},{"not_picked":["MasterReality","LessonLearned+1","Pray+1"],"picked":"SKIP","floor":30.0},{"not_picked":["Halt","FlyingSleeves+1","Evaluate"],"picked":"SKIP","floor":31.0},{"not_picked":["Evaluate"],"picked":"SKIP","floor":35.0},{"not_picked":["ThirdEye"],"picked":"SKIP","floor":36.0},{"not_picked":["EmptyBody"],"picked":"SKIP","floor":39.0},{"not_picked":["Collect"],"picked":"SKIP","floor":42.0},{"not_picked":["FlyingSleeves+1"],"picked":"SKIP","floor":45.0},{"not_picked":["Judgement"],"picked":"SKIP","floor":46.0},{"not_picked":["SashWhip+1"],"picked":"SKIP","floor":47.0},{"not_picked":["ReachHeaven+1"],"picked":"SKIP","floor":48}],"player_experience":65012,"relics_obtained":[{"floor":9.0,"key":"Omamori"},{"floor":14.0,"key":"MawBank"},{"floor":22.0,"key":"Red Mask"},{"floor":26.0,"key":"Art of War"},{"floor":30.0,"key":"Molten Egg 2"},{"floor":37.0,"key":"TungstenRod"},{"floor":42.0,"key":"Pen Nib"},{"floor":43.0,"key":"Bag of Marbles"},{"floor":47.0,"key":"Ancient Tea Set"}],"event_choices":[{"cards_removed":["Strike_P"],"damage_healed":0.0,"max_hp_gain":0.0,"max_hp_loss":0.0,"gold_gain":0.0,"event_name":"Golden Wing","player_choice":"Card Removal","floor":3.0,"gold_loss":0.0,"damage_taken":7.0},{"damage_healed":0.0,"max_hp_gain":0.0,"max_hp_loss":5.0,"gold_gain":0.0,"event_name":"Golden Idol","player_choice":"Lose Max HP","floor":4.0,"gold_loss":0.0,"damage_taken":0.0,"relics_obtained":["Golden Idol"]},{"damage_healed":0.0,"max_hp_gain":0.0,"max_hp_loss":0.0,"gold_gain":0.0,"event_name":"Upgrade Shrine","player_choice":"Upgraded","floor":5.0,"gold_loss":0.0,"damage_taken":0.0,"cards_upgraded":["Eruption"]},{"damage_healed":0.0,"max_hp_gain":0.0,"max_hp_loss":0.0,"gold_gain":0.0,"event_name":"Forgotten Altar","player_choice":"Gave Idol","floor":21.0,"relics_lost":["Golden Idol"],"gold_loss":0.0,"damage_taken":0.0,"relics_obtained":["Bloody Idol"]},{"damage_healed":0.0,"max_hp_gain":0.0,"max_hp_loss":0.0,"gold_gain":0.0,"event_name":"Masked Bandits","player_choice":"Fought Bandits","floor":22.0,"gold_loss":0.0,"damage_taken":0.0},{"damage_healed":0.0,"max_hp_gain":0.0,"max_hp_loss":0.0,"gold_gain":0.0,"event_name":"Addict","player_choice":"Obtained Relic","floor":24.0,"gold_loss":85.0,"damage_taken":0.0,"relics_obtained":["Dream Catcher"]},{"damage_healed":0.0,"max_hp_gain":0.0,"max_hp_loss":0.0,"gold_gain":0.0,"event_name":"Beggar","player_choice":"Ignored","floor":27.0,"gold_loss":0.0,"damage_taken":0.0},{"damage_healed":0.0,"max_hp_gain":0.0,"max_hp_loss":0.0,"gold_gain":0.0,"event_name":"N\u0027loth","player_choice":"Traded Relic","floor":28.0,"relics_lost":["Dream Catcher"],"gold_loss":0.0,"damage_taken":0.0,"relics_obtained":["Nloth\u0027s Gift"]},{"damage_healed":0.0,"max_hp_gain":0.0,"max_hp_loss":0.0,"gold_gain":0.0,"event_name":"MindBloom","player_choice":"Fight","floor":37.0,"gold_loss":0.0,"damage_taken":0.0},{"damage_healed":0.0,"max_hp_gain":0.0,"max_hp_loss":0.0,"gold_gain":0.0,"event_name":"Purifier","player_choice":"Ignored","floor":41.0,"gold_loss":0.0,"damage_taken":0.0}],"is_beta":false,"boss_relics":[{"not_picked":["Tiny House","SlaversCollar"],"picked":"Pandora\u0027s Box"},{"not_picked":["Sozu","Snecko Eye"],"picked":"Busted Crown"}],"items_purged_floors":[38],"is_endless":false,"potions_floor_spawned":[1,2,10,12,13,18,31,33,35,37,39,47],"ascension_level":8}}