{"host":"hgkb2zpbo2dcws21","time":1608279498,"event":{"mods":["AchievementEnabler","BaseMod","Colored Map","Colored Powertips","Custom Start","DeckTracker","KOR Keyword Fix","Minty Spire (QoL Compilation)","StSLib","SuperFastMode"],"gold_per_floor":[115,115,134,153,303,303,263,263,263,263,290,301,301,324,336,419,431,463,475,402,255,305,305,305,305,305,325,325,138,138,138,138,215,215,215],"floor_reached":34,"playtime":558,"items_purged":["Doubt","Strike_G"],"score":650,"play_id":"94510f89-bc54-4cda-a991-fb61644a6412","local_time":"20201218171818","is_ascension_mode":true,"campfire_choices":[{"data":"Envenom","floor":6.0,"key":"SMITH"},{"data":"Infinite Blades","floor":8.0,"key":"SMITH"},{"floor":13.0,"key":"REST"},{"data":"Cloak And Dagger","floor":15.0,"key":"SMITH"},{"data":"Accuracy","floor":23,"key":"SMITH"},{"data":"Infinite Blades","floor":24,"key":"SMITH"},{"data":"Prepared","floor":25,"key":"SMITH"},{"floor":28,"key":"REST"},{"data":"Acrobatics","floor":30,"key":"SMITH"},{"data":"Neutralize","floor":32,"key":"SMITH"}],"circlet_count":0,"master_deck":["AscendersBane","Strike_G+1","Defend_G","Defend_G","Defend_G","Survivor","Neutralize+1","Cloak And Dagger+1","Envenom+1","PiercingWail","Infinite Blades+1","Tactician+1","Quick Slash","Accuracy+1","Malaise","Deadly Poison+1","Die Die Die+1","Riddle With Holes+1","Prepared+1","Infinite Blades+1","Acrobatics+1","Finisher","After Image"],"relics":["Ring of the Snake","NeowsBlessing","Shuriken","Thread and Needle","MawBank","Astrolabe","WingedGreaves","Darkstone Periapt","Mercury Hourglass","Black Star"],"acts_visited":["Exordium","TheCity","TheBeyond"],"potions_floor_usage":[],"damage_taken":[{"damage":0.0,"enemies":"2 Louse","floor":1.0,"turns":1.0},{"damage":0.0,"enemies":"Cultist","floor":3.0,"turns":1.0},{"damage":0.0,"enemies":"Small Slimes","floor":4.0,"turns":1.0},{"damage":0.0,"enemies":"Looter","floor":7.0,"turns":4.0},{"damage":24.0,"enemies":"3 Sentries","floor":11.0,"turns":9.0},{"damage":1.0,"enemies":"Red Slaver","floor":12.0,"turns":4.0},{"damage":34.0,"enemies":"Slime Boss","floor":16.0,"turns":9.0},{"damage":21.0,"enemies":"Shell Parasite","floor":18.0,"turns":5.0},{"damage":12,"enemies":"Spheric Guardian","floor":27,"turns":4},{"damage":50,"enemies":"Automaton","floor":33,"turns":7}],"seed_played":"-4335191461226487919","potions_obtained":[{"floor":11.0,"key":"FairyPotion"},{"floor":12.0,"key":"FairyPotion"},{"floor":16.0,"key":"AttackPotion"},{"floor":33,"key":"SteroidPotion"}],"is_trial":false,"path_per_floor":["M","?","M","M","?","R","M","R","T","?","E","M","R","T","R","B",null,"M","T","?","$","?","R","R","R","T","M","R","$","R","?","R","B",null],"character_chosen":"THE_SILENT","items_purchased":["Infinite Blades","Finisher"],"campfire_rested":2,"item_purchase_floors":[21,29],"current_hp_per_floor":[59,59,59,59,59,59,59,59,59,39,15,14,33,33,33,19,54,33,33,33,33,27,27,27,27,27,15,34,34,34,34,34,19,54,54],"gold":215,"neow_bonus":"THREE_ENEMY_KILL","is_daily":false,"chose_seed":false,"campfire_upgraded":8,"win_rate":0.0,"timestamp":1608279498,"path_taken":["M","?","?","?","?","R","M","R","T","?","E","M","R","?","R","BOSS","M","?","?","$","?","R","R","R","T","?","R","$","R","?","R","BOSS"],"items_purchased_type":["Card","Card"],"build_version":"2020-12-13","purchased_purges":2,"victory":false,"max_hp_per_floor":[66,66,66,66,66,66,66,66,66,66,66,66,66,66,66,66,66,66,66,66,66,66,66,66,66,66,66,66,66,66,66,66,66,66,66],"card_choices":[{"not_picked":["Quick Slash","Dodge and Roll"],"picked":"Cloak And Dagger","floor":1.0},{"not_picked":["Dodge and Roll","Cloak And Dagger"],"picked":"PiercingWail","floor":3.0},{"not_picked":["Doppelganger","Expertise"],"picked":"Infinite Blades","floor":4.0},{"not_picked":["Sucker Punch","Bane"],"picked":"Tactician","floor":7.0},{"not_picked":["Cloak And Dagger","Concentrate"],"picked":"Quick Slash","floor":11.0},{"not_picked":["Terror","Dodge and Roll"],"picked":"Accuracy","floor":12.0},{"not_picked":["Glass Knife","Storm of Steel"],"picked":"Malaise","floor":16.0},{"not_picked":["Slice","Choke"],"picked":"Prepared","floor":18.0},{"not_picked":["Infinite Blades","Cloak And Dagger"],"picked":"Acrobatics","floor":27},{"not_picked":["Burst","Bullet Time"],"picked":"After Image","floor":33}],"player_experience":1081919,"relics_obtained":[{"floor":9.0,"key":"Shuriken"},{"floor":11.0,"key":"Thread and Needle"},{"floor":14.0,"key":"MawBank"},{"floor":19.0,"key":"WingedGreaves"},{"floor":26,"key":"Mercury Hourglass"}],"event_choices":[{"damage_healed":0.0,"max_hp_gain":0.0,"max_hp_loss":0.0,"gold_gain":0.0,"cards_transformed":["Strike_G"],"event_name":"Transmorgrifier","player_choice":"Transformed","floor":2.0,"gold_loss":0.0,"damage_taken":0.0,"cards_obtained":["Envenom"]},{"damage_healed":0.0,"max_hp_gain":0.0,"max_hp_loss":0.0,"gold_gain":150.0,"event_name":"Liars Game","player_choice":"AGREE","floor":5.0,"gold_loss":0.0,"damage_taken":0.0,"cards_obtained":["Doubt"]},{"damage_healed":0.0,"max_hp_gain":0.0,"max_hp_loss":0.0,"gold_gain":0.0,"event_name":"Shining Light","player_choice":"Entered Light","floor":10.0,"gold_loss":0.0,"damage_taken":20.0,"cards_upgraded":["Tactician","Strike_G"]},{"damage_healed":0.0,"max_hp_gain":0.0,"max_hp_loss":0.0,"gold_gain":0.0,"event_name":"Addict","player_choice":"Obtained Relic","floor":20.0,"gold_loss":85.0,"damage_taken":0.0,"relics_obtained":["Darkstone Periapt"]},{"damage_healed":0,"gold_gain":50,"player_choice":"Touch","damage_taken":6,"max_hp_gain":0,"max_hp_loss":0,"event_name":"FaceTrader","floor":22,"gold_loss":0},{"cards_removed":["Defend_G"],"damage_healed":0,"gold_gain":0,"player_choice":"Elegance","damage_taken":0,"max_hp_gain":0,"max_hp_loss":0,"event_name":"Back to Basics","floor":31,"gold_loss":0}],"is_beta":false,"boss_relics":[{"not_picked":["Runic Pyramid","Runic Dome"],"picked":"Astrolabe"},{"not_picked":["Velvet Choker","Calling Bell"],"picked":"Black Star"}],"items_purged_floors":[21,29],"is_endless":false,"potions_floor_spawned":[11,12,16,33],"ascension_level":18}}