{"host":"f0gpob8hq9vgebej","time":1608269210,"event":{"mods":["AchievementEnabler","BaseMod","Googly Eyes","Minty Spire (QoL Compilation)","Quick Restart","SuperFastMode"],"gold_per_floor":[116,128,78,95,107,107,162,162,162,119,129,148,165,165,165,165,165],"floor_reached":16,"playtime":269,"items_purged":[],"score":150,"play_id":"6effe6cd-1299-4b12-8aa0-8371018d2468","local_time":"20201218142650","is_ascension_mode":true,"campfire_choices":[{"data":"Crippling Poison","floor":6.0,"key":"SMITH"},{"data":"Deadly Poison","floor":8.0,"key":"SMITH"},{"floor":15,"key":"REST"}],"circlet_count":0,"master_deck":["AscendersBane","Strike_G","Strike_G","Strike_G","Strike_G","Defend_G","Defend_G","Defend_G","Defend_G","Defend_G","Survivor","Neutralize","Master of Strategy","Footwork","Crippling Poison+1","PiercingWail","Reflex","Deadly Poison+1","Backflip"],"relics":["Ring of the Snake","Paper Crane","Nunchaku"],"acts_visited":["Exordium"],"potions_floor_usage":[12],"damage_taken":[{"damage":1.0,"enemies":"Jaw Worm","floor":1.0,"turns":4.0},{"damage":6.0,"enemies":"2 Louse","floor":2.0,"turns":4.0},{"damage":0.0,"enemies":"Small Slimes","floor":4.0,"turns":6.0},{"damage":2.0,"enemies":"3 Louse","floor":5.0,"turns":3.0},{"damage":29.0,"enemies":"3 Sentries","floor":7.0,"turns":14.0},{"damage":0.0,"enemies":"2 Fungi Beasts","floor":11.0,"turns":4.0},{"damage":0,"enemies":"Gremlin Gang","floor":12,"turns":4},{"damage":1,"enemies":"3 Louse","floor":13,"turns":2},{"damage":0,"enemies":"Slime Boss","floor":16,"turns":1}],"seed_played":"-4375950296698343413","potions_obtained":[{"floor":1.0,"key":"GhostInAJar"},{"floor":5.0,"key":"AttackPotion"},{"floor":7.0,"key":"Energy Potion"},{"floor":13,"key":"ColorlessPotion"}],"is_trial":false,"path_per_floor":["M","M","?","M","M","R","?","R","T","?","M","M","M","?","R","B"],"character_chosen":"THE_SILENT","items_purchased":[],"campfire_rested":1,"item_purchase_floors":[],"current_hp_per_floor":[44,38,38,38,36,36,7,7,7,7,7,7,6,6,27,27,27],"gold":165,"neow_bonus":"RANDOM_COLORLESS_2","is_daily":false,"chose_seed":false,"campfire_upgraded":2,"win_rate":0.0,"timestamp":1608269210,"path_taken":["M","M","?","M","M","R","?","R","T","?","M","M","M","?","R","BOSS"],"items_purchased_type":[],"build_version":"2020-12-13","purchased_purges":0,"victory":false,"max_hp_per_floor":[70,70,70,70,70,70,70,70,70,70,70,70,70,70,70,70,70],"card_choices":[{"not_picked":["The Bomb","Transmutation"],"picked":"Master of Strategy","floor":0.0},{"not_picked":["Bouncing Flask","Dagger Throw"],"picked":"Footwork","floor":1.0},{"not_picked":["Backflip","PiercingWail"],"picked":"Crippling Poison","floor":2.0},{"not_picked":["Outmaneuver","Setup"],"picked":"PiercingWail","floor":4.0},{"not_picked":["Skewer","Dodge and Roll"],"picked":"Reflex","floor":5.0},{"not_picked":["Catalyst","Flying Knee"],"picked":"Deadly Poison","floor":7.0},{"not_picked":["Deflect","Bane","Finisher"],"picked":"SKIP","floor":11.0},{"not_picked":["Deadly Poison","Setup"],"picked":"Backflip","floor":12},{"not_picked":["Slice","PiercingWail","Quick Slash"],"picked":"SKIP","floor":13}],"player_experience":176416,"relics_obtained":[{"floor":7.0,"key":"Paper Crane"},{"floor":9.0,"key":"Nunchaku"}],"event_choices":[{"cards_removed":["Strike_G"],"damage_healed":0.0,"max_hp_gain":0.0,"max_hp_loss":0.0,"gold_gain":0.0,"event_name":"The Cleric","player_choice":"Card Removal","floor":3.0,"gold_loss":50.0,"damage_taken":0.0},{"damage_healed":0.0,"max_hp_gain":0.0,"max_hp_loss":0.0,"gold_gain":0.0,"event_name":"Dead Adventurer","player_choice":"Searched \u00271\u0027 times","floor":7.0,"gold_loss":0.0,"damage_taken":0.0},{"damage_healed":0.0,"max_hp_gain":0.0,"max_hp_loss":0.0,"gold_gain":0.0,"event_name":"World of Goop","player_choice":"Left Gold","floor":10.0,"gold_loss":43.0,"damage_taken":0.0},{"damage_healed":0,"gold_gain":0,"player_choice":"Ignored","damage_taken":0,"max_hp_gain":0,"max_hp_loss":0,"event_name":"Golden Wing","floor":14,"gold_loss":0}],"is_beta":false,"boss_relics":[],"items_purged_floors":[],"is_endless":false,"potions_floor_spawned":[1,5,7,13],"killed_by":"Slime Boss","ascension_level":12}}