{"host":"xodzlm10r37577ou","time":1608268702,"event":{"mods":["Act Like it!","BaseMod","Gensokyo","Koishi","KomeijiMod","Marisa£®ÏF”Í°°ƒß¿Ì…≥£©","Minty Spire (QoL Compilation)","Reimu£®≤©¿ˆ¡È√Œ£©","Remilia£®¿Ÿ√◊¿Ú—«£©","Replay The Spire","StSLib","The Administrix","The Servant 0.9.4","Youmu£®ªÍ∆«—˝√Œ£©"],"gold_per_floor":[117,117,137,161,172,199,199,209,258,280,292,333,345,374,386,499,511,539,466,478,12,30,30,42,52,52,78,78,108,108,134,134,239,239,250,250,250,260,160,160,179,214,267,267,308,337,337,337,337,337],"floor_reached":51,"playtime":2537,"items_purged":["Koishi:BasicStrike"],"score":735,"play_id":"37aeceee-aec5-4d55-b9ab-8f0f9588421b","local_time":"20201218131822","is_ascension_mode":true,"campfire_choices":[{"data":"Koishi:HauntingSlash","floor":7.0,"key":"SMITH"},{"data":"Koishi:HeartStoppingHorror","floor":11.0,"key":"SMITH"},{"data":"Koishi:RacingHeart","floor":13.0,"key":"SMITH"},{"data":"Koishi:UnseenTerror","floor":15.0,"key":"SMITH"},{"data":"Koishi:ImGoingToCallYouNow","floor":23.0,"key":"SMITH"},{"data":"Koishi:ParalyzingFear","floor":30.0,"key":"SMITH"},{"data":"Koishi:TremblingHands","floor":32.0,"key":"SMITH"},{"data":"Koishi:JumpScare","floor":40,"key":"SMITH"},{"data":"Koishi:MindNumbingTerror","floor":44,"key":"SMITH"},{"data":"Madness","floor":47,"key":"SMITH"},{"data":"Madness","floor":49,"key":"SMITH"}],"circlet_count":0,"master_deck":["Koishi:BasicStrike","Koishi:BasicStrike","Koishi:BasicStrike","Koishi:BasicDefend","Koishi:BasicDefend","Koishi:BasicDefend","Koishi:Provoke","Koishi:HauntingSlash+1","Koishi:RacingHeart+1","Koishi:GeneticsOfTheUnconscious+1","Koishi:UnseenTerror+1","Koishi:ParalyzingFear+1","Koishi:TremblingHands+1","Koishi:HeartStoppingHorror+1","Koishi:MindNumbingTerror+1","Koishi:ApparitionsStalkTheNight","Koishi:RacingHeart+1","Koishi:ImGoingToCallYouNow+1","Koishi:HeartStoppingHorror+1","Koishi:HeartAttack+1","Koishi:Catatonia+1","Koishi:RuptureMind+1","Koishi:HeartAttack+1","Madness+1","Madness+1","Koishi:HeartfeltFancy+1","Koishi:JumpScare+1","Koishi:EmbersOfLove+1","Koishi:StingingMind+1"],"relics":["Koishi:ImaginaryFriend","NeowsBlessing","Art of War","Koishi:TeethAndClaws","MawBank","Replay:Rubber Ducky","Coffee Dripper","Gambling Chip","Koishi:AHoleWhereASisterShouldBe","Molten Egg 2","Replay:Towering Pillar of Hats","Onion Ring","Replay:Bottled Eggs","RuthlessExorcism:ReiMu","Bottled Tornado","Velvet Choker","CeramicFish","Ancient Tea Set","Durian"],"acts_visited":["Exordium","TheCity","TheBeyond"],"potions_floor_usage":[50,50,50],"damage_taken":[{"damage":0.0,"enemies":"Cultist","floor":1.0,"turns":1.0},{"damage":0.0,"enemies":"Jaw Worm","floor":3.0,"turns":1.0},{"damage":0.0,"enemies":"2 Louse","floor":5.0,"turns":1.0},{"damage":26.0,"enemies":"Lagavulin","floor":6.0,"turns":7.0},{"damage":9.0,"enemies":"Large Slime","floor":8.0,"turns":6.0},{"damage":7.0,"enemies":"Exordium Thugs","floor":10.0,"turns":6.0},{"damage":22.0,"enemies":"3 Sentries","floor":12.0,"turns":8.0},{"damage":2.0,"enemies":"Blue Slaver","floor":14.0,"turns":4.0},{"damage":10.0,"enemies":"Fading Forest","floor":16.0,"turns":11.0},{"damage":12.0,"enemies":"Shell Parasite","floor":18.0,"turns":4.0},{"damage":15.0,"enemies":"Spheric Guardian","floor":22.0,"turns":4.0},{"damage":2.0,"enemies":"Shelled Parasite and Fungi","floor":24.0,"turns":3.0},{"damage":1.0,"enemies":"Centurion and Healer","floor":25.0,"turns":3.0},{"damage":7.0,"enemies":"Gremlin Leader","floor":27.0,"turns":3.0},{"damage":20.0,"enemies":"Book of Stabbing","floor":29.0,"turns":3.0},{"damage":0.0,"enemies":"Replay:Snechameleon","floor":31.0,"turns":4.0},{"damage":12.0,"enemies":"Collector","floor":33.0,"turns":4.0},{"damage":0,"enemies":"Orb Walker","floor":35,"turns":2},{"damage":2,"enemies":"3 Shapes","floor":38,"turns":1},{"damage":1,"enemies":"Spire Growth","floor":41,"turns":2},{"damage":3,"enemies":"Giant Head","floor":42,"turns":5},{"damage":15,"enemies":"Reptomancer","floor":45,"turns":3},{"damage":12,"enemies":"Maw","floor":46,"turns":5},{"damage":3,"enemies":"Replay:Hell Engine","floor":50,"turns":4}],"seed_played":"-17766502851880667","potions_obtained":[{"floor":1.0,"key":"SkillPotion"},{"floor":3.0,"key":"ExcitationPotion"},{"floor":6.0,"key":"Venom Potion"},{"floor":16.0,"key":"Toxic Potion"},{"floor":24.0,"key":"CalmPotion"},{"floor":25.0,"key":"SkillPotion"},{"floor":27.0,"key":"Reflective Coating"},{"floor":31.0,"key":"LifebloodPotion"},{"floor":33.0,"key":"ZuzhouPotion:ReiMu"},{"floor":38,"key":"ExcitationPotion"},{"floor":42,"key":"ColorlessPotion"}],"is_trial":false,"path_per_floor":["M","?","M","T","M","E","R","M","T","M","R","E","R","M","R","B",null,"M","?","?","$","M","R","M","M","T","E","T","E","R","E","R","B",null,"M","?","?","M","?","R","M","E","T","R","E","M","R","?","R","B",null],"character_chosen":"KOISHI","items_purchased":["Koishi:AHoleWhereASisterShouldBe","Molten Egg 2"],"campfire_rested":0,"item_purchase_floors":[21,21],"current_hp_per_floor":[60,60,60,60,60,46,46,45,45,46,46,28,28,31,31,51,60,60,60,60,60,47,47,58,60,60,60,60,60,60,60,60,60,60,60,60,52,50,50,50,60,60,60,60,65,65,65,65,65,65],"gold":337,"neow_bonus":"THREE_ENEMY_KILL","is_daily":false,"chose_seed":false,"campfire_upgraded":11,"win_rate":0.0,"timestamp":1608268702,"path_taken":["M","?","M","?","M","E","R","?","T","M","R","E","R","M","R","BOSS","M","?","?","$","M","R","?","M","T","E","?","E","R","E","R","BOSS","M","?","?","?","?","R","M","E","T","R","E","M","R","?","R","BOSS"],"items_purchased_type":["Relic","Relic"],"build_version":"2020-12-13","purchased_purges":1,"victory":true,"max_hp_per_floor":[60,60,60,60,60,60,60,60,60,60,60,60,60,60,60,60,60,60,60,60,60,60,60,60,60,60,60,60,60,60,60,60,60,60,60,60,60,60,60,60,60,60,60,60,65,65,65,65,65,65],"card_choices":[{"not_picked":["Koishi:GhostParty","Koishi:SpiritedAway"],"picked":"Koishi:RacingHeart","floor":1.0},{"not_picked":["Koishi:Bloodlust","Koishi:SpiritedAway"],"picked":"Koishi:UnseenTerror","floor":3.0},{"not_picked":["Koishi:ReflexRadar","Koishi:Jaunt"],"picked":"Koishi:ParalyzingFear","floor":5.0},{"not_picked":["Koishi:BramblyRoseGarden","Koishi:GhostParty"],"picked":"Koishi:TremblingHands","floor":6.0},{"not_picked":["Koishi:UnansweredLove","Koishi:Prune"],"picked":"Koishi:HeartStoppingHorror","floor":8.0},{"not_picked":["Koishi:DreadfulBlow","Koishi:SubconsciousSweep"],"picked":"Koishi:MindNumbingTerror","floor":10.0},{"not_picked":["Koishi:TremblingHands","Koishi:BramblyRoseGarden"],"picked":"Koishi:ApparitionsStalkTheNight","floor":12.0},{"not_picked":["Koishi:BloodcurdlingScream","Koishi:CatchAndRose"],"picked":"Koishi:RacingHeart","floor":14.0},{"not_picked":["Koishi:RuptureMind","Koishi:RollingInRichesHeart"],"picked":"Koishi:ImGoingToCallYouNow","floor":16.0},{"not_picked":["Koishi:ReflexRadar","Koishi:PhantomBarrier","Koishi:HeartfeltFancy"],"picked":"SKIP","floor":18.0},{"not_picked":["Koishi:SprinkleStarAndHeart","Koishi:GrowingPain+1"],"picked":"Koishi:HeartAttack+1","floor":22.0},{"not_picked":["Koishi:Jaunt+1","Koishi:ReflexRadar"],"picked":"Koishi:Catatonia+1","floor":24.0},{"not_picked":["Koishi:Possession","Koishi:SubterraneanRose","Koishi:FreudianInstinct"],"picked":"SKIP","floor":25.0},{"not_picked":["Koishi:Prune+1","Koishi:Catatonia+1","Koishi:SubterraneanRose"],"picked":"SKIP","floor":27.0},{"not_picked":["Koishi:MindNumbingTerror+1","Koishi:Possession","Koishi:ParalyzingFear+1"],"picked":"SKIP","floor":29.0},{"not_picked":["Koishi:FreudianInstinct","Koishi:BloodcurdlingScream+1","Koishi:UnansweredLove+1"],"picked":"SKIP","floor":31.0},{"not_picked":["Koishi:HeartStoppingHorror","Koishi:ConditionedTeleport"],"picked":"Koishi:RuptureMind+1","floor":33.0},{"not_picked":["Koishi:SubterraneanRose","Koishi:ReflexRadar"],"picked":"Koishi:HeartAttack+1","floor":35},{"not_picked":["Koishi:Possession+1","Koishi:PhantomBarrier+1"],"picked":"Koishi:HeartfeltFancy+1","floor":38},{"not_picked":["Koishi:LastRemote+1","Koishi:CatchAndRose"],"picked":"Koishi:JumpScare","floor":39},{"not_picked":["Koishi:StingingMind+1","Koishi:Prune+1","Koishi:UnansweredLove"],"picked":"SKIP","floor":41},{"not_picked":["Koishi:TerrifyingSpectre","Koishi:TremblingHands+1","Koishi:BloodcurdlingScream+1"],"picked":"SKIP","floor":42},{"not_picked":["Koishi:FleetingPhantom+1","Koishi:HeartfeltFancy+1"],"picked":"Koishi:EmbersOfLove+1","floor":45},{"not_picked":["Koishi:ParalyzingFear+1","Koishi:PhilosophyOfTheDespised+1"],"picked":"Koishi:StingingMind+1","floor":46}],"player_experience":900867,"relics_obtained":[{"floor":4.0,"key":"Art of War"},{"floor":6.0,"key":"Koishi:TeethAndClaws"},{"floor":9.0,"key":"MawBank"},{"floor":12.0,"key":"Replay:Rubber Ducky"},{"floor":26.0,"key":"Replay:Towering Pillar of Hats"},{"floor":27.0,"key":"Onion Ring"},{"floor":28.0,"key":"Replay:Bottled Eggs"},{"floor":29.0,"key":"RuthlessExorcism:ReiMu"},{"floor":31.0,"key":"Bottled Tornado"},{"floor":42,"key":"CeramicFish"},{"floor":43,"key":"Ancient Tea Set"},{"floor":45,"key":"Durian"}],"event_choices":[{"damage_healed":0.0,"max_hp_gain":0.0,"max_hp_loss":0.0,"gold_gain":0.0,"event_name":"Addict","player_choice":"Obtained Relic","floor":19.0,"gold_loss":85.0,"damage_taken":0.0,"relics_obtained":["Gambling Chip"]},{"damage_healed":0.0,"max_hp_gain":0.0,"max_hp_loss":0.0,"gold_gain":0.0,"event_name":"Duplicator","player_choice":"Copied","floor":20.0,"gold_loss":0.0,"damage_taken":0.0,"cards_obtained":["Koishi:HeartStoppingHorror"]},{"damage_healed":0,"gold_gain":0,"player_choice":"Ignored","damage_taken":0,"max_hp_gain":0,"max_hp_loss":0,"event_name":"Tomb of Lord Red Mask","floor":36,"gold_loss":0},{"damage_healed":0,"gold_gain":0,"player_choice":"Embrace Madness","damage_taken":8,"max_hp_gain":0,"max_hp_loss":0,"event_name":"Winding Halls","floor":37,"gold_loss":0,"cards_obtained":["Madness","Madness"]},{"damage_healed":0,"gold_gain":0,"player_choice":"Ignored","damage_taken":0,"max_hp_gain":0,"max_hp_loss":0,"event_name":"SecretPortal","floor":48,"gold_loss":0}],"is_beta":false,"boss_relics":[{"not_picked":["Replay:Drink Me","Replay:Ancient Bell"],"picked":"Coffee Dripper"},{"not_picked":["Black Star","Calling Bell"],"picked":"Velvet Choker"}],"items_purged_floors":[21],"is_endless":false,"potions_floor_spawned":[1,3,6,16,24,25,27,31,33,38,42,46],"ascension_level":2}}