{"host":"kta213tp32cz47du","time":1608301515,"event":{"mods":["BaseMod","Better Altar","Better Match","Better Note","Better Sensory Stone","Better Skull","Better Third Choice","Better Vampires","Colored Map","Colored Powertips","Conspire","Curses Come First","Displayed Cursed Tome","Downfall","Hubris","Infinite Spire","Marisa????????","Minty Spire (QoL Compilation)","Rare Cards Sparkle","Replay The Spire","Shade Mod","Shop Mod","Spikes Relics","StSLib","The Animator","The Blue Laboratory","The Bug Knight","The Cursed","The Servant 0.9.4","vexMod"],"gold_per_floor":[109,128,128,140,160,188,188],"floor_reached":6,"playtime":746,"items_purged":[],"score":48,"play_id":"69fcf548-3231-496b-ad6b-3682a191ef0c","local_time":"20201218142515","is_ascension_mode":false,"campfire_choices":[],"circlet_count":0,"master_deck":["Strike_G","Strike_G","Strike_G","Strike_G","Strike_G","Defend_G","Defend_G","Defend_G","Defend_G","Defend_G","Survivor","Neutralize","conspire:PoisonWeapons","Dagger Throw","Catalyst","Dash","Flying Knee"],"relics":["Ring of the Snake","NeowsBlessing","conspire:DecoderRing"],"acts_visited":["Exordium"],"potions_floor_usage":[6,6,6],"damage_taken":[{"damage":0,"enemies":"conspire:RoseBush","floor":1,"turns":1},{"damage":0,"enemies":"infinitespire:Voidling","floor":2,"turns":1},{"damage":0,"enemies":"Cultist","floor":4,"turns":1},{"damage":2,"enemies":"Blue Slaver","floor":5,"turns":5},{"damage":24,"enemies":"3 Sentries","floor":6,"turns":7}],"seed_played":"-619525358655341416","potions_obtained":[{"floor":1,"key":"Weak Potion"},{"floor":3,"key":"Slimebound:ThreeZeroPotion"},{"floor":3,"key":"blueLaboratory:FruitPunch"},{"floor":3,"key":"PowerPotion"}],"is_trial":false,"path_per_floor":["M","M","?","M","M","E"],"character_chosen":"THE_SILENT","items_purchased":[],"campfire_rested":0,"item_purchase_floors":[],"current_hp_per_floor":[70,70,70,70,68,46,46],"gold":188,"neow_bonus":"THREE_ENEMY_KILL","is_daily":false,"chose_seed":false,"campfire_upgraded":0,"win_rate":0.0,"timestamp":1608301515,"path_taken":["M","M","?","M","?","E"],"items_purchased_type":[],"build_version":"2020-12-13","purchased_purges":0,"victory":false,"max_hp_per_floor":[70,70,70,70,70,72,72],"card_choices":[{"not_picked":["Deadly Poison","Blade Dance"],"picked":"conspire:PoisonWeapons","floor":1},{"not_picked":["Blur","Bane"],"picked":"Dagger Throw","floor":2},{"not_picked":["Cloak And Dagger","Expertise"],"picked":"Catalyst","floor":4},{"not_picked":["Quick Slash","Skewer"],"picked":"Dash","floor":5},{"not_picked":["Replay:Poison Smokescreen","Slice"],"picked":"Flying Knee","floor":6}],"player_experience":263772,"relics_obtained":[{"floor":6,"key":"conspire:DecoderRing"}],"event_choices":[{"damage_healed":0,"gold_gain":0,"player_choice":"Got Potions","damage_taken":0,"max_hp_gain":0,"max_hp_loss":0,"event_name":"Lab","floor":3,"gold_loss":0}],"is_beta":false,"boss_relics":[],"items_purged_floors":[],"is_endless":false,"potions_floor_spawned":[1,4],"killed_by":"3 Sentries","ascension_level":0}}