{"host":"1z4hbl9vfqrhg136","time":1608334331,"event":{"mods":["BaseMod","Minty Spire (QoL Compilation)"],"gold_per_floor":[109,125,135,146,146,146,172,172,199,199,231,243,243,299,299,299,299],"floor_reached":16,"playtime":797,"items_purged":[],"score":220,"play_id":"594641e0-780e-4f0e-abe8-47ec782bf6a8","local_time":"20201218233211","is_ascension_mode":true,"campfire_choices":[{"data":"Dagger Throw","floor":6,"key":"SMITH"},{"data":"Tools of the Trade","floor":8,"key":"SMITH"},{"data":"Dagger Spray","floor":10,"key":"SMITH"},{"floor":15,"key":"REST"}],"circlet_count":0,"master_deck":["AscendersBane","Strike_G","Strike_G","Strike_G","Strike_G","Strike_G","Defend_G","Defend_G","Defend_G","Defend_G","Defend_G","Survivor","Neutralize+1","Backflip","Dagger Throw+1","Dagger Spray+1","Tools of the Trade+1","Leg Sweep","Bouncing Flask"],"relics":["Ring of the Snake","Bronze Scales","Omamori","Orichalcum"],"acts_visited":["Exordium"],"potions_floor_usage":[7,7,12],"damage_taken":[{"damage":3,"enemies":"Cultist","floor":1,"turns":4},{"damage":1,"enemies":"Small Slimes","floor":2,"turns":3},{"damage":0,"enemies":"2 Louse","floor":3,"turns":2},{"damage":0,"enemies":"Blue Slaver","floor":4,"turns":6},{"damage":20,"enemies":"Lagavulin","floor":7,"turns":5},{"damage":29,"enemies":"Gremlin Nob","floor":11,"turns":4},{"damage":0,"enemies":"Exordium Wildlife","floor":12,"turns":1},{"damage":35,"enemies":"Hexaghost","floor":16,"turns":9}],"seed_played":"4293433766713089087","potions_obtained":[{"floor":2,"key":"CunningPotion"},{"floor":4,"key":"Fire Potion"},{"floor":11,"key":"Explosive Potion"}],"is_trial":false,"path_per_floor":["M","M","M","M","?","R","E","R","T","R","E","M","?","?","R","B"],"character_chosen":"THE_SILENT","items_purchased":[],"campfire_rested":1,"item_purchase_floors":[],"current_hp_per_floor":[56,55,55,55,60,60,40,40,40,40,11,11,11,11,32,0,0],"gold":299,"neow_bonus":"UPGRADE_CARD","is_daily":false,"chose_seed":false,"campfire_upgraded":3,"win_rate":0.0,"timestamp":1608334331,"path_taken":["M","M","M","M","?","R","E","R","T","R","E","M","?","?","R","BOSS"],"items_purchased_type":[],"build_version":"2020-12-13","purchased_purges":0,"victory":false,"max_hp_per_floor":[66,66,66,66,71,71,71,71,71,71,71,71,71,71,71,71,71],"card_choices":[{"not_picked":["Deadly Poison","Prepared","Bane"],"picked":"SKIP","floor":1},{"not_picked":["Sucker Punch","Deadly Poison"],"picked":"Backflip","floor":2},{"not_picked":["Acrobatics","Slice"],"picked":"Dagger Throw","floor":3},{"not_picked":["Blade Dance","Dagger Throw"],"picked":"Dagger Spray","floor":4},{"not_picked":["Outmaneuver","Underhanded Strike"],"picked":"Tools of the Trade","floor":7},{"not_picked":["Outmaneuver","Storm of Steel"],"picked":"Leg Sweep","floor":11},{"not_picked":["Dodge and Roll","Backstab"],"picked":"Bouncing Flask","floor":12}],"player_experience":1836072,"relics_obtained":[{"floor":7,"key":"Bronze Scales"},{"floor":9,"key":"Omamori"},{"floor":11,"key":"Orichalcum"}],"event_choices":[{"damage_healed":0,"gold_gain":0,"player_choice":"Donut","damage_taken":0,"max_hp_gain":5,"max_hp_loss":0,"event_name":"Big Fish","floor":5,"gold_loss":0},{"damage_healed":0,"gold_gain":0,"player_choice":"Ignored","damage_taken":0,"max_hp_gain":0,"max_hp_loss":0,"event_name":"Shining Light","floor":13,"gold_loss":0},{"damage_healed":0,"gold_gain":56,"player_choice":"Gained Gold","damage_taken":0,"max_hp_gain":0,"max_hp_loss":0,"event_name":"Golden Wing","floor":14,"gold_loss":0}],"is_beta":false,"boss_relics":[],"items_purged_floors":[],"is_endless":false,"potions_floor_spawned":[2,4,11],"killed_by":"Hexaghost","ascension_level":20}}