{"host":"5pvsezzv96u4cz40","time":1608253183,"event":{"mods":["2.2 Compatiblity","Act Like it!","BaseMod","BetterRewards","CapriCore","Colored Map","Colored Powertips","GifTheSpireLib","GungeonMod","Hermit","Hubris","Infinite Spire","Jorbs\u0027s Wanderer Trilogy","Lobotomy","Marisa????????","Menagerie","Minty Spire (QoL Compilation)","Reimu??????","Remilia??????","Replay The Spire","Shop Mod","StSLib","The Bladedancer","The Exalted","The Immortal","The Servant 0.9.4","??????REMEMod"],"gold_per_floor":[113,127,2,20,20,20,35,35,103,117,128,128,143,143,143,245,245,214,234,234,234],"floor_reached":20,"playtime":2468,"items_purged":[],"score":243,"play_id":"9f2d2f38-30f1-4c00-b04a-9858de34dc8f","local_time":"20201218015943","is_ascension_mode":false,"campfire_choices":[{"data":"Menagerie:BeastSpirit","floor":6,"key":"SMITH"},{"data":"Deadly Poison","floor":8,"key":"SMITH"},{"data":"Die Die Die","floor":12,"key":"SMITH"},{"floor":15,"key":"REST"}],"circlet_count":0,"master_deck":["Strike_G","Strike_G","Strike_G","Strike_G","Strike_G","Defend_G","Defend_G","Defend_G","Defend_G","Defend_G","Survivor","Neutralize","Die Die Die+1","SilentOrchestra","Dodge and Roll","Outmaneuver","CrumblingArmor","Deadly Poison","Slice","GalaxyChild","Menagerie:BeastSpirit+1","Deadly Poison+1","Poisoned Stab","REME_ShadowStrike","LittleHelper","Noxious Fumes","infinitespire:Menacing","Bullet Time","CommonCold","stsjorbsmod:SpiritShield_Cull","Atom Bomb","ReplayTheSpireMod:Private Reserves","infinitespire:Fortify","Deadly Poison","Fluid Movement"],"relics":["Ring of the Snake","REME_ComplimentaryCards","CogitoBucket","infinitespire:Bottled Soul","ReplayTheSpireMod:SealedPack"],"acts_visited":["Menagerie:Menagerie","TheCity"],"potions_floor_usage":[11,16,16,16,19],"damage_taken":[{"damage":0,"enemies":"Menagerie:StygianBoar","floor":1,"turns":2},{"damage":0,"enemies":"Menagerie:WhisperingWraith","floor":2,"turns":6},{"damage":0,"enemies":"Menagerie:2_RABBITS","floor":4,"turns":6},{"damage":5,"enemies":"Menagerie:EntropyWarlock","floor":7,"turns":4},{"damage":5,"enemies":"Menagerie:STYGIAN_BOAR_AND_WHISPERING_WRAITH","floor":10,"turns":6},{"damage":4,"enemies":"Menagerie:MENAGERIE_WILDLIFE","floor":11,"turns":3},{"damage":0,"enemies":"Menagerie:MeltingSalamander","floor":13,"turns":4},{"damage":0,"enemies":"Menagerie:Chimera","floor":16,"turns":9},{"damage":22,"enemies":"2 Thieves","floor":18,"turns":5},{"damage":0,"enemies":"3 Byrds","floor":19,"turns":5},{"damage":46,"enemies":"Shelled Parasite and Fungi","floor":20,"turns":4}],"seed_played":"3575781769999663338","potions_obtained":[{"floor":4,"key":"FearPotion"},{"floor":10,"key":"GamblersBrew"},{"floor":13,"key":"Dexterity Potion"},{"floor":18,"key":"Toxic Potion"}],"is_trial":false,"path_per_floor":["M","M","$","M","?","R","M","R","T","M","M","R","M","?","R","B",null,"M","M","M"],"character_chosen":"THE_SILENT","items_purchased":["Deadly Poison","DuplicationPotion"],"campfire_rested":1,"item_purchase_floors":[3,3],"current_hp_per_floor":[70,70,70,70,67,67,62,62,62,57,53,53,53,36,56,56,67,45,45,0,0],"gold":234,"neow_bonus":"","is_daily":false,"chose_seed":false,"campfire_upgraded":3,"win_rate":0.0,"timestamp":1608253183,"path_taken":["M","?","$","M","?","R","M","R","T","M","M","R","M","?","R","BOSS","M","M","M"],"items_purchased_type":["Card","Potion"],"build_version":"2020-12-13","purchased_purges":0,"victory":false,"max_hp_per_floor":[70,70,70,70,67,67,67,67,67,67,67,67,67,67,67,67,67,67,67,67,67],"card_choices":[{"not_picked":["BeautyBeast","Bloodbath"],"picked":"SilentOrchestra","floor":1},{"not_picked":["Hidden Blade","Prepared"],"picked":"Dodge and Roll","floor":1},{"not_picked":["ReplayTheSpireMod:The Works","ReplayTheSpireMod:Scrap Shanks"],"picked":"Outmaneuver","floor":2},{"not_picked":["Woodsman","SpiderBud"],"picked":"CrumblingArmor","floor":2},{"not_picked":["hubris:TrickCloak","Dodge and Roll"],"picked":"Slice","floor":4},{"not_picked":["RedShoes","OSAHOGD"],"picked":"GalaxyChild","floor":4},{"not_picked":["Flying Knee","Outmaneuver"],"picked":"Deadly Poison","floor":7},{"not_picked":["ReplayTheSpireMod:The Works","Dagger Spray"],"picked":"Poisoned Stab","floor":10},{"not_picked":["Deadly Poison","Crippling Poison"],"picked":"REME_ShadowStrike","floor":11},{"not_picked":["RedShoes","VoidDream"],"picked":"LittleHelper","floor":11},{"not_picked":["Backflip","Outmaneuver"],"picked":"Noxious Fumes","floor":13},{"not_picked":["infinitespire:Oblivion","infinitespire:Fortify"],"picked":"infinitespire:Menacing","floor":14},{"not_picked":["Adrenaline","A Thousand Cuts"],"picked":"Bullet Time","floor":16},{"not_picked":["hubris:MerchantsHand","UpSweep"],"picked":"stsjorbsmod:SpiritShield_Cull","floor":17},{"not_picked":["Storm of Steel","Phantasmal Killer"],"picked":"Atom Bomb","floor":17},{"not_picked":["Replay:BasicMightCard","Replay:Bootleg Shield Generator"],"picked":"ReplayTheSpireMod:Private Reserves","floor":17},{"not_picked":["infinitespire:Collect","infinitespire:FutureSight"],"picked":"infinitespire:Fortify","floor":17},{"not_picked":["REME_GreenPollution+1","Acrobatics"],"picked":"Deadly Poison","floor":18},{"not_picked":["Hidden Blade","Sucker Punch"],"picked":"Fluid Movement","floor":19}],"player_experience":165424,"relics_obtained":[{"floor":9,"key":"infinitespire:Bottled Soul"}],"event_choices":[{"damage_healed":0,"gold_gain":0,"player_choice":"Knelt","damage_taken":0,"max_hp_gain":0,"max_hp_loss":3,"event_name":"Menagerie:BeastSpiritShrine","floor":5,"gold_loss":0,"cards_obtained":["Menagerie:BeastSpirit"]}],"is_beta":false,"boss_relics":[{"not_picked":["Replay:Drink Me","Snecko Scales"],"picked":"ReplayTheSpireMod:SealedPack"}],"items_purged_floors":[],"is_endless":false,"potions_floor_spawned":[4,10,13,18],"killed_by":"Shelled Parasite and Fungi","ascension_level":0}}