{"host":"4fh9yvpwiit32sut","time":1608331447,"event":{"mods":["BaseMod","Better Note","Better Sensory Stone","Better Vampires","Block Reminder","Colored Map","Colored Powertips","Highlight Path","Minty Spire (QoL Compilation)","Quick Restart","Relic Sorter","StSLib"],"gold_per_floor":[114,134,145,163,179,179,211,211,211,211,236,252,327,6,6,107,107,118,132,144,180,234,270,270,288,288,16,16,16,29,29,29,29,29],"floor_reached":33,"playtime":1700,"items_purged":["Strike_R","Bite"],"score":374,"play_id":"49773b06-70fb-4e8c-beb7-e4a97c6ab71e","local_time":"20201218174407","is_ascension_mode":true,"campfire_choices":[{"data":"Cleave","floor":6,"key":"SMITH"},{"data":"Twin Strike","floor":8,"key":"SMITH"},{"data":"Twin Strike","floor":10,"key":"SMITH"},{"floor":15,"key":"REST"},{"data":"Bite","floor":24,"key":"PURGE"},{"data":"Shrug It Off","floor":29,"key":"SMITH"},{"data":"Double Tap","floor":32,"key":"SMITH"}],"circlet_count":0,"master_deck":["Defend_R","Defend_R","Defend_R","Defend_R","Bash","Twin Strike+1","Cleave+1","Twin Strike+1","Shrug It Off+1","Double Tap+1","CurseOfTheBell","Bite","Bite","Pommel Strike","Thunderclap"],"relics":["Burning Blood","NeowsBlessing","Blue Candle","Self Forming Clay","White Beast Statue","Paper Frog","Calling Bell","CeramicFish","Ornamental Fan","Peace Pipe","Akabeko","Boot","StrikeDummy","Toolbox"],"acts_visited":["Exordium","TheCity"],"potions_floor_usage":[7,16,18,19,19,23,23,30,33,33],"damage_taken":[{"damage":0,"enemies":"Cultist","floor":1,"turns":1},{"damage":0,"enemies":"Small Slimes","floor":2,"turns":1},{"damage":0,"enemies":"Jaw Worm","floor":3,"turns":1},{"damage":1,"enemies":"Exordium Wildlife","floor":4,"turns":3},{"damage":14,"enemies":"Lots of Slimes","floor":5,"turns":5},{"damage":35,"enemies":"3 Sentries","floor":7,"turns":6},{"damage":32,"enemies":"Lagavulin","floor":11,"turns":5},{"damage":13,"enemies":"Blue Slaver","floor":12,"turns":3},{"damage":12,"enemies":"Slime Boss","floor":16,"turns":9},{"damage":9,"enemies":"Chosen","floor":18,"turns":4},{"damage":3,"enemies":"Spheric Guardian","floor":19,"turns":3},{"damage":14,"enemies":"Snecko","floor":20,"turns":5},{"damage":18,"enemies":"Slavers","floor":23,"turns":4},{"damage":36,"enemies":"Centurion and Healer","floor":25,"turns":6},{"damage":3,"enemies":"Snake Plant","floor":30,"turns":3},{"damage":73,"enemies":"Champ","floor":33,"turns":6}],"seed_played":"3967631646045868172","potions_obtained":[{"floor":3,"key":"SpeedPotion"},{"floor":5,"key":"BloodPotion"},{"floor":12,"key":"Regen Potion"},{"floor":16,"key":"LiquidMemories"},{"floor":18,"key":"BlessingOfTheForge"},{"floor":19,"key":"AttackPotion"},{"floor":20,"key":"ColorlessPotion"},{"floor":23,"key":"SpeedPotion"},{"floor":25,"key":"Strength Potion"},{"floor":30,"key":"BloodPotion"}],"is_trial":false,"path_per_floor":["M","M","M","M","M","R","E","R","T","R","E","M","?","$","R","B",null,"M","M","M","?","T","E","R","M","T","$","?","R","M","?","R","B"],"character_chosen":"IRONCLAD","items_purchased":["Paper Frog","Toolbox","Thunderclap"],"campfire_rested":1,"item_purchase_floors":[14,27,27],"current_hp_per_floor":[78,80,80,80,72,72,59,59,59,59,33,26,15,15,39,48,72,69,72,64,60,60,54,54,30,30,30,30,30,37,37,37,0,0],"gold":29,"neow_bonus":"THREE_ENEMY_KILL","is_daily":false,"chose_seed":false,"campfire_upgraded":5,"win_rate":0.0,"timestamp":1608331447,"path_taken":["M","M","M","M","M","R","E","R","T","R","E","?","?","$","R","BOSS","M","M","M","?","?","E","R","?","T","$","?","R","M","?","R","BOSS"],"items_purchased_type":["Relic","Relic","Card"],"build_version":"2020-12-13","purchased_purges":2,"victory":false,"max_hp_per_floor":[80,80,80,80,80,80,80,80,80,80,80,80,80,80,80,80,80,80,80,80,60,60,60,60,60,60,60,60,60,60,60,60,60,60],"card_choices":[{"not_picked":["Heavy Blade","Iron Wave"],"picked":"Twin Strike","floor":1},{"not_picked":["Armaments","Whirlwind"],"picked":"Cleave","floor":2},{"not_picked":["Warcry","Havoc","Searing Blow"],"picked":"SKIP","floor":3},{"not_picked":["Blood for Blood","Flex","Perfected Strike"],"picked":"SKIP","floor":4},{"not_picked":["Disarm","Headbutt"],"picked":"Twin Strike","floor":5},{"not_picked":["Rupture","Perfected Strike","Heavy Blade"],"picked":"SKIP","floor":7},{"not_picked":["Wild Strike","Anger","Armaments"],"picked":"SKIP","floor":11},{"not_picked":["True Grit","Headbutt"],"picked":"Shrug It Off","floor":12},{"not_picked":["Juggernaut","Bludgeon"],"picked":"Double Tap","floor":16},{"not_picked":["Wild Strike+1","Second Wind","Perfected Strike+1"],"picked":"SKIP","floor":18},{"not_picked":["Sword Boomerang","Metallicize","Headbutt"],"picked":"SKIP","floor":19},{"not_picked":["Havoc+1","Body Slam","Second Wind"],"picked":"SKIP","floor":20},{"not_picked":["Burning Pact","Heavy Blade"],"picked":"Pommel Strike","floor":23},{"not_picked":["Clothesline","Iron Wave+1","True Grit"],"picked":"SKIP","floor":25},{"not_picked":["Thunderclap","Iron Wave","Inflame"],"picked":"SKIP","floor":30}],"player_experience":1168137,"relics_obtained":[{"floor":7,"key":"Blue Candle"},{"floor":9,"key":"Self Forming Clay"},{"floor":11,"key":"White Beast Statue"},{"floor":17,"key":"CeramicFish"},{"floor":17,"key":"Ornamental Fan"},{"floor":17,"key":"Peace Pipe"},{"floor":22,"key":"Akabeko"},{"floor":23,"key":"Boot"},{"floor":26,"key":"StrikeDummy"}],"event_choices":[{"damage_healed":0,"gold_gain":75,"player_choice":"Gather Gold","damage_taken":11,"max_hp_gain":0,"max_hp_loss":0,"event_name":"World of Goop","floor":13,"gold_loss":0},{"damage_healed":0,"gold_gain":0,"player_choice":"Became a vampire","damage_taken":0,"max_hp_gain":0,"max_hp_loss":20,"event_name":"Vampires","floor":21,"gold_loss":0,"cards_obtained":["Bite","Bite","Bite","Bite"]},{"damage_healed":0,"gold_gain":0,"player_choice":"Ignored","damage_taken":0,"max_hp_gain":0,"max_hp_loss":0,"event_name":"Cursed Tome","floor":28,"gold_loss":0}],"is_beta":false,"boss_relics":[{"not_picked":["Mark of Pain","Fusion Hammer"],"picked":"Calling Bell"}],"items_purged_floors":[14,27],"is_endless":false,"potions_floor_spawned":[3,5,12,16,18,19,20,23,25,30],"killed_by":"Champ","ascension_level":7}}