{"host":"0i8dz4ityulxi1rd","time":1608300909,"event":{"mods":["BaseMod","Colored Map","Colored Powertips","Custom Start","Highlight Path","Hubris","Keyboard Shortcuts","Minty Spire (QoL Compilation)","StSLib","SuperFastMode","The Runesmith"],"gold_per_floor":[117,117,117,132,132,160,192,192,218,253,283,295,312,325,325,399,399,418,294,309,325,325,353,353,380,429,429,455,85,85,85,85,161,161,173,190,80,93,43,72,85,114,141,171,171,121,140,175,187,199,211,223,235,34,64,64,64],"floor_reached":56,"playtime":2433,"items_purged":["Strike_R","Strike_R+1","Defend_R+1","Strike_R+1","Strike_R+1"],"score":2252,"play_id":"2bc61bde-53e1-412a-8df4-79324f6d9d6f","local_time":"20201218231509","is_ascension_mode":true,"campfire_choices":[{"floor":8.0,"key":"REST"},{"data":"Battle Trance","floor":15.0,"key":"SMITH"},{"data":"Feel No Pain","floor":24,"key":"SMITH"},{"floor":27,"key":"REST"},{"data":"Offering","floor":30,"key":"SMITH"},{"data":"Demon Form","floor":32,"key":"SMITH"},{"floor":45,"key":"RECALL"},{"data":"hubris:StunningStrike","floor":49,"key":"SMITH"},{"data":"Limit Break","floor":53,"key":"SMITH"}],"circlet_count":0,"master_deck":["AscendersBane","Defend_R+1","Defend_R+1","Bash","Evolve+1","Spot Weakness","Second Wind","Immolate","Shrug It Off+1","Battle Trance+1","Sword Boomerang","hubris:StunningStrike+1","Demon Form+1","Shrug It Off+1","Feel No Pain+1","Pummel","Offering+1","Reaper","Limit Break+1","Dark Embrace+1","Pummel"],"relics":["Burning Blood","NeowsBlessing","Red Skull","WingedGreaves","Pen Nib","Smiling Mask","Torii","Magic Flower","hubris:GrandSneckoEye","hubris:ToyBattleship","Regal Pillow","MealTicket","Tiny Chest","Vajra","Sozu","Bottled Tornado","Bag of Marbles","Centennial Puzzle","MawBank","Sling","Art of War"],"acts_visited":["Exordium","TheCity","TheBeyond","TheEnding"],"potions_floor_usage":[16,23,25],"damage_taken":[{"damage":0.0,"enemies":"Jaw Worm","floor":1.0,"turns":1.0},{"damage":0.0,"enemies":"Small Slimes","floor":4.0,"turns":1.0},{"damage":0.0,"enemies":"Lagavulin","floor":6.0,"turns":1.0},{"damage":61.0,"enemies":"Gremlin Nob","floor":7.0,"turns":6.0},{"damage":15.0,"enemies":"3 Sentries","floor":10.0,"turns":4.0},{"damage":28.0,"enemies":"Gremlin Nob","floor":11.0,"turns":4.0},{"damage":2.0,"enemies":"Cultist","floor":12.0,"turns":4.0},{"damage":2.0,"enemies":"Looter","floor":13.0,"turns":3.0},{"damage":1.0,"enemies":"Gremlin Gang","floor":14.0,"turns":2.0},{"damage":0,"enemies":"Slime Boss","floor":16,"turns":6},{"damage":32,"enemies":"Spheric Guardian","floor":18,"turns":6},{"damage":2,"enemies":"Chosen","floor":20,"turns":2},{"damage":24,"enemies":"Sentry and Sphere","floor":21,"turns":4},{"damage":1,"enemies":"Book of Stabbing","floor":23,"turns":5},{"damage":27,"enemies":"Slavers","floor":25,"turns":4},{"damage":12,"enemies":"Book of Stabbing","floor":28,"turns":6},{"damage":64,"enemies":"hubris:MusketHawk","floor":33,"turns":8},{"damage":44,"enemies":"3 Darklings","floor":35,"turns":4},{"damage":26,"enemies":"3 Shapes","floor":36,"turns":4},{"damage":16,"enemies":"3 Darklings","floor":38,"turns":2},{"damage":34,"enemies":"Giant Head","floor":40,"turns":6},{"damage":35,"enemies":"4 Shapes","floor":41,"turns":7},{"damage":30,"enemies":"Nemesis","floor":42,"turns":5},{"damage":50,"enemies":"Reptomancer","floor":44,"turns":4},{"damage":0,"enemies":"Maw","floor":47,"turns":5},{"damage":14,"enemies":"Nemesis","floor":48,"turns":4},{"damage":29,"enemies":"hubris:GrandSnecko","floor":50,"turns":6},{"damage":41,"enemies":"Donu and Deca","floor":51,"turns":4},{"damage":34,"enemies":"Shield and Spear","floor":55,"turns":3},{"damage":105,"enemies":"The Heart","floor":56,"turns":6}],"seed_played":"7334843269885573405","potions_obtained":[{"floor":1.0,"key":"Block Potion"},{"floor":4.0,"key":"Energy Potion"},{"floor":12.0,"key":"HeartOfIron"},{"floor":14.0,"key":"Fire Potion"},{"floor":18,"key":"ColorlessPotion"}],"is_trial":false,"path_per_floor":["M","?","?","M","?","E","E","R","T","E","E","M","M","M","R","B",null,"M","$","M","M","?","E","R","E","T","R","E","$","R","?","R","B",null,"M","M","?","M","$","E","M","E","T","E","R","$","M","E","R","B","B",null,"R","$","E","B"],"character_chosen":"IRONCLAD","items_purchased":["Feel No Pain","Vajra","Offering","Sling"],"campfire_rested":2,"item_purchase_floors":[19,29,29,54],"current_hp_per_floor":[74,74,74,75,75,75,20,42,42,33,11,18,25,33,33,42,67,44,44,51,36,36,44,44,26,26,63,60,75,75,75,75,75,75,75,73,73,66,75,50,78,60,60,43,43,58,67,78,78,72,78,78,78,78,53,0,0],"gold":64,"neow_bonus":"THREE_ENEMY_KILL","is_daily":false,"chose_seed":false,"campfire_upgraded":6,"win_rate":0.0,"timestamp":1608300909,"path_taken":["M","?","?","?","?","E","E","R","T","E","E","?","M","M","R","BOSS","M","$","?","M","?","E","R","E","T","R","E","$","R","?","R","BOSS","M","M","?","M","$","E","M","E","T","E","R","$","?","E","R","BOSS","BOSS","R","$","E","BOSS"],"items_purchased_type":["Card","Relic","Card","Relic"],"build_version":"2020-12-13","purchased_purges":5,"victory":false,"max_hp_per_floor":[75,75,75,75,75,75,75,75,75,75,75,75,75,75,75,75,75,75,75,75,75,75,75,75,75,75,75,75,75,75,75,75,75,75,75,75,75,75,75,75,78,78,78,78,78,78,78,78,78,78,78,78,78,78,78,78,78],"card_choices":[{"not_picked":["Sever Soul","Iron Wave"],"picked":"Evolve","floor":1.0},{"not_picked":["hubris:CleavingFinish","Iron Wave","Anger"],"picked":"SKIP","floor":4.0},{"not_picked":["Brutality","Clash"],"picked":"Second Wind","floor":6.0},{"not_picked":["hubris:SharpeningStone","Wild Strike"],"picked":"Immolate","floor":7.0},{"not_picked":["Heavy Blade","Berserk"],"picked":"Shrug It Off","floor":10.0},{"not_picked":["hubris:ReadiedAction","Clash","Intimidate"],"picked":"SKIP","floor":11.0},{"not_picked":["Rupture","Perfected Strike"],"picked":"Battle Trance","floor":12.0},{"not_picked":["Thunderclap","Perfected Strike"],"picked":"Sword Boomerang","floor":13.0},{"not_picked":["Second Wind","Warcry"],"picked":"hubris:StunningStrike","floor":14.0},{"not_picked":["Bludgeon","Berserk"],"picked":"Demon Form","floor":16},{"not_picked":["Flame Barrier","Warcry"],"picked":"Shrug It Off+1","floor":18},{"not_picked":["Havoc","Headbutt","Thunderclap"],"picked":"SKIP","floor":20},{"not_picked":["Cleave","Clothesline","Heavy Blade"],"picked":"SKIP","floor":21},{"not_picked":["Uppercut","Twin Strike","Dual Wield"],"picked":"SKIP","floor":23},{"not_picked":["Dropkick","Warcry","Carnage"],"picked":"SKIP","floor":25},{"not_picked":["Burning Pact","Evolve"],"picked":"Pummel","floor":28},{"not_picked":["Impervious","Brutality"],"picked":"Limit Break","floor":33},{"not_picked":["Fire Breathing","Body Slam","Shrug It Off"],"picked":"SKIP","floor":35},{"not_picked":["Cleave","Disarm","Iron Wave"],"picked":"SKIP","floor":36},{"not_picked":["Sever Soul","Evolve"],"picked":"Dark Embrace+1","floor":38},{"not_picked":["Warcry","Reckless Charge","Second Wind"],"picked":"SKIP","floor":40},{"not_picked":["Body Slam","Entrench","Twin Strike"],"picked":"SKIP","floor":41},{"not_picked":["Sword Boomerang+1","Exhume"],"picked":"Pummel","floor":42},{"not_picked":["Dropkick","hubris:SharpeningStone","Clothesline"],"picked":"SKIP","floor":44},{"not_picked":["Rupture","Whirlwind","Headbutt"],"picked":"SKIP","floor":47},{"not_picked":["Fiend Fire","Havoc","Clash+1"],"picked":"SKIP","floor":48},{"not_picked":["hubris:CleavingFinish","Whirlwind","Fire Breathing"],"picked":"SKIP","floor":55}],"player_experience":1256137,"relics_obtained":[{"floor":3.0,"key":"Red Skull"},{"floor":6.0,"key":"WingedGreaves"},{"floor":7.0,"key":"Pen Nib"},{"floor":9.0,"key":"Smiling Mask"},{"floor":10.0,"key":"Torii"},{"floor":11.0,"key":"Magic Flower"},{"floor":23,"key":"hubris:ToyBattleship"},{"floor":25,"key":"Regal Pillow"},{"floor":26,"key":"MealTicket"},{"floor":28,"key":"Tiny Chest"},{"floor":40,"key":"Bottled Tornado"},{"floor":42,"key":"Bag of Marbles"},{"floor":43,"key":"Nunchaku"},{"floor":44,"key":"Centennial Puzzle"},{"floor":48,"key":"MawBank"},{"floor":55,"key":"Art of War"}],"event_choices":[{"damage_healed":0.0,"max_hp_gain":0.0,"max_hp_loss":0.0,"gold_gain":0.0,"cards_transformed":["Strike_R"],"event_name":"Living Wall","player_choice":"Change","floor":2.0,"gold_loss":0.0,"damage_taken":0.0,"cards_obtained":["Spot Weakness"]},{"damage_healed":0.0,"max_hp_gain":0.0,"max_hp_loss":0.0,"gold_gain":0.0,"event_name":"Wheel of Change","player_choice":"Relic","floor":3.0,"gold_loss":0.0,"damage_taken":0.0},{"damage_healed":0.0,"max_hp_gain":0.0,"max_hp_loss":0.0,"gold_gain":0.0,"event_name":"Upgrade Shrine","player_choice":"Upgraded","floor":5.0,"gold_loss":0.0,"damage_taken":0.0,"cards_upgraded":["Evolve"]},{"damage_healed":0,"gold_gain":0,"player_choice":"Simplicity","damage_taken":0,"max_hp_gain":0,"max_hp_loss":0,"event_name":"Back to Basics","floor":22,"gold_loss":0,"cards_upgraded":["Strike_R","Strike_R","Strike_R","Defend_R","Defend_R","Defend_R","Defend_R"]},{"damage_healed":0,"gold_gain":0,"player_choice":"Read","damage_taken":0,"max_hp_gain":0,"max_hp_loss":0,"event_name":"The Library","floor":31,"gold_loss":0,"cards_obtained":["Reaper"]},{"cards_removed":["Defend_R"],"damage_healed":0,"gold_gain":0,"player_choice":"Upgrade and Remove","damage_taken":0,"max_hp_gain":0,"max_hp_loss":0,"event_name":"Designer","floor":37,"gold_loss":110,"cards_upgraded":["Shrug It Off"]}],"is_beta":false,"boss_relics":[{"not_picked":["hubris:Backtick","Pandora\u0027s Box"],"picked":"hubris:GrandSneckoEye"},{"not_picked":["Runic Pyramid","hubris:ScarierMask"],"picked":"Sozu"}],"items_purged_floors":[19,29,39,46,54],"is_endless":false,"potions_floor_spawned":[1,4,12,14,18,20,21,38,40,41,42,48],"killed_by":"The Heart","ascension_level":20}}