{"host":"9tzam4717zt8ei1o","time":1608293577,"event":{"mods":["BaseMod","Colored Map","Keyboard Shortcuts","Minty Spire (QoL Compilation)","Quick Restart","StSLib","SuperFastMode"],"gold_per_floor":[116,4,22,22,42,70,70,70,121,121,121,136,171,187,187,262,262,275,275,295,345,22,48,48,48,48,58,8,25,54,4,4,78,78,96,96,96,107,57,57,85,97,97,97,47,64,64,14,14,14],"floor_reached":51,"playtime":1368,"items_purged":["Strike_G","Strike_G","Strike_G","Strike_G","Defend_G","Defend_G"],"score":1303,"play_id":"24b09709-7702-4eae-aa8d-e53fe82b5bfc","local_time":"20201218211257","is_ascension_mode":true,"campfire_choices":[{"data":"Cloak And Dagger","floor":7,"key":"SMITH"},{"data":"Blade Dance","floor":10,"key":"SMITH"},{"data":"Accuracy","floor":15,"key":"SMITH"},{"data":"Envenom","floor":24,"key":"SMITH"},{"data":"Noxious Fumes","floor":32,"key":"SMITH"},{"data":"Footwork","floor":40,"key":"SMITH"},{"data":"Adrenaline","floor":44,"key":"SMITH"},{"data":"Leg Sweep","floor":47,"key":"SMITH"},{"data":"Neutralize","floor":49,"key":"SMITH"}],"circlet_count":0,"master_deck":["AscendersBane","Defend_G","Defend_G","Defend_G","Survivor","Neutralize+1","Blade Dance+1","PiercingWail","Footwork+1","Cloak And Dagger+1","After Image","Crippling Poison","Accuracy+1","Die Die Die","Leg Sweep+1","After Image","Calculated Gamble+1","Envenom+1","Backflip","Noxious Fumes+1","Adrenaline+1"],"relics":["Ring of the Snake","Orichalcum","Centennial Puzzle","Smiling Mask","HoveringKite","Letter Opener","Strawberry","Mango","Bird Faced Urn","Busted Crown","Frozen Egg 2","Incense Burner"],"acts_visited":["Exordium","TheCity","TheBeyond"],"potions_floor_usage":[6,16,23,30,33,50],"damage_taken":[{"damage":0.0,"enemies":"Cultist","floor":1.0,"turns":4.0},{"damage":4,"enemies":"Jaw Worm","floor":3,"turns":4},{"damage":0,"enemies":"2 Louse","floor":5,"turns":4},{"damage":24,"enemies":"Lagavulin","floor":6,"turns":11},{"damage":6,"enemies":"Red Slaver","floor":12,"turns":4},{"damage":11,"enemies":"3 Sentries","floor":13,"turns":12},{"damage":2,"enemies":"Blue Slaver","floor":14,"turns":3},{"damage":3,"enemies":"Slime Boss","floor":16,"turns":10},{"damage":11,"enemies":"Spheric Guardian","floor":18,"turns":4},{"damage":9,"enemies":"Shell Parasite","floor":20,"turns":6},{"damage":0,"enemies":"Gremlin Leader","floor":23,"turns":12},{"damage":1,"enemies":"Snake Plant","floor":27,"turns":6},{"damage":16,"enemies":"Chosen and Byrds","floor":29,"turns":6},{"damage":7,"enemies":"Slavers","floor":30,"turns":5},{"damage":10,"enemies":"Automaton","floor":33,"turns":11},{"damage":16,"enemies":"3 Darklings","floor":35,"turns":4},{"damage":2,"enemies":"3 Shapes","floor":38,"turns":4},{"damage":3,"enemies":"Nemesis","floor":41,"turns":9},{"damage":15,"enemies":"Transient","floor":42,"turns":5},{"damage":36,"enemies":"3 Darklings","floor":46,"turns":6},{"damage":14,"enemies":"Awakened One","floor":50,"turns":13}],"seed_played":"-6571431639126811540","potions_obtained":[{"floor":1.0,"key":"LiquidMemories"},{"floor":3,"key":"Block Potion"},{"floor":11,"key":"BlessingOfTheForge"},{"floor":23,"key":"Dexterity Potion"},{"floor":27,"key":"Energy Potion"},{"floor":30,"key":"LiquidMemories"},{"floor":33,"key":"Explosive Potion"},{"floor":35,"key":"FairyPotion"},{"floor":41,"key":"Swift Potion"}],"is_trial":false,"path_per_floor":["M","$","M","$","M","E","R","$","T","R","?","M","E","M","R","B",null,"M","?","M","?","$","E","R","?","T","M","$","M","E","$","R","B",null,"M","?","?","M","$","R","E","M","T","R","?","M","R","$","R","B",null],"character_chosen":"THE_SILENT","items_purchased":["Footwork","Letter Opener"],"campfire_rested":0,"item_purchase_floors":[2,22],"current_hp_per_floor":[59,59,55,55,55,31,31,31,31,31,31,25,14,12,12,9,52,41,41,32,32,32,39,39,39,53,52,52,36,29,29,29,31,73,69,69,64,74,74,74,83,74,74,74,74,50,50,50,50,48],"gold":14,"neow_bonus":"TRANSFORM_CARD","is_daily":false,"chose_seed":false,"campfire_upgraded":9,"win_rate":0.0,"timestamp":1608293577,"path_taken":["M","$","M","?","M","E","R","$","T","R","?","M","E","?","R","BOSS","M","?","?","?","$","E","R","?","T","M","$","M","E","?","R","BOSS","M","?","?","?","$","R","E","M","T","R","?","?","R","$","R","BOSS"],"items_purchased_type":["Card","Relic"],"build_version":"2020-12-13","purchased_purges":6,"victory":true,"max_hp_per_floor":[66,66,66,66,66,66,66,66,66,66,66,66,66,66,66,66,66,66,66,66,66,66,73,73,73,87,87,87,87,87,87,87,87,87,87,83,83,83,83,83,83,83,83,83,83,83,83,83,83,83],"card_choices":[{"not_picked":["Distraction","Prepared"],"picked":"PiercingWail","floor":1.0},{"not_picked":["Slice","PiercingWail"],"picked":"Cloak And Dagger","floor":3},{"not_picked":["Cloak And Dagger","Bouncing Flask"],"picked":"After Image","floor":5},{"not_picked":["Sucker Punch","Caltrops"],"picked":"Crippling Poison","floor":6},{"not_picked":["Reflex","Sucker Punch","Deflect"],"picked":"SKIP","floor":12},{"not_picked":["Slice","Dagger Throw","Poisoned Stab"],"picked":"SKIP","floor":13},{"not_picked":["Backflip","Heel Hook"],"picked":"Accuracy","floor":14},{"not_picked":["Unload","Glass Knife"],"picked":"Die Die Die","floor":16},{"not_picked":["Riddle With Holes+1","Sucker Punch"],"picked":"Leg Sweep","floor":18},{"not_picked":["Flying Knee","Escape Plan"],"picked":"Calculated Gamble","floor":20},{"not_picked":["Eviscerate","Dagger Spray"],"picked":"Envenom","floor":23},{"not_picked":["Concentrate+1","Deflect+1"],"picked":"Backflip","floor":27},{"not_picked":["Dagger Spray","Cloak And Dagger","Deadly Poison"],"picked":"SKIP","floor":29},{"not_picked":["Predator","PiercingWail"],"picked":"Noxious Fumes","floor":30},{"not_picked":["Glass Knife","Burst"],"picked":"Adrenaline","floor":33},{"not_picked":["Blade Dance"],"picked":"SKIP","floor":35},{"not_picked":["Calculated Gamble+1"],"picked":"SKIP","floor":38},{"not_picked":["All Out Attack"],"picked":"SKIP","floor":41},{"not_picked":["Quick Slash"],"picked":"SKIP","floor":42},{"not_picked":["Blade Dance"],"picked":"SKIP","floor":46}],"player_experience":77655,"relics_obtained":[{"floor":6,"key":"Orichalcum"},{"floor":9,"key":"Centennial Puzzle"},{"floor":13,"key":"Smiling Mask"},{"floor":23,"key":"Strawberry"},{"floor":26,"key":"Mango"},{"floor":30,"key":"Bird Faced Urn"},{"floor":41,"key":"Frozen Egg 2"},{"floor":43,"key":"Incense Burner"}],"event_choices":[{"damage_healed":0,"gold_gain":0,"player_choice":"Got Potions","damage_taken":0,"max_hp_gain":0,"max_hp_loss":0,"event_name":"Lab","floor":11,"gold_loss":0},{"damage_healed":0,"gold_gain":0,"player_choice":"Copied","damage_taken":0,"max_hp_gain":0,"max_hp_loss":0,"event_name":"Duplicator","floor":19,"gold_loss":0,"cards_obtained":["After Image"]},{"damage_healed":0,"gold_gain":50,"player_choice":"Stole From Cult","damage_taken":0,"max_hp_gain":0,"max_hp_loss":0,"event_name":"Nest","floor":21,"gold_loss":0},{"damage_healed":0,"gold_gain":0,"player_choice":"Ignored","damage_taken":0,"max_hp_gain":0,"max_hp_loss":0,"event_name":"The Mausoleum","floor":25,"gold_loss":0},{"damage_healed":0,"gold_gain":0,"player_choice":"Max HP","damage_taken":0,"max_hp_gain":0,"max_hp_loss":4,"event_name":"Winding Halls","floor":36,"gold_loss":0},{"damage_healed":0,"gold_gain":0,"player_choice":"Bought 0 Potions","damage_taken":0,"max_hp_gain":0,"max_hp_loss":0,"event_name":"The Woman in Blue","floor":37,"gold_loss":0},{"damage_healed":0,"gold_gain":0,"player_choice":"Upgrade","damage_taken":0,"max_hp_gain":0,"max_hp_loss":0,"event_name":"Designer","floor":45,"gold_loss":50,"cards_upgraded":["Calculated Gamble"]}],"is_beta":false,"boss_relics":[{"not_picked":["Fusion Hammer","Runic Pyramid"],"picked":"HoveringKite"},{"not_picked":["Black Star","Calling Bell"],"picked":"Busted Crown"}],"items_purged_floors":[2,22,28,31,39,48],"is_endless":false,"potions_floor_spawned":[1,3,5,12,23,27,30,33,35,41],"ascension_level":16}}