{"host":"4lebci84u2l5u89t","time":1608302419,"event":{"mods":["AchievementEnabler","Aspiration","Bard","BaseMod","Beaked The Cultist","Better Altar","Better Match","Better Note","Better Sensory Stone","Better Skull","Better Third Choice","BetterRewards","CCEM","Colored Map","Conspire","Downfall","GifTheSpireLib","Googly Eyes","Halation","Hermit","Highlight Path","Hubris","Hunter ??","Jedi Mod","Jorbs\u0027s Wanderer Trilogy","Lobotomy","Mad Scientist","Marisa????????","Mimic Mod","Minty Spire (QoL Compilation)","Permanent Neow","Replay The Spire","Shade Mod","Spicy Shops","StSLib","Stuff the Spire","Unceasing Turn Reminder"],"gold_per_floor":[149,149,164,176,223,223,251,251,328,328,0,55,16,29,29,156,156,167,92,104,123,123,123,123,123,150,207,207,217,217,233,233,360,360,373,389,408,420,433,433,38,58,97,97,147,182,51,62,62,92,92,92,16,46,76],"floor_reached":56,"playtime":6950,"items_purged":["Pain"],"score":1261,"play_id":"e4e62d67-25a5-45dc-b96e-81e1238adc5f","local_time":"20201218154019","is_ascension_mode":false,"campfire_choices":[{"data":"Calmness Giant","floor":6,"key":"SMITH"},{"floor":8,"key":"REST"},{"data":"CultistPetCall","floor":10,"key":"SMITH"},{"floor":15,"key":"REST"},{"floor":23,"key":"REST"},{"floor":25,"key":"REST"},{"floor":30,"key":"REST"},{"floor":32,"key":"REST"},{"floor":40,"key":"REST"},{"floor":44,"key":"REST"},{"floor":49,"key":"RECALL"},{"data":"hermit:LoneWolf","floor":52,"key":"SMITH"}],"circlet_count":0,"master_deck":["Strike_Giant","Strike_Giant","Defend_Giant","Defend_Giant","Defend_Giant","Defend_Giant","CultistPetCall+1","EagleFirst+1","EagleFirst","EagleSecond+1","Mana Growth","Calmness Giant+1","MadScienceMod:AssemblyLine","stsjorbsmod:BookOfTongues+1","MilkyWay+1","Enlightenment+1","Shade:FreshBones","Random Death Rattle+1","hexamod:EmpoweringStance","hermit:Quickdraw+1","Sadistic Nature+1","stsjorbsmod:Commune","hexamod:NecessarySacrifice","Storm of Steel","Encourage_Giant","Replay:SS_hec_2","ReplayTheSpireMod:Brewmster","JustLucky+1","hermit:LoneWolf+1","Shade:Frenzy+1","bard:Parry+1","bard:ViciousMockery+1","Slimebound:SplitBruiser+1","stsjorbsmod:Materialize+1","hexamod:FourthSeal","sneckomod:UnknownRareAttack","Calmness Giant"],"relics":["GiantSoulBox","aspiration:Nostalgia","m_SlimeRing","PrismaticShard","Guardian:PocketSentry","Vajra","GiantSoulStone","aspiration:BardSkillbook","WarpedTongs","CCEMRelics:JestersCrown","War Paint","hubris:FruitBowl","halation:AfternoonTea","Gremlin Food","conspire:RunicOctahedron","StuffTheSpire:CocoNut","Toy Ornithopter","hubris:FunFungus","Ancient Tea Set","Ice Cream","CCEMRelics:PorcelainBowl"],"acts_visited":["Exordium","TheCity","TheBeyond","TheEnding"],"potions_floor_usage":[12,12,12,16,18,33,36,37,37,37,38,38,39,39,39,42,42,42,45,46,46,46,50,50,50,50,54,55,55,55,55,55,55],"damage_taken":[{"damage":2,"enemies":"conspire:RoseBush","floor":1,"turns":3},{"damage":0,"enemies":"2 Louse","floor":3,"turns":3},{"damage":11,"enemies":"Small Slimes","floor":4,"turns":5},{"damage":22,"enemies":"3 Louse","floor":5,"turns":4},{"damage":20,"enemies":"Lagavulin","floor":7,"turns":6},{"damage":24,"enemies":"Gremlin Nob","floor":12,"turns":4},{"damage":11,"enemies":"Blue Slaver","floor":14,"turns":5},{"damage":30,"enemies":"The Guardian","floor":16,"turns":11},{"damage":27,"enemies":"3 Byrds","floor":18,"turns":6},{"damage":12,"enemies":"Chosen","floor":20,"turns":5},{"damage":37,"enemies":"3 Cultists","floor":21,"turns":5},{"damage":8,"enemies":"Replay:Snechameleon","floor":27,"turns":7},{"damage":11,"enemies":"conspire:HollyBat","floor":29,"turns":7},{"damage":20,"enemies":"Shelled Parasite and Fungi","floor":31,"turns":5},{"damage":22,"enemies":"hubris:MusketHawk","floor":33,"turns":7},{"damage":3,"enemies":"Orb Walker","floor":35,"turns":3},{"damage":43,"enemies":"3 Darklings","floor":36,"turns":6},{"damage":26,"enemies":"Maw","floor":37,"turns":8},{"damage":14,"enemies":"Writhing Mass","floor":38,"turns":6},{"damage":0,"enemies":"Jaw Worm Horde","floor":39,"turns":4},{"damage":36,"enemies":"4 Shapes","floor":42,"turns":3},{"damage":8,"enemies":"Maw","floor":43,"turns":6},{"damage":16,"enemies":"Maw","floor":45,"turns":6},{"damage":16,"enemies":"Reptomancer","floor":46,"turns":6},{"damage":30,"enemies":"3 Darklings","floor":48,"turns":4},{"damage":72,"enemies":"conspire:OrnateMirror","floor":50,"turns":7},{"damage":31,"enemies":"Shield and Spear","floor":54,"turns":5},{"damage":96,"enemies":"The Heart","floor":55,"turns":9}],"seed_played":"708869495035568171","potions_obtained":[{"floor":3,"key":"BlessingOfTheForge"},{"floor":5,"key":"AttackPotion"},{"floor":7,"key":"Block Potion"},{"floor":12,"key":"Weak Potion"},{"floor":18,"key":"Fruit Juice"},{"floor":31,"key":"jedi:StrikingPotion"},{"floor":33,"key":"Elixir"},{"floor":36,"key":"SkillPotion"},{"floor":37,"key":"Elixir"},{"floor":38,"key":"Adrenaline Potion"},{"floor":39,"key":"Block Potion"},{"floor":46,"key":"Toxic Potion"},{"floor":48,"key":"LiquidBronze"},{"floor":54,"key":"Doom Potion"}],"is_trial":false,"path_per_floor":["M","?","M","M","M","R","E","R","T","R","?","E","$","M","R_BF","B",null,"M","?","M","M","?","R","?","R","T","E","$","M","R","M","R","B",null,"M","M","M","M","M","R","$","M","MIM","R","M","E","?","M","R","B",null,"R","$","E","B",null],"character_chosen":"Giant","items_purchased":["Random Death Rattle+1","hubris:FruitBowl","halation:AfternoonTea","Gremlin Food","StuffTheSpire:CocoNut","Toy Ornithopter","Calmness Giant"],"campfire_rested":8,"item_purchase_floors":[13,28,28,28,41,41,53],"current_hp_per_floor":[63,63,63,52,35,35,15,36,36,36,42,23,23,12,36,27,86,68,68,56,23,23,50,50,77,77,74,30,27,55,50,78,86,103,100,57,35,21,21,51,61,52,48,81,96,108,108,87,87,60,127,127,127,106,52],"gold":76,"neow_bonus":"NOSTALGIA","is_daily":false,"chose_seed":false,"campfire_upgraded":3,"win_rate":0.0,"timestamp":1608302419,"path_taken":["M","?","M","M","M","R","E","R","T","R","?","E","$","M","R_BF","BOSS","M","?","M","M","?","R","?","R","T","E","?","M","R","M","R","BOSS","M","M","?","M","M","R","$","M","MIM","R","M","E","?","?","R","BOSS","R","$","E","BOSS"],"items_purchased_type":["Card","Relic","Relic","Relic","Relic","Relic","Card"],"build_version":"2020-12-13","purchased_purges":1,"victory":true,"max_hp_per_floor":[65,65,65,65,70,70,70,70,70,70,76,81,81,81,81,86,86,91,91,91,91,91,91,91,91,91,96,96,96,96,96,96,103,103,103,103,103,103,103,103,113,113,113,113,120,120,120,120,120,127,127,127,127,127,134],"card_choices":[{"not_picked":["Fanatic Cultist","HPGrowth_Giant"],"picked":"Mana Growth","floor":1},{"not_picked":["conspire:ExplosiveBarrier","hexamod:RecurringNightmare"],"picked":"Calmness Giant","floor":3},{"not_picked":["stsjorbsmod:UnseenServant","stsjorbsmod:WastingStrike"],"picked":"MadScienceMod:AssemblyLine","floor":4},{"not_picked":["FlurryOfBlows","Sweeping Beam"],"picked":"stsjorbsmod:BookOfTongues","floor":5},{"not_picked":["Skewer","jedi:pocketpoison"],"picked":"MilkyWay","floor":7},{"not_picked":["StuffTheSpire:Plugnplay","expansioncontent:SlimeTackle"],"picked":"Shade:FreshBones","floor":12},{"not_picked":["ReplayTheSpireMod:Calculation Training","stsjorbsmod:ChatteringStrike","hermit:LuckOfTheDraw"],"picked":"SKIP","floor":14},{"not_picked":["bard:ReverseGravity","ManaRampage"],"picked":"hexamod:EmpoweringStance","floor":16},{"not_picked":["stsjorbsmod:Strife","MadScienceMod:FlexibleSpear","Finesse"],"picked":"hermit:Quickdraw+1","floor":18},{"not_picked":["Mayhem+1","Metamorphosis+1","HandOfGreed+1"],"picked":"Sadistic Nature+1","floor":19},{"not_picked":["Bouncing Flask","hermit:HoleUp","bard:Gamble"],"picked":"stsjorbsmod:Commune","floor":20},{"not_picked":["champ:DeathBlow","sneckomod:SoulRoll+1","champ:BladeFlurry"],"picked":"hexamod:NecessarySacrifice","floor":21},{"not_picked":["bard:FeastOnFear+1","expansioncontent:DonusPower","beaked:WarriorEssence+1"],"picked":"Storm of Steel","floor":27},{"not_picked":["sneckomod:UnknownWeak","Harvest+1","hexamod:NightmareStrike"],"picked":"Encourage_Giant","floor":29},{"not_picked":["beaked:Flinch","ReplaySort","MadScienceMod:Probe+1"],"picked":"Replay:SS_hec_2","floor":31},{"not_picked":["Slimebound:SlimeSlap","expansioncontent:QuickStudy","Vault"],"picked":"ReplayTheSpireMod:Brewmster","floor":33},{"not_picked":["Shade:CallOfTheGrave+1","StuffTheSpire:Incursion","stsjorbsmod:Firebolt+1"],"picked":"JustLucky+1","floor":35},{"not_picked":["Armaments","GalacticHalo+1","expansioncontent:DefensiveStance+1"],"picked":"hermit:LoneWolf","floor":36},{"not_picked":["Anger","Shade:FleshToFlesh","hermit:HighCaliber+1"],"picked":"Shade:Frenzy","floor":37},{"not_picked":["Heaven","hermit:WideOpen","champ:Backstep"],"picked":"bard:Parry+1","floor":38},{"not_picked":["bard:LingeringEcho","hermit:Combo","StuffTheSpire:NuclearReactor"],"picked":"bard:ViciousMockery+1","floor":39},{"not_picked":["stsjorbsmod:Channel","Footwork","stsjorbsmod:MagicMirror+1"],"picked":"Slimebound:SplitBruiser+1","floor":42},{"not_picked":["hermit:Combo+1","stsjorbsmod:Flame+1","bard:EchoEcho+1"],"picked":"stsjorbsmod:Materialize+1","floor":43},{"not_picked":["Expertise","stsjorbsmod:Godsbane+1","RapturousDream+1"],"picked":"hexamod:FourthSeal","floor":45},{"not_picked":["Guardian:PrismaticBeam","sneckomod:IronFang+1","StuffTheSpire:ClusterCrunch+1"],"picked":"sneckomod:UnknownRareAttack","floor":46},{"not_picked":["Hologram+1","Slimebound:PressTheAttack+1","Run Through","stsjorbsmod:Materialize+1"],"picked":"SKIP","floor":48},{"not_picked":["Thunderclap+1","Guardian:TemporalShield","MadScienceMod:ParticleBeam+1","Echo Defend Giant"],"picked":"SKIP","floor":54}],"player_experience":243372,"relics_obtained":[{"floor":7,"key":"Guardian:PocketSentry"},{"floor":12,"key":"Vajra"},{"floor":16,"key":"GiantSoulStone"},{"floor":26,"key":"CCEMRelics:JestersCrown"},{"floor":27,"key":"War Paint"},{"floor":43,"key":"hubris:FunFungus"},{"floor":46,"key":"Ancient Tea Set"},{"floor":54,"key":"CCEMRelics:PorcelainBowl"}],"event_choices":[{"damage_healed":0,"gold_gain":0,"player_choice":"RENOUNCE","damage_taken":328,"max_hp_gain":0,"max_hp_loss":0,"event_name":"betterThird:BetterSerpent","floor":11,"gold_loss":328,"cards_obtained":["Enlightenment"]},{"damage_healed":0,"gold_gain":0,"player_choice":"2","damage_taken":0,"max_hp_gain":0,"max_hp_loss":0,"event_name":"betterMatch:BetterMatch","floor":19,"gold_loss":0,"cards_obtained":["betterMatch:ColorlessRareCard"]},{"cards_removed":["hubris:Lust"],"damage_healed":0,"gold_gain":0,"player_choice":"Purged","damage_taken":0,"max_hp_gain":0,"max_hp_loss":0,"event_name":"Purifier","floor":22,"gold_loss":0},{"damage_healed":0,"gold_gain":0,"player_choice":"Rummage","damage_taken":0,"relics_obtained":["WarpedTongs"],"max_hp_gain":0,"max_hp_loss":0,"event_name":"Accursed Blacksmith","floor":24,"gold_loss":0,"cards_obtained":["Pain"]},{"damage_healed":0,"gold_gain":0,"player_choice":"Paid Gold","damage_taken":0,"relics_obtained":["Ice Cream"],"max_hp_gain":0,"max_hp_loss":0,"event_name":"WeMeetAgain","floor":47,"gold_loss":131}],"is_beta":false,"boss_relics":[{"not_picked":["hubris:CrackedHourglass","CCEMRelics:TransientCore"],"picked":"aspiration:BardSkillbook"},{"not_picked":["Snecko Eye","jedi:hotpepper"],"picked":"conspire:RunicOctahedron"}],"items_purged_floors":[28],"is_endless":false,"potions_floor_spawned":[3,5,7,12,18,31,33,36,37,38,39,48],"ascension_level":0}}