{"host":"d9m9v0h6vo0edadb","time":1608295357,"event":{"mods":["BaseMod","Hermit","Keyboard Shortcuts","Minty Spire (QoL Compilation)","StSLib","SuperFastMode","The Cursed"],"gold_per_floor":[119,44,62,62,62,100,124,149,149,183,204,220,254,267,267,356,356,374,424,237,256,272,272,67,105,131,131,147,191,241,256,256,256,256],"floor_reached":33,"playtime":704,"items_purged":["Strike_B","Strike_B","Strike_B"],"score":700,"play_id":"da98d6b2-0cd7-44eb-ae6e-97889a0c27c3","local_time":"20201218214237","is_ascension_mode":true,"campfire_choices":[{"floor":15.0,"key":"REST"},{"data":"Zap","floor":23,"key":"SMITH"},{"data":"Heatsinks","floor":27,"key":"SMITH"},{"data":"Recycle","floor":32,"key":"SMITH"}],"circlet_count":0,"master_deck":["AscendersBane","Defend_B","Defend_B","Defend_B","Defend_B+1","Zap+1","Dualcast+1","Compile Driver","Glacier","Lockon","Gash","Gash","Chill","BootSequence","Electrodynamics","Heatsinks+1","Self Repair","Heatsinks+1","Static Discharge","Defragment+1","TheCursedMod:Dregs","Recycle+1"],"relics":["Cracked Core","NeowsBlessing","Golden Idol","HornCleat","Letter Opener","Molten Egg 2","Ice Cream","Cursed Key","Frozen Egg 2","War Paint","Incense Burner"],"acts_visited":["Exordium","TheCity"],"potions_floor_usage":[16,21,25,33],"damage_taken":[{"damage":0.0,"enemies":"Cultist","floor":1.0,"turns":1.0},{"damage":0.0,"enemies":"Small Slimes","floor":3.0,"turns":1.0},{"damage":0.0,"enemies":"Lagavulin","floor":6.0,"turns":2.0},{"damage":3.0,"enemies":"Jaw Worm","floor":7.0,"turns":4.0},{"damage":13.0,"enemies":"Large Slime","floor":8.0,"turns":4.0},{"damage":27.0,"enemies":"Gremlin Nob","floor":10.0,"turns":4.0},{"damage":0.0,"enemies":"Lots of Slimes","floor":11.0,"turns":4.0},{"damage":3.0,"enemies":"Exordium Thugs","floor":12.0,"turns":5.0},{"damage":0.0,"enemies":"Lagavulin","floor":13.0,"turns":7.0},{"damage":0.0,"enemies":"3 Louse","floor":14.0,"turns":4.0},{"damage":33,"enemies":"The Guardian","floor":16,"turns":11},{"damage":7,"enemies":"2 Thieves","floor":18,"turns":4},{"damage":0,"enemies":"Spheric Guardian","floor":21,"turns":4},{"damage":1,"enemies":"Snecko","floor":22,"turns":8},{"damage":17,"enemies":"Gremlin Leader","floor":25,"turns":7},{"damage":4,"enemies":"Snake Plant","floor":28,"turns":4},{"damage":11,"enemies":"Book of Stabbing","floor":29,"turns":6},{"damage":0,"enemies":"Centurion and Healer","floor":31,"turns":6},{"damage":61,"enemies":"Collector","floor":33,"turns":9}],"seed_played":"4451054527200252095","potions_obtained":[{"floor":1.0,"key":"EntropicBrew"},{"floor":10.0,"key":"EssenceOfDarkness"},{"floor":11.0,"key":"DuplicationPotion"},{"floor":13.0,"key":"Strength Potion"},{"floor":16,"key":"Swift Potion"},{"floor":22,"key":"Block Potion"},{"floor":31,"key":"Strength Potion"}],"is_trial":false,"path_per_floor":["M","$","M","?","?","E","M","M","T","E","M","M","E","M","R","B",null,"M","?","$","M","M","R","$","E","T","R","M","E","?","M","R","B"],"character_chosen":"DEFECT","items_purchased":["Self Repair","Static Discharge"],"campfire_rested":1,"item_purchase_floors":[20,24],"current_hp_per_floor":[64,64,64,64,64,64,61,48,48,21,21,18,18,18,37,4,49,42,42,42,49,55,55,55,45,45,45,48,44,44,51,51,0,0],"gold":256,"neow_bonus":"THREE_ENEMY_KILL","is_daily":false,"chose_seed":false,"campfire_upgraded":3,"win_rate":0.0,"timestamp":1608295357,"path_taken":["M","$","M","?","?","E","M","M","T","E","M","M","E","?","R","BOSS","M","?","?","M","M","R","$","E","T","R","M","E","?","M","R","BOSS"],"items_purchased_type":["Card","Card"],"build_version":"2020-12-13","purchased_purges":3,"victory":false,"max_hp_per_floor":[71,71,71,64,64,64,64,64,64,64,64,64,64,64,64,64,64,64,64,64,64,64,64,64,64,64,64,64,64,64,64,64,64,64],"card_choices":[{"not_picked":["Tempest","Sweeping Beam"],"picked":"Compile Driver","floor":1.0},{"not_picked":["Stack","Barrage"],"picked":"Glacier","floor":3.0},{"not_picked":["Melter","Go for the Eyes"],"picked":"Lockon","floor":6.0},{"not_picked":["Turbo","Buffer"],"picked":"Gash","floor":7.0},{"not_picked":["Go for the Eyes","Fusion"],"picked":"Gash","floor":8.0},{"not_picked":["Go for the Eyes+1","Compile Driver+1"],"picked":"Chill","floor":10.0},{"not_picked":["Stack","Streamline+1","Sweeping Beam+1"],"picked":"SKIP","floor":11.0},{"not_picked":["Steam","Hello World","Stack"],"picked":"SKIP","floor":12.0},{"not_picked":["Barrage+1","Hologram"],"picked":"BootSequence","floor":13.0},{"not_picked":["Reprogram","Streamline+1","Beam Cell+1"],"picked":"SKIP","floor":14.0},{"not_picked":["Creative AI","Buffer"],"picked":"Electrodynamics","floor":16},{"not_picked":["BootSequence","Redo"],"picked":"Heatsinks+1","floor":18},{"not_picked":["Gash+1","Hello World"],"picked":"Heatsinks","floor":21},{"not_picked":["Turbo","Sweeping Beam+1","Steam"],"picked":"SKIP","floor":22},{"not_picked":["Auto Shields+1","Leap"],"picked":"Defragment+1","floor":25},{"not_picked":["Go for the Eyes+1","Skim","Ball Lightning+1"],"picked":"SKIP","floor":28},{"not_picked":["Conserve Battery+1","Turbo"],"picked":"Recycle","floor":29},{"not_picked":["Turbo","Cold Snap+1","Go for the Eyes+1"],"picked":"SKIP","floor":31}],"player_experience":938480,"relics_obtained":[{"floor":6.0,"key":"HornCleat"},{"floor":9.0,"key":"Letter Opener"},{"floor":10.0,"key":"Molten Egg 2"},{"floor":13.0,"key":"Ice Cream"},{"floor":25,"key":"Frozen Egg 2"},{"floor":26,"key":"War Paint"},{"floor":29,"key":"Incense Burner"}],"event_choices":[{"damage_healed":0.0,"max_hp_gain":0.0,"max_hp_loss":7.0,"gold_gain":0.0,"event_name":"Golden Idol","player_choice":"Lose Max HP","floor":4.0,"gold_loss":0.0,"damage_taken":0.0,"relics_obtained":["Golden Idol"]},{"cards_removed":["Strike_B"],"damage_healed":0.0,"max_hp_gain":0.0,"max_hp_loss":0.0,"gold_gain":0.0,"event_name":"Wheel of Change","player_choice":"Card Removal","floor":5.0,"gold_loss":0.0,"damage_taken":0.0},{"damage_healed":0,"gold_gain":50,"player_choice":"Pray","damage_taken":0,"max_hp_gain":0,"max_hp_loss":0,"event_name":"Golden Shrine","floor":19,"gold_loss":0},{"damage_healed":0,"gold_gain":50,"player_choice":"Stole From Cult","damage_taken":0,"max_hp_gain":0,"max_hp_loss":0,"event_name":"Nest","floor":30,"gold_loss":0}],"is_beta":false,"boss_relics":[{"not_picked":["Tiny House","Sozu"],"picked":"Cursed Key"}],"items_purged_floors":[2,20,24],"is_endless":false,"potions_floor_spawned":[1,10,11,13,16,22,31],"killed_by":"Collector","ascension_level":19}}