{"host":"ifd7sfhtlbe34qll","time":1608323854,"event":{"mods":["2.2 Compatiblity","BaseMod","Block Reminder","Colored Map","Downfall","Highlight Path","Minty Spire (QoL Compilation)","Potion Indicator Mod","Quick Restart","Random Character Button","Relic Stats","StSLib"],"gold_per_floor":[99,131,143,163,163,195,195,225,325,250,266,282,432,450,469,564,564,564,204,218,218,218,218,218,249,249,282,299,309,409,429,449,545,545,545,591,160,186,201,126,151,76,108,108,122,179,31,31,46,46,46,80,5,5,5],"floor_reached":56,"playtime":4125,"items_purged":["hexamod:Strike","hexamod:Defend","hexamod:Defend","Slimebound:Icky"],"score":1573,"play_id":"cfc18ad7-ab81-410d-9461-6ea0ffe78d84","local_time":"20201218143734","is_ascension_mode":true,"campfire_choices":[{"data":"Metamorphosis","floor":1.0,"key":"SMITH"},{"floor":10.0,"key":"REST"},{"data":"hexamod:ParanormalForm","floor":18.0,"key":"SMITH"},{"data":"hexamod:NightmareGuise","floor":21.0,"key":"SMITH"},{"floor":23.0,"key":"REST"},{"data":"hexamod:EmpoweredFlame","floor":26.0,"key":"SMITH"},{"floor":35.0,"key":"RECALL"},{"data":"hexamod:GiftsFromTheDead","floor":40.0,"key":"SMITH"},{"data":"hexamod:EtherealExpedition","floor":42.0,"key":"SMITH"},{"data":"hexamod:UnleashSpirits","floor":44.0,"key":"SMITH"},{"floor":54,"key":"REST"}],"circlet_count":0,"master_deck":["hexamod:Defend","hexamod:Defend","hexamod:Float+1","Metamorphosis+1","hexamod:GhostOfSpirePast","hexamod:NightmareStrike+1","hexamod:Firestarter","hexamod:FirstSeal","hexamod:RecurringNightmare","hexamod:TimeWarp","hexamod:AdvancingGuard","hexamod:SoulSteal","hexamod:RetreatToShadows","hexamod:ExtraCrispy","hexamod:BacktrackSmack","hexamod:ParanormalForm+1","hexamod:HexaLevel","hexamod:DynamicBlow","hexamod:EmpoweredFlame+1","hexamod:NightmareGuise+1","hexamod:NightmareGuise+1","hexamod:PowerFromBeyond+1","hexamod:UnleashSpirits+1","hexamod:GhostShield","hexamod:EtherealExpedition+1","hexamod:GiftsFromTheDead+1","hexamod:BurningTouch+1","hexamod:TurnItUp","hexamod:GhostShield+1","expansioncontent:Corrupt","hexamod:WildfireWeapon","hexamod:GhostflameBarrier","hexamod:StepThrough+1","hexamod:GhostShield+1"],"relics":["hexamod:SpiritBrand","Meat on the Bone","Akabeko","Bronze Scales","Whetstone","downfall:HeartBlessingGreen","Philosopher\u0027s Stone","Omamori","Enchiridion","Pantograph","MealTicket","Torii","MutagenicStrength","Runic Pyramid","Dead Branch","hexamod:BolsterEngine","Gremlin Horn","downfall:HeartBlessingRed","downfall:HeartBlessingBlue","Regal Pillow","OrangePellets","Membership Card","downfall:TeleportStone","sneckomod:BlankCard"],"acts_visited":["Exordium","TheCity","TheBeyond","TheEnding"],"potions_floor_usage":[52,55],"damage_taken":[{"damage":7.0,"enemies":"Gremlin Nob","floor":2.0,"turns":3.0},{"damage":0.0,"enemies":"Small Slimes","floor":3.0,"turns":3.0},{"damage":2.0,"enemies":"2 Louse","floor":4.0,"turns":2.0},{"damage":19.0,"enemies":"Lagavulin","floor":6.0,"turns":6.0},{"damage":23.0,"enemies":"3 Sentries","floor":8.0,"turns":5.0},{"damage":26.0,"enemies":"downfall:Heads","floor":9.0,"turns":5.0},{"damage":0.0,"enemies":"Jaw Worm","floor":11.0,"turns":2.0},{"damage":0.0,"enemies":"2 Fungi Beasts","floor":12.0,"turns":3.0},{"damage":0.0,"enemies":"Red Slaver","floor":14.0,"turns":2.0},{"damage":0.0,"enemies":"3 Louse","floor":15.0,"turns":3.0},{"damage":27.0,"enemies":"downfall:Watcher","floor":16.0,"turns":8.0},{"damage":9.0,"enemies":"downfall:FleeingMerchant","floor":19.0,"turns":4.0},{"damage":14.0,"enemies":"Spheric Guardian","floor":20.0,"turns":4.0},{"damage":25.0,"enemies":"Gremlin Leader","floor":25.0,"turns":6.0},{"damage":24.0,"enemies":"Book of Stabbing","floor":27.0,"turns":4.0},{"damage":0.0,"enemies":"Chosen","floor":28.0,"turns":4.0},{"damage":12.0,"enemies":"3 Cultists","floor":29.0,"turns":5.0},{"damage":14.0,"enemies":"downfall:Augmenter","floor":30.0,"turns":5.0},{"damage":15.0,"enemies":"Centurion and Healer","floor":31.0,"turns":7.0},{"damage":15.0,"enemies":"Cultist and Chosen","floor":32.0,"turns":5.0},{"damage":38.0,"enemies":"downfall:Ironclad","floor":33.0,"turns":9.0},{"damage":40.0,"enemies":"2 Orb Walkers","floor":36.0,"turns":4.0},{"damage":1.0,"enemies":"downfall:FleeingMerchant","floor":37.0,"turns":4.0},{"damage":16.0,"enemies":"Giant Head","floor":38.0,"turns":7.0},{"damage":0.0,"enemies":"3 Shapes","floor":39.0,"turns":3.0},{"damage":0.0,"enemies":"Reptomancer","floor":43.0,"turns":4.0},{"damage":12.0,"enemies":"3 Darklings","floor":45.0,"turns":5.0},{"damage":6.0,"enemies":"downfall:FleeingMerchant","floor":46.0,"turns":3.0},{"damage":16.0,"enemies":"Jaw Worm Horde","floor":49.0,"turns":4.0},{"damage":0.0,"enemies":"downfall:Defect","floor":50.0,"turns":6.0},{"damage":60,"enemies":"downfall:CharBossMerchant","floor":52,"turns":9},{"damage":19,"enemies":"downfall:NeowBoss","floor":55,"turns":20}],"seed_played":"-1014770937044528081","potions_obtained":[{"floor":3.0,"key":"Regen Potion"},{"floor":6.0,"key":"Weak Potion"},{"floor":8.0,"key":"Swift Potion"},{"floor":11.0,"key":"hexamod:EctoCoolerPotion"},{"floor":25.0,"key":"Strength Potion"},{"floor":28.0,"key":"Regen Potion"},{"floor":32.0,"key":"GamblersBrew"},{"floor":36.0,"key":"Block Potion"},{"floor":38.0,"key":"DuplicationPotion"},{"floor":52,"key":"BlessingOfTheForge"}],"is_trial":false,"path_per_floor":["R","E","M","M","?","E","T","E","?","R","M","M","?","M","M","B",null,"R","$","M","R","?","R","T","E","R","E","M","M","?","M","M","B",null,"R","?","$","E","M","R","T","R","E","R","M","$","$","?","M","B",null,"E","$","R","B",null],"character_chosen":"THE_SPIRIT","items_purchased":["hexamod:DynamicBlow","hexamod:EmpoweredFlame","Omamori","expansioncontent:Corrupt","hexamod:BolsterEngine","OrangePellets","Membership Card"],"campfire_rested":3,"item_purchase_floors":[19,19,19,37,37,46,47],"current_hp_per_floor":[49,42,42,40,33,33,33,36,22,43,43,50,50,50,57,42,63,63,61,54,54,38,59,59,53,53,48,55,50,43,47,51,51,65,65,53,67,58,65,65,65,75,80,80,68,80,80,80,64,80,80,32,47,80,61],"gold":5,"neow_bonus":"RANDOM_COLORLESS_2","is_daily":false,"chose_seed":false,"campfire_upgraded":7,"win_rate":0.0,"timestamp":1608323854,"path_taken":["R","E","M","M","?","E","T","E","?","R","M","M","?","M","M","BOSS","R","$","M","R","?","R","T","E","R","E","M","M","?","M","M","BOSS","R","?","$","E","M","R","T","R","E","R","M","$","$","?","M","BOSS","E","$","R","BOSS"],"items_purchased_type":["Card","Card","Relic","Card","Relic","Relic","Relic"],"build_version":"2020-12-13","purchased_purges":4,"victory":true,"max_hp_per_floor":[70,70,70,70,70,70,70,70,70,70,70,70,70,70,70,70,70,70,70,70,70,70,70,70,70,70,70,70,70,70,70,70,70,70,70,70,70,70,70,70,70,80,80,80,80,80,80,80,80,80,80,80,80,80,80],"relic_stats":{"OrangePellets":[7],"Regal Pillow":9,"Torii":8,"Gremlin Horn":[14,14],"counters":[32,164],"Bronze Scales":[350],"Pantograph":35,"Dead Branch":[181],"MealTicket":42,"Whetstone":["hexamod:NightmareStrike","hexamod:Strike"],"obtain_stats":[{"Regal Pillow":43,"Torii":27,"Gremlin Horn":38,"downfall:HeartBlessingRed":40,"Dead Branch":36,"sneckomod:BlankCard":52,"Enchiridion":22,"downfall:HeartBlessingGreen":10,"downfall:TeleportStone":48,"Omamori":19,"Whetstone":8,"Akabeko":6,"OrangePellets":46,"downfall:HeartBlessingBlue":42,"Bronze Scales":7,"Pantograph":24,"MutagenicStrength":30,"Philosopher\u0027s Stone":17,"MealTicket":25,"Membership Card":47,"hexamod:BolsterEngine":37,"hexamod:SpiritBrand":0,"Meat on the Bone":2,"Runic Pyramid":34},{"Regal Pillow":26,"Torii":15,"Gremlin Horn":24,"downfall:HeartBlessingRed":25,"Dead Branch":22,"sneckomod:BlankCard":31,"Enchiridion":13,"downfall:HeartBlessingGreen":6,"downfall:TeleportStone":28,"Omamori":12,"Whetstone":5,"Akabeko":4,"OrangePellets":28,"downfall:HeartBlessingBlue":25,"Bronze Scales":4,"Pantograph":13,"MutagenicStrength":18,"Philosopher\u0027s Stone":11,"MealTicket":14,"Membership Card":28,"hexamod:BolsterEngine":23,"hexamod:SpiritBrand":0,"Meat on the Bone":1,"Runic Pyramid":21},{"Regal Pillow":117,"Torii":60,"Gremlin Horn":110,"downfall:HeartBlessingRed":113,"Dead Branch":99,"sneckomod:BlankCard":144,"Enchiridion":50,"downfall:HeartBlessingGreen":24,"downfall:TeleportStone":125,"Omamori":46,"Whetstone":19,"Akabeko":14,"OrangePellets":125,"downfall:HeartBlessingBlue":113,"Bronze Scales":14,"Pantograph":50,"MutagenicStrength":74,"Philosopher\u0027s Stone":42,"MealTicket":56,"Membership Card":125,"hexamod:BolsterEngine":103,"hexamod:SpiritBrand":0,"Meat on the Bone":3,"Runic Pyramid":95}],"Meat on the Bone":132},"card_choices":[{"not_picked":["Violence","Magnetism"],"picked":"Metamorphosis","floor":0.0},{"not_picked":["hexamod:NightmareGuise","hexamod:InspiringFlames"],"picked":"hexamod:GhostOfSpirePast","floor":2.0},{"not_picked":["hexamod:FlamesFromBeyond","hexamod:Hexaguard"],"picked":"hexamod:NightmareStrike","floor":3.0},{"not_picked":["hexamod:HeatCrush","hexamod:NightmareGuise"],"picked":"hexamod:Firestarter","floor":4.0},{"not_picked":["hexamod:SwordOfDarkness","hexamod:ThermalTransfer"],"picked":"hexamod:RecurringNightmare","floor":6.0},{"not_picked":["hexamod:CatchUp","hexamod:FirstSeal"],"picked":"hexamod:TimeWarp","floor":8.0},{"not_picked":["hexamod:ShieldOfDarkness","hexamod:GhostShield"],"picked":"hexamod:AdvancingGuard","floor":9.0},{"not_picked":["hexamod:Haunt","hexamod:RadiantFlame"],"picked":"hexamod:RetreatToShadows","floor":11.0},{"not_picked":["hexamod:AdvancingGuard","hexamod:InspiringFlames"],"picked":"hexamod:ExtraCrispy","floor":12.0},{"not_picked":["hexamod:Rewind","hexamod:ShieldOfDarkness"],"picked":"hexamod:BacktrackSmack","floor":14.0},{"not_picked":["hexamod:SpectralAdrenaline","hexamod:FirstSeal"],"picked":"hexamod:ParanormalForm","floor":15.0},{"not_picked":["hexamod:UnlimitedPower","hexamod:TimeWarp"],"picked":"hexamod:HexaLevel","floor":16.0},{"not_picked":["hexamod:NecessarySacrifice","hexamod:BurningTouch","hexamod:ShieldOfDarkness"],"picked":"SKIP","floor":19.0},{"not_picked":["hexamod:ChargedBarrage","hexamod:BurningTouch"],"picked":"hexamod:NightmareGuise","floor":20.0},{"not_picked":["hexamod:GhostLash","hexamod:SoulSteal+1","hexamod:BacktrackSmack"],"picked":"SKIP","floor":25.0},{"not_picked":["hexamod:ThermalTransfer+1","hexamod:PowerFromBeyond"],"picked":"hexamod:NightmareGuise+1","floor":27.0},{"not_picked":["hexamod:RecurringNightmare","hexamod:SwordOfDarkness+1"],"picked":"hexamod:PowerFromBeyond+1","floor":28.0},{"not_picked":["hexamod:UnlimitedPower","hexamod:ExtraCrispy","hexamod:GhostShield"],"picked":"SKIP","floor":29.0},{"not_picked":["hexamod:SpectralAdrenaline","hexamod:ThermalTransfer+1"],"picked":"hexamod:EtherealExpedition","floor":30.0},{"not_picked":["hexamod:NightmareGuise","hexamod:GhostShield"],"picked":"hexamod:GiftsFromTheDead","floor":31.0},{"not_picked":["hexamod:GhostflameBarrier","hexamod:Incineration"],"picked":"hexamod:BurningTouch+1","floor":32.0},{"not_picked":["hexamod:GhostflameInferno","hexamod:Toasty"],"picked":"hexamod:TurnItUp","floor":33.0},{"not_picked":["hexamod:Haunt","hexamod:FastForward"],"picked":"hexamod:GhostShield+1","floor":36.0},{"not_picked":["hexamod:BurningTouch+1","hexamod:NightmareGuise+1","hexamod:RadiantFlame+1"],"picked":"SKIP","floor":37.0},{"not_picked":["hexamod:FastForward+1","hexamod:RainOfEmbers"],"picked":"hexamod:WildfireWeapon","floor":38.0},{"not_picked":["hexamod:NightmareStrike","hexamod:BurningTouch"],"picked":"hexamod:GhostflameBarrier","floor":39.0},{"not_picked":["hexamod:GhostShield","hexamod:BacktrackSmack","hexamod:ThermalTransfer"],"picked":"SKIP","floor":43.0},{"not_picked":["hexamod:ExtraCrispy","hexamod:GhostOfSpireFuture+1","hexamod:CatchUp+1"],"picked":"SKIP","floor":45.0},{"not_picked":["hexamod:GhostOfSpirePresent+1","hexamod:SoulSteal+1"],"picked":"hexamod:StepThrough+1","floor":46.0},{"not_picked":["hexamod:BacktrackSmack+1","hexamod:StepThrough+1","hexamod:GhostOfSpirePresent"],"picked":"SKIP","floor":49.0},{"not_picked":["hexamod:FlamesFromBeyond","hexamod:PhantomFireball+1"],"picked":"hexamod:GhostShield+1","floor":52}],"player_experience":1587142,"relics_obtained":[{"floor":2.0,"key":"Meat on the Bone"},{"floor":6.0,"key":"Akabeko"},{"floor":7.0,"key":"Bronze Scales"},{"floor":8.0,"key":"Whetstone"},{"floor":22.0,"key":"Enchiridion"},{"floor":24.0,"key":"Pantograph"},{"floor":25.0,"key":"MealTicket"},{"floor":27.0,"key":"Torii"},{"floor":30.0,"key":"MutagenicStrength"},{"floor":36.0,"key":"Dead Branch"},{"floor":38.0,"key":"Gremlin Horn"},{"floor":43.0,"key":"Regal Pillow"},{"floor":52,"key":"sneckomod:BlankCard"}],"event_choices":[{"damage_healed":0.0,"max_hp_gain":0.0,"max_hp_loss":0.0,"gold_gain":0.0,"event_name":"Mysterious Sphere","player_choice":"Fight","floor":36.0,"gold_loss":0.0,"damage_taken":0.0}],"is_beta":false,"boss_relics":[{"not_picked":["SacredBark","Empty Cage"],"picked":"Philosopher\u0027s Stone"},{"not_picked":["Black Star","Pandora\u0027s Box"],"picked":"Runic Pyramid"}],"items_purged_floors":[19,37,46,53],"is_endless":false,"potions_floor_spawned":[3,6,8,11,14,25,28,31,32,36,38,43,49,52],"ascension_level":5}}