{"host":"mvlqq966zh3ccmv5","time":1608258944,"event":{"mods":["AchievementEnabler","BaseMod","DeckTracker","Minty Spire (QoL Compilation)","SuperFastMode"],"gold_per_floor":[118,118,130,148,128,128,128,53,53,53,72,84,4,29,29,131,131,151,151,162,181,181,181],"floor_reached":22,"playtime":668,"items_purged":["Defend_G"],"score":294,"play_id":"e8b8faa3-62bf-4930-9bf7-71922de95ab9","local_time":"20201218113544","is_ascension_mode":true,"campfire_choices":[{"data":"Terror","floor":7,"key":"SMITH"},{"data":"Survivor","floor":10,"key":"SMITH"},{"data":"Tactician","floor":15,"key":"SMITH"}],"circlet_count":0,"master_deck":["AscendersBane","Survivor+1","Neutralize","Predator","Terror+1","Deadly Poison","Clumsy","Acrobatics","Prepared","Tactician+1","After Image","Phantasmal Killer","Heel Hook","Blade Dance","Venomology","Catalyst","Doppelganger","Cloak And Dagger","Night Terror","Noxious Fumes","Dagger Throw","Pain","Prepared+1"],"relics":["Cursed Key","Darkstone Periapt","Ancient Tea Set","Pandora\u0027s Box","WarpedTongs"],"acts_visited":["Exordium","TheCity"],"potions_floor_usage":[6,14,18,20,20,21,21,21,21,22,22],"damage_taken":[{"damage":0,"enemies":"2 Louse","floor":1,"turns":3},{"damage":0,"enemies":"Cultist","floor":3,"turns":3},{"damage":2,"enemies":"Jaw Worm","floor":4,"turns":2},{"damage":0,"enemies":"Gremlin Nob","floor":6,"turns":2},{"damage":9,"enemies":"Exordium Thugs","floor":11,"turns":4},{"damage":0,"enemies":"Red Slaver","floor":12,"turns":3},{"damage":13,"enemies":"Lagavulin","floor":14,"turns":6},{"damage":11,"enemies":"Hexaghost","floor":16,"turns":12},{"damage":13,"enemies":"3 Byrds","floor":18,"turns":5},{"damage":15,"enemies":"Chosen","floor":20,"turns":3},{"damage":33,"enemies":"Shelled Parasite and Fungi","floor":21,"turns":5},{"damage":9,"enemies":"Centurion and Healer","floor":22,"turns":4}],"seed_played":"-9151252783420382645","potions_obtained":[{"floor":4,"key":"SmokeBomb"},{"floor":5,"key":"Dexterity Potion"},{"floor":14,"key":"GamblersBrew"},{"floor":16,"key":"EssenceOfSteel"},{"floor":21,"key":"Swift Potion"}],"is_trial":false,"path_per_floor":["M","?","M","M","?","E","R","$","T","R","M","M","$","E","R","B",null,"M","?","M","M","M"],"character_chosen":"THE_SILENT","items_purchased":["Tactician"],"campfire_rested":0,"item_purchase_floors":[13],"current_hp_per_floor":[63,63,63,61,61,61,61,61,61,61,52,52,52,39,39,28,60,47,53,38,5,0,0],"gold":181,"neow_bonus":"BOSS_RELIC","is_daily":false,"chose_seed":false,"campfire_upgraded":3,"win_rate":0.0,"timestamp":1608258944,"path_taken":["M","?","M","?","?","E","R","?","T","R","M","M","$","E","R","BOSS","M","?","M","M","M"],"items_purchased_type":["Card"],"build_version":"2020-12-13","purchased_purges":1,"victory":false,"max_hp_per_floor":[70,70,70,70,70,70,70,70,70,70,70,70,70,70,70,70,70,70,76,76,76,76,76],"card_choices":[{"not_picked":["Sucker Punch","Flying Knee"],"picked":"Predator","floor":1},{"not_picked":["Dodge and Roll","Outmaneuver"],"picked":"Terror","floor":3},{"not_picked":["Backflip","Flying Knee"],"picked":"Deadly Poison","floor":4},{"not_picked":["Prepared","Flechettes"],"picked":"Acrobatics","floor":11},{"not_picked":["Deflect","Leg Sweep"],"picked":"Prepared","floor":12},{"not_picked":["Poisoned Stab","Riddle With Holes"],"picked":"After Image","floor":14},{"not_picked":["Storm of Steel","Doppelganger"],"picked":"Phantasmal Killer","floor":16},{"not_picked":["Outmaneuver","Dagger Spray"],"picked":"Dagger Throw","floor":18},{"not_picked":["Deadly Poison","Flechettes","Distraction+1"],"picked":"SKIP","floor":20},{"not_picked":["Accuracy","Deadly Poison"],"picked":"Prepared+1","floor":21}],"player_experience":214734,"relics_obtained":[{"floor":9,"key":"Darkstone Periapt"},{"floor":14,"key":"Ancient Tea Set"}],"event_choices":[{"cards_removed":["Strike_G"],"damage_healed":0,"gold_gain":0,"player_choice":"Offered Basic","damage_taken":0,"max_hp_gain":0,"max_hp_loss":0,"event_name":"Bonfire Elementals","floor":2,"gold_loss":0},{"damage_healed":0,"gold_gain":0,"player_choice":"Bought 1 Potion","damage_taken":0,"max_hp_gain":0,"max_hp_loss":0,"event_name":"The Woman in Blue","floor":5,"gold_loss":0},{"damage_healed":0,"gold_gain":0,"player_choice":"Rummage","damage_taken":0,"relics_obtained":["WarpedTongs"],"max_hp_gain":0,"max_hp_loss":0,"event_name":"Accursed Blacksmith","floor":19,"gold_loss":0,"cards_obtained":["Pain"]}],"is_beta":false,"boss_relics":[{"not_picked":["Ectoplasm","Runic Dome"],"picked":"Pandora\u0027s Box"}],"items_purged_floors":[8],"is_endless":false,"potions_floor_spawned":[4,6,14,16,21],"killed_by":"Centurion and Healer","ascension_level":10}}