{"host":"no0bdlpxzp7bzzks","time":1608272039,"event":{"mods":["BaseMod","Better Match","Block Reminder","Colored Map","Curses Come First","DeckTracker","Downfall","Duelist Mod","Filter the Spire","Highlight Path","Jorbs\u0027s Wanderer Trilogy","Key Reminder","Mad Scientist","Minty Spire (QoL Compilation)","Permanent Neow","Relic Sorter","Relic Stats","StSLib","The Construct"],"gold_per_floor":[111,124,124,49,68,99,99,116,116,136,168,68,68,68],"floor_reached":13,"playtime":881,"items_purged":["MadScienceMod:Strike_MadScience","MadScienceMod:Strike_MadScience"],"score":95,"play_id":"94328e8c-3c28-4bb9-a1e8-6423af9007b9","local_time":"20201218001359","is_ascension_mode":false,"campfire_choices":[{"data":"MadScienceMod:Weaponize","floor":7,"key":"SMITH"}],"circlet_count":0,"master_deck":["MadScienceMod:Strike_MadScience","MadScienceMod:Defend_MadScience","MadScienceMod:Defend_MadScience","MadScienceMod:Defend_MadScience","MadScienceMod:Defend_MadScience","MadScienceMod:PoweredStrike","MadScienceMod:HideBehindJunk","MadScienceMod:Weaponize+1","MadScienceMod:AutoStrike","MadScienceMod:Reconstitute","MadScienceMod:Retarget","MadScienceMod:RadioactiveSword","MadScienceMod:ExtractOil","MadScienceMod:GattlingGun"],"relics":["MadScienceMod:FuelTank","Regal Pillow","Shuriken","keyreminder:keyreminder","Ornamental Fan","Matryoshka"],"acts_visited":["Exordium"],"potions_floor_usage":[11,13,13],"damage_taken":[{"damage":0,"enemies":"Small Slimes","floor":1,"turns":3},{"damage":1,"enemies":"Cultist","floor":2,"turns":4},{"damage":5,"enemies":"Jaw Worm","floor":5,"turns":3},{"damage":48,"enemies":"Gremlin Nob","floor":6,"turns":5},{"damage":4,"enemies":"Exordium Wildlife","floor":8,"turns":4},{"damage":6,"enemies":"Looter","floor":10,"turns":4},{"damage":6,"enemies":"3 Sentries","floor":11,"turns":5},{"damage":11,"enemies":"Gremlin Nob","floor":13,"turns":3}],"seed_played":"-6255330468861751620","potions_obtained":[{"floor":5,"key":"MadScienceMod:FuelPotion"},{"floor":6,"key":"BlessingOfTheForge"},{"floor":10,"key":"sneckomod:MuddlingPotion"},{"floor":11,"key":"AttackPotion"}],"is_trial":false,"path_per_floor":["M","M","?","$","M","E","R","M","T","M","E","$","E"],"character_chosen":"MAD_SCIENTIST","items_purchased":[],"campfire_rested":0,"item_purchase_floors":[],"current_hp_per_floor":[75,74,74,74,69,21,21,17,17,11,5,5,0,0],"gold":68,"neow_bonus":"RANDOM_COMMON_RELIC","is_daily":false,"chose_seed":false,"campfire_upgraded":1,"win_rate":0.0,"timestamp":1608272039,"path_taken":["M","M","?","?","M","E","R","M","T","M","E","$","E"],"items_purchased_type":[],"build_version":"2020-12-13","purchased_purges":2,"victory":false,"max_hp_per_floor":[75,75,75,75,75,75,75,75,75,75,75,75,75,75],"relic_stats":{"Regal Pillow":0,"counters":[8,31],"Shuriken":[4],"Ornamental Fan":[16],"obtain_stats":[{"MadScienceMod:FuelTank":0,"keyreminder:keyreminder":6,"Regal Pillow":0,"Matryoshka":11,"Shuriken":6,"Ornamental Fan":9},{"MadScienceMod:FuelTank":0,"keyreminder:keyreminder":4,"Regal Pillow":0,"Matryoshka":7,"Shuriken":4,"Ornamental Fan":5},{"MadScienceMod:FuelTank":0,"keyreminder:keyreminder":15,"Regal Pillow":0,"Matryoshka":28,"Shuriken":15,"Ornamental Fan":19}]},"card_choices":[{"not_picked":["MadScienceMod:FlameCannon","MadScienceMod:Refuel"],"picked":"MadScienceMod:Weaponize","floor":1},{"not_picked":["MadScienceMod:Refuel","MadScienceMod:BandageBot"],"picked":"MadScienceMod:AutoStrike","floor":2},{"not_picked":["MadScienceMod:PowerArmor","MadScienceMod:MechanicalClaw"],"picked":"MadScienceMod:Retarget","floor":5},{"not_picked":["MadScienceMod:Inflate","MadScienceMod:NowOrNever"],"picked":"MadScienceMod:RadioactiveSword","floor":6},{"not_picked":["MadScienceMod:Bayonet","MadScienceMod:RecyclingStation"],"picked":"MadScienceMod:ExtractOil","floor":8},{"not_picked":["MadScienceMod:LightOnFire","MadScienceMod:Lightbulb"],"picked":"MadScienceMod:GattlingGun","floor":10},{"not_picked":["MadScienceMod:ImposingConstruct","MadScienceMod:SelfDestruct","MadScienceMod:FragmentationGrenade"],"picked":"SKIP","floor":11}],"player_experience":146953,"relics_obtained":[{"floor":6,"key":"Shuriken"},{"floor":9,"key":"Ornamental Fan"},{"floor":11,"key":"Matryoshka"}],"event_choices":[{"damage_healed":0,"gold_gain":0,"cards_transformed":["MadScienceMod:Strike_MadScience"],"player_choice":"Transformed","damage_taken":0,"max_hp_gain":0,"max_hp_loss":0,"event_name":"Transmorgrifier","floor":3,"gold_loss":0,"cards_obtained":["MadScienceMod:Reconstitute"]}],"is_beta":false,"boss_relics":[],"items_purged_floors":[4,12],"is_endless":false,"potions_floor_spawned":[5,6,10,11],"killed_by":"Gremlin Nob","ascension_level":0}}