{"host":"htqwg582tjjtn9p7","time":1608321967,"event":{"mods":["2.2 Compatiblity","AchievementEnabler","Act Like it!","Aspiration","BaseMod","Better Third Choice","Colored Map","Conspire","Curses Come First","Displayed Cursed Tome","Energized Spire","Force Act Four","GifTheSpireLib","Hermit","Highlight Path","JesterMod","Mad Scientist","Minty Spire (QoL Compilation)","Pale of the Ancients","Permanent Neow","Random Character Button","Relic Stats","Replay The Spire","Robot Space Explorer","Somnambulant","Spicy Shops","Spikes Relics","StSLib","Stuff the Spire","The Blue Laboratory","The Disciple","The Dragon Tamer","The Forsaken","The Gatherer","The Judge","The Jungle","The Runesmith","The Servant 0.9.4"],"gold_per_floor":[109,123,123,1,16,16,46,46,46,74,74,74,109,129,129,239,239,264,284,200,200,56,81,101,134,134,134,149,149,164,181,181,285,285,297,44,66,66,85,123,136,180,180,180,226,247,267,311,311,318,318,318,318],"floor_reached":52,"playtime":3093,"items_purged":["CommonCold"],"score":1068,"play_id":"214da839-950c-4391-82a1-8a8d4bda3096","local_time":"20201218210607","is_ascension_mode":true,"campfire_choices":[{"data":"hermit:Covet","floor":6,"key":"SMITH"},{"floor":8,"key":"REST"},{"floor":11,"key":"REST"},{"data":"hermit:FatalDesire","floor":15,"key":"SMITH"},{"floor":32,"key":"REST"},{"data":"hermit:LoneWolf","floor":44,"key":"SMITH"},{"floor":49,"key":"REST"}],"circlet_count":0,"master_deck":["hermit:Strike_Hermit","hermit:Strike_Hermit","hermit:Strike_Hermit","hermit:Defend_Hermit","hermit:Defend_Hermit","hermit:Defend_Hermit","hermit:Defend_Hermit","hermit:Snapshot","hermit:Covet+1","hermit:FatalDesire+1","hermit:ItchyTrigger","hermit:Roulette","Clumsy","hermit:Deadeye","hermit:Scavenge","hermit:Roughhouse","hermit:FullyLoaded","hermit:Deadeye","hermit:HeroicBravado+1","White Noise+1","hermit:LoneWolf+1","Ball Lightning","hermit:FromBeyond+1","Genetic Algorithm","Reprogram+1","hermit:FromBeyond+1","StuffTheSpire:Coldhearted","Steam+1","hermit:Scavenge+1","hermit:Adapt+1","hermit:Quickdraw","hermit:Adapt+1"],"relics":["hermit:Momento","conspire:GlowingRock","ReplayFunnel","aspiration:FetidBarrel","aspiration:HummingbirdHeart","Golden Egg","aspiration:DefectSkillbook","Pocketwatch","theForsaken:Lifeblossom","Replay:Bottled Flurry","Matryoshka","StuffTheSpire:Expresso","Nunchaku","Lantern","Ancient Tea Set","SlaversCollar","StuffTheSpire:Tea","CeramicFish","StuffTheSpire:Nightcore","Meat on the Bone","Replay:Mystery Machine","paleoftheancients:Timepiece","Ice Cream","Gremlin Horn"],"acts_visited":["Exordium","TheCity","TheBeyond","TheBeyond"],"potions_floor_usage":[16,25,30],"damage_taken":[{"damage":0,"enemies":"conspire:RoseBush","floor":1,"turns":4},{"damage":7,"enemies":"Small Slimes","floor":2,"turns":3},{"damage":7,"enemies":"Jaw Worm","floor":5,"turns":3},{"damage":20,"enemies":"Lagavulin","floor":7,"turns":5},{"damage":53,"enemies":"Gremlin Nob","floor":10,"turns":5},{"damage":4,"enemies":"Replay:BlueRogue","floor":13,"turns":5},{"damage":3,"enemies":"Gremlin Gang","floor":14,"turns":5},{"damage":19,"enemies":"Hexaghost","floor":16,"turns":9},{"damage":1,"enemies":"Chosen","floor":18,"turns":4},{"damage":0,"enemies":"2 Thieves","floor":19,"turns":3},{"damage":9,"enemies":"Book of Stabbing","floor":23,"turns":5},{"damage":5,"enemies":"Snake Plant","floor":24,"turns":3},{"damage":8,"enemies":"Gremlin Leader","floor":25,"turns":5},{"damage":25,"enemies":"Snecko","floor":28,"turns":4},{"damage":9,"enemies":"Shelled Parasite and Fungi","floor":30,"turns":3},{"damage":0,"enemies":"Cultist and Chosen","floor":31,"turns":4},{"damage":1,"enemies":"Collector","floor":33,"turns":7},{"damage":0,"enemies":"Orb Walker","floor":35,"turns":3},{"damage":15,"enemies":"3 Darklings","floor":37,"turns":5},{"damage":0,"enemies":"Maw","floor":39,"turns":6},{"damage":3,"enemies":"R_Hoarder","floor":40,"turns":7},{"damage":0,"enemies":"4 Shapes","floor":41,"turns":6},{"damage":5,"enemies":"Giant Head","floor":42,"turns":6},{"damage":1,"enemies":"Nemesis","floor":45,"turns":7},{"damage":0,"enemies":"Sphere and 2 Shapes","floor":46,"turns":4},{"damage":40,"enemies":"3 Darklings","floor":47,"turns":6},{"damage":0,"enemies":"R_Hoarder","floor":48,"turns":6},{"damage":0,"enemies":"Donu and Deca","floor":50,"turns":6},{"damage":127,"enemies":"Donu and Deca","floor":51,"turns":3},{"damage":108,"enemies":"Donu and Deca","floor":52,"turns":11}],"seed_played":"8328353620103905697","potions_obtained":[{"floor":2,"key":"DuplicationPotion"},{"floor":10,"key":"FairyPotion"},{"floor":14,"key":"blueLaboratory:EmptyBottle"},{"floor":16,"key":"LifebloodPotion"},{"floor":25,"key":"PowerPotion"},{"floor":30,"key":"FairyPotion"}],"is_trial":false,"path_per_floor":["M","M","?","$","M","R","E","R","T","E","R","?","E","M","R","B",null,"M","M","$","?","$","E","M","E","T","?","M","T","M","M","R_BF","B",null,"M","$","M","?","M","E","M","E","T","R","E","M","M","E","R","B","M","M"],"character_chosen":"HERMIT","items_purchased":["conspire:GlowingRock","Pocketwatch","theForsaken:Lifeblossom","hermit:FromBeyond"],"campfire_rested":4,"item_purchase_floors":[4,20,22,36],"current_hp_per_floor":[75,68,68,68,61,61,41,63,63,10,32,32,28,25,25,6,75,74,74,74,74,74,67,68,66,66,66,47,47,43,49,71,74,75,75,75,60,60,66,69,75,70,70,70,74,75,48,54,75,75,75,0,0],"gold":318,"neow_bonus":"ONE_RANDOM_RARE_CARD","is_daily":false,"chose_seed":false,"campfire_upgraded":3,"win_rate":0.0,"timestamp":1608321967,"path_taken":["M","?","?","$","M","R","E","R","T","E","R","?","E","M","R","BOSS","M","?","?","?","$","E","M","E","T","?","M","?","?","?","R_BF","BOSS","M","$","M","?","?","E","?","E","T","R","E","M","M","E","R","BOSS","M","M"],"items_purchased_type":["Relic","Relic","Relic","Card"],"build_version":"2020-12-13","purchased_purges":1,"victory":false,"max_hp_per_floor":[75,75,75,75,75,75,75,75,75,75,75,75,75,75,75,75,75,75,75,75,75,75,75,75,75,75,75,75,75,75,75,75,75,75,75,75,75,75,75,75,75,75,75,75,75,75,75,75,75,75,75,75,75],"relic_stats":{"Nunchaku":[17],"Gremlin Horn":[0,0],"counters":[30,152],"CeramicFish":36,"obtain_stats":[{"ReplayFunnel":7,"Ice Cream":50,"Golden Egg":13,"Lantern":29,"Gremlin Horn":50,"aspiration:FetidBarrel":9,"CeramicFish":42,"StuffTheSpire:Expresso":26,"theForsaken:Lifeblossom":22,"aspiration:HummingbirdHeart":10,"Replay:Mystery Machine":48,"Ancient Tea Set":29,"paleoftheancients:Timepiece":50,"SlaversCollar":34,"conspire:GlowingRock":4,"Nunchaku":26,"Matryoshka":25,"aspiration:DefectSkillbook":17,"Replay:Bottled Flurry":23,"StuffTheSpire:Nightcore":43,"hermit:Momento":0,"Pocketwatch":20,"StuffTheSpire:Tea":40,"Meat on the Bone":45},{"ReplayFunnel":4,"Ice Cream":28,"Golden Egg":6,"Lantern":14,"Gremlin Horn":28,"aspiration:FetidBarrel":4,"CeramicFish":23,"StuffTheSpire:Expresso":13,"theForsaken:Lifeblossom":10,"aspiration:HummingbirdHeart":5,"Replay:Mystery Machine":27,"Ancient Tea Set":14,"paleoftheancients:Timepiece":28,"SlaversCollar":17,"conspire:GlowingRock":2,"Nunchaku":13,"Matryoshka":13,"aspiration:DefectSkillbook":8,"Replay:Bottled Flurry":11,"StuffTheSpire:Nightcore":23,"hermit:Momento":0,"Pocketwatch":10,"StuffTheSpire:Tea":21,"Meat on the Bone":24},{"ReplayFunnel":15,"Ice Cream":138,"Golden Egg":25,"Lantern":63,"Gremlin Horn":138,"aspiration:FetidBarrel":15,"CeramicFish":110,"StuffTheSpire:Expresso":59,"theForsaken:Lifeblossom":46,"aspiration:HummingbirdHeart":20,"Replay:Mystery Machine":132,"Ancient Tea Set":63,"paleoftheancients:Timepiece":138,"SlaversCollar":77,"conspire:GlowingRock":7,"Nunchaku":59,"Matryoshka":59,"aspiration:DefectSkillbook":39,"Replay:Bottled Flurry":51,"StuffTheSpire:Nightcore":110,"hermit:Momento":0,"Pocketwatch":46,"StuffTheSpire:Tea":98,"Meat on the Bone":117}],"Pocketwatch":[34],"Meat on the Bone":12},"card_choices":[{"not_picked":["hermit:SprayPray","hermit:BodyArmor"],"picked":"hermit:ItchyTrigger","floor":1},{"not_picked":["hermit:SprayPray","hermit:Manifest"],"picked":"hermit:Roulette","floor":2},{"not_picked":["hermit:Coalescence","hermit:Headshot"],"picked":"hermit:Deadeye","floor":5},{"not_picked":["hermit:Malice","hermit:LowProfile"],"picked":"hermit:Scavenge","floor":7},{"not_picked":["hermit:Quickdraw","hermit:BodyArmor"],"picked":"hermit:Roughhouse","floor":10},{"not_picked":["hermit:Magnum","hermit:TakeAim","hermit:Glare"],"picked":"SKIP","floor":13},{"not_picked":["hermit:Roulette","hermit:Coalescence"],"picked":"hermit:Deadeye","floor":14},{"not_picked":["hermit:Reprieve","hermit:BlackWind"],"picked":"hermit:HeroicBravado","floor":16},{"not_picked":["Chaos","Aggregate","hermit:BodyArmor"],"picked":"White Noise+1","floor":18},{"not_picked":["StuffTheSpire:Synthwave","hermit:TrackingShot","hermit:Roulette"],"picked":"hermit:LoneWolf","floor":19},{"not_picked":["Chill","Go for the Eyes","Rebound","hermit:Headshot"],"picked":"SKIP","floor":23},{"not_picked":["hermit:Dive","hermit:EyeOfTheStorm","hermit:Maintenance+1"],"picked":"Ball Lightning","floor":24},{"not_picked":["StuffTheSpire:LoadUp","Panic Button","hermit:Dive"],"picked":"hermit:FromBeyond","floor":25},{"not_picked":["Ball Lightning","hermit:PistolWhip+1","ReplayTheSpireMod:GoodbyeWorld"],"picked":"Genetic Algorithm","floor":28},{"not_picked":["hermit:LowProfile","Ball Lightning","Cold Snap+1","Loop"],"picked":"SKIP","floor":30},{"not_picked":["hermit:LowProfile","hermit:Dissolve","hermit:Roulette+1","Conserve Battery"],"picked":"SKIP","floor":31},{"not_picked":["Ball Lightning+1","hermit:TrackingShot+1","hermit:HighCaliber+1"],"picked":"Reprogram+1","floor":35},{"not_picked":["hermit:Midnight+1","hermit:LowProfile+1","Redo+1","hermit:Roulette+1"],"picked":"SKIP","floor":37},{"not_picked":["Double Energy","Steam Power+1","hermit:Quickdraw"],"picked":"Steam+1","floor":39},{"not_picked":["Glacier","hermit:FatalDesire","Go for the Eyes+1","StuffTheSpire:LoadUp+1"],"picked":"SKIP","floor":40},{"not_picked":["Auto Shields+1","hermit:Misfire","Beam Cell","Coolheaded"],"picked":"SKIP","floor":41},{"not_picked":["hermit:DeadOrAlive","Gash","hermit:CalledShot"],"picked":"hermit:Scavenge+1","floor":42},{"not_picked":["hermit:Headshot+1","White Noise+1","Fission"],"picked":"hermit:Adapt","floor":45},{"not_picked":["Streamline","hermit:LowProfile+1","hermit:TrackingShot","StuffTheSpire:LoadUp+1"],"picked":"SKIP","floor":46},{"not_picked":["hermit:Deadeye+1","Compile Driver","hermit:Coalescence"],"picked":"hermit:Quickdraw","floor":47},{"not_picked":["Go for the Eyes+1","Storm","hermit:TakeAim"],"picked":"hermit:Adapt","floor":48}],"player_experience":1704020,"relics_obtained":[{"floor":7,"key":"ReplayFunnel"},{"floor":9,"key":"aspiration:FetidBarrel"},{"floor":10,"key":"aspiration:HummingbirdHeart"},{"floor":13,"key":"Golden Egg"},{"floor":23,"key":"Replay:Bottled Flurry"},{"floor":25,"key":"Matryoshka"},{"floor":26,"key":"StuffTheSpire:Expresso"},{"floor":26,"key":"Nunchaku"},{"floor":29,"key":"Lantern"},{"floor":29,"key":"Ancient Tea Set"},{"floor":40,"key":"StuffTheSpire:Tea"},{"floor":42,"key":"CeramicFish"},{"floor":43,"key":"StuffTheSpire:Nightcore"},{"floor":45,"key":"Meat on the Bone"},{"floor":48,"key":"Replay:Mystery Machine"}],"event_choices":[{"damage_healed":0,"gold_gain":0,"cards_transformed":["hermit:Strike_Hermit"],"player_choice":"Transformed","damage_taken":0,"max_hp_gain":0,"max_hp_loss":0,"event_name":"Transmorgrifier","floor":12,"gold_loss":0,"cards_obtained":["hermit:FullyLoaded"]},{"damage_healed":0,"gold_gain":0,"player_choice":"Ignored","damage_taken":0,"max_hp_gain":0,"max_hp_loss":0,"event_name":"Ghosts","floor":27,"gold_loss":0},{"damage_healed":0,"gold_gain":0,"player_choice":"1 cards matched","damage_taken":0,"max_hp_gain":0,"max_hp_loss":0,"event_name":"Match and Keep!","floor":38,"gold_loss":0,"cards_obtained":["StuffTheSpire:Coldhearted"]}],"is_beta":false,"boss_relics":[{"not_picked":["Abe\u0027s Treasure","Ectoplasm"],"picked":"aspiration:DefectSkillbook"},{"not_picked":["ChewingGum","Honey Jar"],"picked":"SlaversCollar"}],"items_purged_floors":[36],"is_endless":false,"potions_floor_spawned":[2,10,14,16,25,28,30,33,40,42,46,47],"killed_by":"Donu and Deca","ascension_level":4}}