{"host":"zftkeu5v9gqs3wr3","time":1608251242,"event":{"mods":["Act Like it!","Bard","BaseMod","CapriCore","Elementarium","Gensokyo","Jorbs\u0027s Wanderer Trilogy","Mad Scientist","Minty Spire (QoL Compilation)","Potionbrewer","Rare Cards Sparkle","Shade Mod","StSLib","The Cursed","The Immortal","The Runesmith","TheSwordswoman"],"gold_per_floor":[114,114,128,146,162,162,194,214,214,214,214,289,303,319,319,319,319],"floor_reached":16,"playtime":1167,"items_purged":[],"score":104,"play_id":"388ee467-f971-4ac5-882a-bd9629edf061","local_time":"20201218002722","is_ascension_mode":false,"campfire_choices":[{"data":"Searing Blow","floor":6,"key":"SMITH"},{"floor":10,"key":"REST"},{"data":"Searing Blow+1","floor":15,"key":"SMITH"}],"circlet_count":0,"master_deck":["Strike_R","Strike_R","Strike_R","Strike_R","Strike_R","Defend_R","Defend_R","Defend_R","Defend_R","Bash","Corruption","Armaments","Anger","Searing Blow+2","Flex","Rampage","Second Wind","Infernal Blade","Flex","Rage"],"relics":["Burning Blood","Runesmith:Nanobots","Dream Catcher"],"acts_visited":["Exordium"],"potions_floor_usage":[7,16],"damage_taken":[{"damage":6,"enemies":"Jaw Worm","floor":1,"turns":4},{"damage":21,"enemies":"Jaw Worm","floor":2,"turns":8},{"damage":0,"enemies":"Small Slimes","floor":3,"turns":4},{"damage":7,"enemies":"2 Louse","floor":4,"turns":4},{"damage":38,"enemies":"Exordium Thugs","floor":5,"turns":7},{"damage":11,"enemies":"Lagavulin","floor":7,"turns":5},{"damage":12,"enemies":"Exordium Wildlife","floor":8,"turns":3},{"damage":8,"enemies":"3 Louse","floor":13,"turns":5},{"damage":3,"enemies":"Looter","floor":14,"turns":2},{"damage":42,"enemies":"Slime Boss","floor":16,"turns":7}],"seed_played":"-3084597082043239866","potions_obtained":[{"floor":4,"key":"Swift Potion"},{"floor":5,"key":"DistilledChaos"},{"floor":7,"key":"HeartOfIron"},{"floor":14,"key":"potionbrewer:FreezingPotion"}],"is_trial":false,"path_per_floor":["M","?","M","M","M","R","E","M","T","R","?","?","M","M","R","B"],"character_chosen":"IRONCLAD","items_purchased":[],"campfire_rested":1,"item_purchase_floors":[],"current_hp_per_floor":[80,65,71,70,38,38,33,27,27,51,51,40,38,41,41,0,0],"gold":319,"neow_bonus":"ONE_RANDOM_RARE_CARD","is_daily":false,"chose_seed":false,"campfire_upgraded":2,"win_rate":0.0,"timestamp":1608251242,"path_taken":["M","?","M","M","M","R","E","M","T","R","?","?","?","M","R","BOSS"],"items_purchased_type":[],"build_version":"2020-12-13","purchased_purges":0,"victory":false,"max_hp_per_floor":[80,80,80,80,80,80,80,80,80,80,80,80,80,80,80,80,80],"card_choices":[{"not_picked":["Heavy Blade","Iron Wave"],"picked":"Armaments","floor":1},{"not_picked":["Iron Wave","Heavy Blade"],"picked":"Anger","floor":3},{"not_picked":["Carnage","Power Through"],"picked":"Searing Blow","floor":4},{"not_picked":["Clothesline","Pommel Strike"],"picked":"Flex","floor":5},{"not_picked":["Bloodletting","Blood for Blood"],"picked":"Rampage","floor":7},{"not_picked":["Hemokinesis","Flame Barrier"],"picked":"Second Wind","floor":8},{"not_picked":["Juggernaut","Perfected Strike"],"picked":"Infernal Blade","floor":10},{"not_picked":["Shrug It Off","Twin Strike"],"picked":"Flex","floor":13},{"not_picked":["Flame Barrier","Pommel Strike"],"picked":"Rage","floor":14}],"player_experience":73337,"relics_obtained":[{"floor":7,"key":"Runesmith:Nanobots"},{"floor":9,"key":"Dream Catcher"}],"event_choices":[{"damage_healed":0,"gold_gain":0,"player_choice":"Ignored","damage_taken":0,"max_hp_gain":0,"max_hp_loss":0,"event_name":"Liars Game","floor":11,"gold_loss":0},{"damage_healed":0,"gold_gain":75,"player_choice":"Gather Gold","damage_taken":11,"max_hp_gain":0,"max_hp_loss":0,"event_name":"World of Goop","floor":12,"gold_loss":0}],"is_beta":false,"boss_relics":[],"items_purged_floors":[],"is_endless":false,"potions_floor_spawned":[4,5,7,14],"killed_by":"Slime Boss","ascension_level":0}}