{"host":"csp9nt53rootlkah","time":1608304489,"event":{"mods":["Act Like it!","BaseMod","Colored Powertips","Friendly Minions","Gensokyo","Highlight Path","Minty Spire (QoL Compilation)","Prisma Mod","Quick Restart","Replay The Spire","StSLib","TestMod","The Factory","The Jungle","UnlockEverythingMod"],"gold_per_floor":[116,116,128,128,128,128,158,177,177,197,197,211,236,132,132,210,210,229,246,38,38,55,55,90,90,90,115,130,80,80,90,90,90,90],"floor_reached":33,"playtime":1793,"items_purged":["Defend_G","Gensokyo:ImpossibleRequest","Gensokyo:ImpossibleRequest"],"score":815,"play_id":"8f56bd22-307d-4cbc-bdc3-6fe65f3d91f5","local_time":"20201218231449","is_ascension_mode":true,"campfire_choices":[{"floor":6.0,"key":"RECALL"},{"data":"Backflip","floor":11.0,"key":"SMITH"},{"data":"Acrobatics","floor":15,"key":"SMITH"},{"data":"Acrobatics","floor":23,"key":"SMITH"},{"data":"Adrenaline","floor":30,"key":"SMITH"},{"data":"Burst","floor":32,"key":"SMITH"}],"circlet_count":0,"master_deck":["AscendersBane","Strike_G","Strike_G","Strike_G","Survivor","Neutralize+1","Backflip+1","Backflip","Choke","Adrenaline+1","Acrobatics+1","Burst+1","Acrobatics+1","AbeCurse"],"relics":["Ring of the Snake","testmod-TestBox","testmod-BatchProcessingSystem","NeowsBlessing","Replay:Ringing Soul","Bag of Preparation","Smiling Mask","Kintsugi","ClockworkSouvenir","Onion Ring","Eternal Feather","Iron Hammer","Strawberry"],"acts_visited":["Exordium","TheCity"],"potions_floor_usage":[13],"damage_taken":[{"damage":0.0,"enemies":"Jaw Worm","floor":1.0,"turns":1.0},{"damage":0.0,"enemies":"Small Slimes","floor":3.0,"turns":1.0},{"damage":0.0,"enemies":"Lagavulin","floor":7.0,"turns":1.0},{"damage":0.0,"enemies":"Cultist","floor":8.0,"turns":3.0},{"damage":0.0,"enemies":"Looter","floor":10.0,"turns":3.0},{"damage":0.0,"enemies":"Blue Slaver","floor":12.0,"turns":3.0},{"damage":12,"enemies":"Gremlin Nob","floor":13,"turns":4},{"damage":24,"enemies":"The Guardian","floor":16,"turns":13},{"damage":0,"enemies":"2 Thieves","floor":18,"turns":2},{"damage":0,"enemies":"3 Byrds","floor":19,"turns":1},{"damage":0,"enemies":"Centurion and Healer","floor":22,"turns":2},{"damage":0,"enemies":"Gremlin Leader","floor":24,"turns":2},{"damage":0,"enemies":"Replay:Snechameleon","floor":27,"turns":1},{"damage":0,"enemies":"Shelled Parasite and Fungi","floor":28,"turns":1},{"damage":0,"enemies":"Snake Plant","floor":31,"turns":1}],"seed_played":"-6460348312603395825","potions_obtained":[{"floor":1.0,"key":"Reflective Coating"},{"floor":3.0,"key":"BlessingOfTheForge"},{"floor":10.0,"key":"Elixir"},{"floor":12.0,"key":"Adrenaline Potion"},{"floor":22,"key":"Dexterity Potion"}],"is_trial":false,"path_per_floor":["M","?","M","?","T","R","E","M","T","M","R","M","E","$","R","B",null,"M","M","$","?","M","R","E","T","T","E","M","$","R","M","R","B"],"character_chosen":"THE_SILENT","items_purchased":["Acrobatics","ClockworkSouvenir"],"campfire_rested":0,"item_purchase_floors":[14,20],"current_hp_per_floor":[59,59,59,59,59,59,59,59,59,62,62,65,56,59,59,38,73,73,73,73,73,76,76,76,76,76,83,83,83,89,89,94,96,96],"gold":90,"neow_bonus":"THREE_ENEMY_KILL","is_daily":false,"chose_seed":false,"campfire_upgraded":5,"win_rate":0.0,"timestamp":1608304489,"path_taken":["M","?","M","?","?","R","E","M","T","M","R","M","E","$","R","BOSS","M","M","$","?","M","R","E","?","T","E","M","$","R","?","R","BOSS"],"items_purchased_type":["Card","Relic"],"build_version":"2020-12-13","purchased_purges":3,"victory":false,"max_hp_per_floor":[66,66,66,66,66,66,66,66,66,69,69,72,75,78,78,81,84,84,84,84,84,87,87,87,87,87,94,94,94,94,94,94,97,97],"card_choices":[{"not_picked":["Predator","Concentrate"],"picked":"Backflip","floor":1.0},{"not_picked":["Dagger Spray","Dodge and Roll","Dagger Throw"],"picked":"SKIP","floor":3.0},{"not_picked":["Night Terror","Bane","Quick Slash"],"picked":"SKIP","floor":7.0},{"not_picked":["PiercingWail","Riddle With Holes","Dagger Spray"],"picked":"SKIP","floor":8.0},{"not_picked":["Underhanded Strike","Toxin Wave"],"picked":"Backflip","floor":10.0},{"not_picked":["Calculated Gamble","Flying Knee"],"picked":"Choke","floor":12.0},{"not_picked":["Quick Slash","ReplayTheSpireMod:Exploit Weakness"],"picked":"Adrenaline","floor":13},{"not_picked":["Grand Finale","Night Terror"],"picked":"Burst","floor":16},{"not_picked":["Deadly Poison","Dodge and Roll","Dagger Throw"],"picked":"SKIP","floor":18},{"not_picked":["Endless Agony","ReplayTheSpireMod:Tripwire","Slice"],"picked":"SKIP","floor":19},{"not_picked":["Slice+1","Dodge and Roll"],"picked":"Acrobatics","floor":22},{"not_picked":["Poisoned Stab","Blade Dance","Tools of the Trade"],"picked":"SKIP","floor":24},{"not_picked":["Poisoned Stab","Hidden Blade","Predator"],"picked":"SKIP","floor":27},{"not_picked":["Cloak And Dagger","Accuracy","Dagger Spray+1"],"picked":"SKIP","floor":28},{"not_picked":["Bane","Dodge and Roll","Acrobatics"],"picked":"SKIP","floor":31}],"player_experience":112897,"relics_obtained":[{"floor":5.0,"key":"Replay:Ringing Soul"},{"floor":7.0,"key":"Bag of Preparation"},{"floor":13,"key":"Smiling Mask"},{"floor":24,"key":"Onion Ring"},{"floor":25,"key":"Eternal Feather"},{"floor":26,"key":"Iron Hammer"},{"floor":27,"key":"Strawberry"}],"event_choices":[{"cards_removed":["Defend_G"],"damage_healed":0.0,"max_hp_gain":0.0,"max_hp_loss":0.0,"gold_gain":0.0,"event_name":"Living Wall","player_choice":"Forget","floor":2.0,"gold_loss":0.0,"damage_taken":0.0}],"is_beta":false,"boss_relics":[{"not_picked":["Fusion Hammer","testmod-Recursion"],"picked":"Kintsugi"}],"items_purged_floors":[14,20,29],"is_endless":false,"potions_floor_spawned":[1,3,10,12,22,27,28],"killed_by":"Pondfish","ascension_level":20}}