{"host":"aovv4e73998kgan0","time":1608331912,"event":{"mods":["BaseMod","Minty Spire (QoL Compilation)","StSLib"],"gold_per_floor":[119,119,194,210,210,210,229,258,258,291,39,52,72,100,100,199,199,214,231,250,250,264,295,311,311,611,611,611,611],"floor_reached":28,"playtime":1835,"items_purged":[],"score":299,"play_id":"a7b6ed58-7b26-4f68-9829-88393bba37f1","local_time":"20201218175152","is_ascension_mode":true,"campfire_choices":[{"data":"Zap","floor":6,"key":"SMITH"},{"data":"Defragment","floor":15,"key":"SMITH"},{"floor":25,"key":"REST"},{"data":"Echo Form","floor":27,"key":"SMITH"}],"circlet_count":0,"master_deck":["Strike_B+1","Strike_B","Defend_B","Defend_B","Defend_B","Defend_B+1","Zap+1","Dualcast","Core Surge","Leap","Conserve Battery","Gash","Consume","Defragment+1","Go for the Eyes","Defragment","FTL","Hologram","Beam Cell","Echo Form+1","Coolheaded+1","Streamline","Cold Snap+1","Gash","Sweeping Beam"],"relics":["Cracked Core","CaptainsWheel","Pocketwatch","DataDisk","Pen Nib","Shuriken","SacredBark","Ancient Tea Set","Old Coin"],"acts_visited":["Exordium","TheCity"],"potions_floor_usage":[8,12,12,13,18,22],"damage_taken":[{"damage":0,"enemies":"Small Slimes","floor":1,"turns":2},{"damage":2,"enemies":"Jaw Worm","floor":4,"turns":3},{"damage":0,"enemies":"Cultist","floor":7,"turns":3},{"damage":5,"enemies":"Gremlin Nob","floor":8,"turns":3},{"damage":4,"enemies":"3 Sentries","floor":10,"turns":7},{"damage":3,"enemies":"Lots of Slimes","floor":12,"turns":3},{"damage":5,"enemies":"Exordium Thugs","floor":13,"turns":3},{"damage":0,"enemies":"Lagavulin","floor":14,"turns":5},{"damage":11,"enemies":"Slime Boss","floor":16,"turns":5},{"damage":6,"enemies":"Shell Parasite","floor":18,"turns":5},{"damage":22,"enemies":"2 Thieves","floor":19,"turns":4},{"damage":4,"enemies":"Cultist and Chosen","floor":20,"turns":6},{"damage":3,"enemies":"3 Cultists","floor":22,"turns":5},{"damage":21,"enemies":"Gremlin Leader","floor":23,"turns":9},{"damage":14,"enemies":"Shelled Parasite and Fungi","floor":24,"turns":6},{"damage":0,"enemies":"Slavers","floor":28,"turns":1}],"seed_played":"-7246127111890510609","potions_obtained":[{"floor":7,"key":"DistilledChaos"},{"floor":8,"key":"ColorlessPotion"},{"floor":10,"key":"Regen Potion"},{"floor":12,"key":"PowerPotion"},{"floor":16,"key":"PowerPotion"},{"floor":18,"key":"Strength Potion"},{"floor":23,"key":"SpeedPotion"}],"is_trial":false,"path_per_floor":["M","?","?","M","?","R","M","E","T","E","$","M","M","E","R","B",null,"M","M","M","?","M","E","M","R","T","R","E"],"character_chosen":"DEFECT","items_purchased":["Go for the Eyes","Pen Nib","Defragment"],"campfire_rested":1,"item_purchase_floors":[11,11,11],"current_hp_per_floor":[75,60,49,47,72,72,72,67,67,63,63,69,64,64,64,53,75,69,47,43,43,40,19,5,27,27,27,27,27],"gold":611,"neow_bonus":"TRANSFORM_CARD","is_daily":false,"chose_seed":false,"campfire_upgraded":3,"win_rate":0.0,"timestamp":1608331912,"path_taken":["M","?","?","?","?","R","M","E","T","E","?","M","M","E","R","BOSS","M","M","M","?","M","E","M","R","T","R","E"],"items_purchased_type":["Card","Relic","Card"],"build_version":"2020-12-13","purchased_purges":0,"victory":false,"max_hp_per_floor":[75,75,75,75,75,75,75,75,75,75,75,75,75,75,75,75,75,75,75,75,75,75,75,75,75,75,75,75,75],"card_choices":[{"not_picked":["Turbo","Streamline"],"picked":"Leap","floor":1},{"not_picked":["Hologram","Beam Cell"],"picked":"Conserve Battery","floor":4},{"not_picked":["Skim","White Noise"],"picked":"Gash","floor":7},{"not_picked":["Force Field","Meteor Strike"],"picked":"Consume","floor":8},{"not_picked":["Self Repair","Stack"],"picked":"Defragment","floor":10},{"not_picked":["Loop","Force Field"],"picked":"FTL","floor":12},{"not_picked":["Self Repair","Go for the Eyes"],"picked":"Hologram","floor":13},{"not_picked":["Turbo","Blizzard"],"picked":"Beam Cell","floor":14},{"not_picked":["Creative AI","All For One"],"picked":"Echo Form","floor":16},{"not_picked":["Go for the Eyes","Steam"],"picked":"Coolheaded+1","floor":18},{"not_picked":["Chaos","Conserve Battery"],"picked":"Streamline","floor":19},{"not_picked":["Turbo+1","Go for the Eyes","Reprogram+1"],"picked":"SKIP","floor":20},{"not_picked":["Defragment","Echo Form"],"picked":"Cold Snap+1","floor":22},{"not_picked":["Rebound","Barrage+1"],"picked":"Gash","floor":23},{"not_picked":["Beam Cell","Conserve Battery"],"picked":"Sweeping Beam","floor":24}],"player_experience":161751,"relics_obtained":[{"floor":8,"key":"CaptainsWheel"},{"floor":9,"key":"Pocketwatch"},{"floor":10,"key":"DataDisk"},{"floor":14,"key":"Shuriken"},{"floor":23,"key":"Ancient Tea Set"},{"floor":26,"key":"Old Coin"}],"event_choices":[{"damage_healed":0,"gold_gain":0,"player_choice":"Entered Light","damage_taken":15,"max_hp_gain":0,"max_hp_loss":0,"event_name":"Shining Light","floor":2,"gold_loss":0,"cards_upgraded":["Strike_B","Defend_B"]},{"damage_healed":0,"gold_gain":75,"player_choice":"Gather Gold","damage_taken":11,"max_hp_gain":0,"max_hp_loss":0,"event_name":"World of Goop","floor":3,"gold_loss":0},{"damage_healed":25,"gold_gain":0,"player_choice":"Banana","damage_taken":0,"max_hp_gain":0,"max_hp_loss":0,"event_name":"Big Fish","floor":5,"gold_loss":0},{"cards_removed":["Strike_B"],"damage_healed":0,"gold_gain":0,"player_choice":"Purged","damage_taken":0,"max_hp_gain":0,"max_hp_loss":0,"event_name":"Purifier","floor":21,"gold_loss":0}],"is_beta":false,"boss_relics":[{"not_picked":["Pandora\u0027s Box","Busted Crown"],"picked":"SacredBark"}],"items_purged_floors":[],"is_endless":false,"potions_floor_spawned":[7,8,10,12,16,18,23],"killed_by":"Slavers","ascension_level":1}}