{"host":"7ux9e67b8mdymris","time":1608277622,"event":{"mods":["BaseMod","BetterRewards","Highlight Path","Minty Spire (QoL Compilation)","StSLib","The Alterego","Waifu the Spire"],"gold_per_floor":[119,194,209,174,192,223,223],"floor_reached":6,"playtime":633,"items_purged":[],"score":46,"play_id":"3df64d2a-da26-4dce-ae77-865246a2b565","local_time":"20201218164702","is_ascension_mode":false,"campfire_choices":[],"circlet_count":0,"master_deck":["alterego_mod:Strike","alterego_mod:Strike","alterego_mod:Strike","alterego_mod:Strike","alterego_mod:Defend","alterego_mod:Defend","alterego_mod:Defend","alterego_mod:Impale","alterego_mod:BigMeatyClaws","alterego_mod:BrynhildrsRune","alterego_mod:SakuraPetals","alterego_mod:SakuraLabyrinth","alterego_mod:DiscoLights"],"relics":["alterego_mod:MasochisticConstitution","WingedGreaves","Medical Kit","Bottled Flame"],"acts_visited":["Exordium"],"potions_floor_usage":[5,6],"damage_taken":[{"damage":27,"enemies":"Cultist","floor":1,"turns":7},{"damage":0,"enemies":"Small Slimes","floor":3,"turns":4},{"damage":8,"enemies":"Jaw Worm","floor":5,"turns":6},{"damage":28,"enemies":"Gremlin Nob","floor":6,"turns":4}],"seed_played":"-8336836382242064126","potions_obtained":[{"floor":3,"key":"FearPotion"},{"floor":5,"key":"Fruit Juice"}],"is_trial":false,"path_per_floor":["M","?","M","?","M","E"],"character_chosen":"The_Alterego","items_purchased":["Medical Kit"],"campfire_rested":0,"item_purchase_floors":[0],"current_hp_per_floor":[44,33,33,50,48,21,21],"gold":223,"neow_bonus":"","is_daily":false,"chose_seed":false,"campfire_upgraded":0,"win_rate":0.0,"timestamp":1608277622,"path_taken":["M","?","M","?","?","E"],"items_purchased_type":["Relic"],"build_version":"2020-12-13","purchased_purges":0,"victory":false,"max_hp_per_floor":[71,71,71,71,77,78,78],"card_choices":[{"not_picked":["alterego_mod:Bounce","alterego_mod:HighServant"],"picked":"alterego_mod:SakuraPetals","floor":1},{"not_picked":["alterego_mod:Smother","alterego_mod:1TonWallop"],"picked":"alterego_mod:SakuraLabyrinth","floor":3},{"not_picked":["alterego_mod:Jiggle","alterego_mod:1TonWallop"],"picked":"alterego_mod:DiscoLights","floor":5}],"player_experience":14685,"relics_obtained":[{"floor":6,"key":"Bottled Flame"}],"event_choices":[{"damage_healed":0,"gold_gain":75,"player_choice":"Gather Gold","damage_taken":11,"max_hp_gain":0,"max_hp_loss":0,"event_name":"World of Goop","floor":2,"gold_loss":0},{"damage_healed":17,"gold_gain":0,"player_choice":"Healed","damage_taken":0,"max_hp_gain":0,"max_hp_loss":0,"event_name":"The Cleric","floor":4,"gold_loss":35}],"is_beta":false,"boss_relics":[],"items_purged_floors":[],"is_endless":false,"potions_floor_spawned":[3,5],"killed_by":"Gremlin Nob","ascension_level":0}}