{"host":"6rmw1q50jy0xmvyl","time":1608285906,"event":{"mods":["BaseMod","BetterRewards","Clockwork Mod","Colored Map","Duelist Mod","Minty Spire (QoL Compilation)","Remove Card Discount Mod","StSLib","??????REMEMod"],"gold_per_floor":[135,39,39,39,39,39,39],"floor_reached":6,"playtime":288,"items_purged":["theDuelist:CastleWalls","theDuelist:CastleWalls","theDuelist:Deskbot004","theDuelist:Deskbot005","theDuelist:Sparks","theDuelist:Sparks"],"score":53,"play_id":"473f990e-b68f-4606-a2a7-27e9a0326dad","local_time":"20201218110506","is_ascension_mode":true,"campfire_choices":[],"circlet_count":0,"master_deck":["AscendersBane","theDuelist:Biofalcon","theDuelist:Deskbot004","theDuelist:Deskbot005","theDuelist:GreenGadget","theDuelist:NaturiaHorneedle","theDuelist:GenexAllyBirdman","theDuelist:SlotMachine","theDuelist:GreenGadget"],"relics":["theDuelist:MillenniumPuzzle","theDuelist:CardPoolRelic","theDuelist:CardPoolBasicRelic","theDuelist:BoosterPackPoolRelic","theDuelist:CardPoolAddRelic","theDuelist:CardPoolMinusRelic","theDuelist:CardPoolSaveRelic","theDuelist:CardPoolOptionsRelic","REME_ComplimentaryCards","Golden Idol","Bronze Scales","Regal Pillow"],"acts_visited":["Exordium"],"potions_floor_usage":[],"damage_taken":[{"damage":5,"enemies":"Small Slimes","floor":1,"turns":4},{"damage":24,"enemies":"3 Sentries","floor":6,"turns":4}],"seed_played":"5291971377104579932","potions_obtained":[],"is_trial":false,"path_per_floor":["M","$","?","?","?","E"],"character_chosen":"THE_DUELIST","items_purchased":["theDuelist:GenexAllyBirdman","theDuelist:JunkKuriboh","theDuelist:GreenGadget"],"campfire_rested":0,"item_purchase_floors":[0,2,2],"current_hp_per_floor":[67,67,47,22,22,0,0],"gold":39,"neow_bonus":"","is_daily":false,"chose_seed":false,"campfire_upgraded":0,"win_rate":0.0,"timestamp":1608285906,"path_taken":["M","$","?","?","?","E"],"items_purchased_type":["Card","Card","Card"],"build_version":"2020-12-13","purchased_purges":6,"victory":false,"max_hp_per_floor":[80,80,80,80,80,80,80],"card_choices":[{"not_picked":["theDuelist:Shekhinaga","theDuelist:GoldenBlastJuggler"],"picked":"theDuelist:SlotMachine","floor":1}],"player_experience":574094,"relics_obtained":[],"event_choices":[{"damage_healed":0,"gold_gain":0,"player_choice":"Take Damage","damage_taken":20,"relics_obtained":["Golden Idol"],"max_hp_gain":0,"max_hp_loss":0,"event_name":"Golden Idol","floor":3,"gold_loss":0},{"damage_healed":0,"gold_gain":0,"player_choice":"Success","damage_taken":25,"relics_obtained":["Bronze Scales"],"max_hp_gain":0,"max_hp_loss":0,"event_name":"Scrap Ooze","floor":4,"gold_loss":0},{"cards_removed":["theDuelist:JunkKuriboh"],"damage_healed":0,"gold_gain":0,"player_choice":"Gave Card","damage_taken":0,"relics_obtained":["Regal Pillow"],"max_hp_gain":0,"max_hp_loss":0,"event_name":"WeMeetAgain","floor":5,"gold_loss":0}],"is_beta":false,"boss_relics":[],"items_purged_floors":[0,0,0,0,0,0],"is_endless":false,"potions_floor_spawned":[],"killed_by":"3 Sentries","ascension_level":13}}