{"host":"byu8oejwd0fdcxn8","time":1608280744,"event":{"mods":["Act Like it!","Arknights The Spire","BaseMod","Custom Start","Friendly Minions","Hermit","Minty Spire (QoL Compilation)","StSLib"],"gold_per_floor":[219,236,255,77,95,95,109,109,135,149,149,149,149,161,161,161,161],"floor_reached":16,"playtime":487,"items_purged":[],"score":94,"play_id":"5896e599-e618-42a1-8117-4ed151d4fbcf","local_time":"20201218173904","is_ascension_mode":false,"campfire_choices":[],"circlet_count":0,"master_deck":["ats:Powerful Strike","ats:Powerful Strike","ats:Powerful Strike","ats:Armor Crushing Shot","ats:Defend Up","ats:Defend Up","ats:Defend Up","ats:Defend Up","ats:Emotion Absorption","ats:Emotion Absorption","ats:Assault Order","ats:Poison Spread","ats:Poison Spread","ats:Rapid Magazine+1","ats:Overload","ats:Poison Spread","ats:Mental Burst","ats:Fate"],"relics":["ats:Sanity","ats:Arts","ats:Originium","ats:Originium","Ancient Tea Set","Art of War","ats:Originium"],"acts_visited":["Exordium"],"potions_floor_usage":[5,14,16],"damage_taken":[{"damage":0,"enemies":"2 Louse","floor":1,"turns":3},{"damage":2,"enemies":"Small Slimes","floor":2,"turns":3},{"damage":1,"enemies":"Jaw Worm","floor":3,"turns":3},{"damage":19,"enemies":"Gremlin Gang","floor":5,"turns":4},{"damage":8,"enemies":"2 Fungi Beasts","floor":7,"turns":4},{"damage":0,"enemies":"Large Slime","floor":10,"turns":4},{"damage":24,"enemies":"Gremlin Gang","floor":14,"turns":4},{"damage":35,"enemies":"The Guardian","floor":16,"turns":5}],"seed_played":"-6985610679275914152","potions_obtained":[{"floor":3,"key":"Swift Potion"},{"floor":10,"key":"SkillPotion"},{"floor":14,"key":"Explosive Potion"}],"is_trial":false,"path_per_floor":["M","M","M","$","M","R","M","R","T","M","?","?","?","M","R","B"],"character_chosen":"DOCTOR_CLASS","items_purchased":["ats:Arts","ats:Rapid Magazine"],"campfire_rested":0,"item_purchase_floors":[4,4],"current_hp_per_floor":[72,70,69,69,50,50,42,42,42,42,35,35,59,35,35,0,0],"gold":161,"neow_bonus":"HUNDRED_GOLD","is_daily":false,"chose_seed":false,"campfire_upgraded":0,"win_rate":0.0,"timestamp":1608280744,"path_taken":["M","M","M","$","M","R","M","R","T","M","?","?","?","M","R","BOSS"],"items_purchased_type":["Relic","Card"],"build_version":"2020-12-13","purchased_purges":0,"victory":false,"max_hp_per_floor":[72,72,72,72,72,72,72,72,72,72,72,72,72,72,72,72,72],"card_choices":[{"not_picked":["ats:Revitalization","ats:Magnetic Hammer"],"picked":"ats:Assault Order","floor":1},{"not_picked":["ats:Sunburst","ats:Just Like an Apocalypse"],"picked":"ats:Poison Spread","floor":2},{"not_picked":["ats:Just Like an Apocalypse","ats:Spore Proliferation"],"picked":"ats:Poison Spread","floor":3},{"not_picked":["ats:Poison Spread","ats:Attack Strengthen"],"picked":"ats:Overload","floor":5},{"not_picked":["ats:Soul Absorption","ats:Composite Medical Shells"],"picked":"ats:Poison Spread","floor":7},{"not_picked":["ats:Curse Doll","ats:Explosion Area Strengthen"],"picked":"ats:Mental Burst","floor":10},{"not_picked":["ats:Attack Strengthen","ats:Shell Defense"],"picked":"ats:Fate","floor":14}],"player_experience":1060429,"relics_obtained":[{"floor":6,"key":"ats:Originium"},{"floor":8,"key":"ats:Originium"},{"floor":9,"key":"Ancient Tea Set"},{"floor":15,"key":"ats:Originium"}],"event_choices":[{"damage_healed":0,"gold_gain":0,"player_choice":"Success","damage_taken":7,"relics_obtained":["Art of War"],"max_hp_gain":0,"max_hp_loss":0,"event_name":"Scrap Ooze","floor":11,"gold_loss":0},{"damage_healed":0,"gold_gain":0,"player_choice":"Grow","damage_taken":0,"max_hp_gain":0,"max_hp_loss":0,"event_name":"Living Wall","floor":12,"gold_loss":0,"cards_upgraded":["ats:Rapid Magazine"]},{"damage_healed":24,"gold_gain":0,"player_choice":"Banana","damage_taken":0,"max_hp_gain":0,"max_hp_loss":0,"event_name":"Big Fish","floor":13,"gold_loss":0}],"is_beta":false,"boss_relics":[],"items_purged_floors":[],"is_endless":false,"potions_floor_spawned":[3,10,14],"killed_by":"The Guardian","ascension_level":0}}