{"host":"ssahdsoo349p0ms1","time":1608327841,"event":{"mods":["AchievementEnabler","BaseMod","Colored Powertips","Downfall","Minty Spire (QoL Compilation)","StSLib"],"gold_per_floor":[99,99,132,132,132,132,132,161,22,22,42,52,64,64,82,82,82],"floor_reached":16,"playtime":542,"items_purged":[],"score":158,"play_id":"654556e3-c374-46c9-bd61-ffbb6854b512","local_time":"20201218154401","is_ascension_mode":false,"campfire_choices":[{"data":"champ:Taunt","floor":1.0,"key":"SMITH"},{"data":"champ:Execute","floor":4.0,"key":"SMITH"},{"floor":6.0,"key":"RECALL"},{"data":"champ:DefensiveStyle","floor":10.0,"key":"SMITH"}],"circlet_count":0,"master_deck":["champ:Strike","champ:Strike","champ:Strike","champ:Strike","champ:Defend","champ:Defend","champ:Defend","champ:Defend","champ:Execute+1","champ:Taunt+1","champ:GladiatorsShout","champ:DefensiveStyle+1","champ:Backstep","champ:VampiricStrike","champ:Haymaker","champ:AdrenalArmor","champ:CrookedStrike","champ:MurderStrike"],"relics":["champ:ChampionCrown","downfall:HeartsMalice","White Beast Statue","champ:DefensiveTrainingManual","downfall:BrokenWingStatue","Happy Flower","Blue Candle"],"acts_visited":["Exordium"],"potions_floor_usage":[],"damage_taken":[{"damage":0.0,"enemies":"Lagavulin","floor":3.0,"turns":1.0},{"damage":0.0,"enemies":"Gremlin Nob","floor":8.0,"turns":1.0},{"damage":0.0,"enemies":"downfall:FleeingMerchant","floor":9.0,"turns":1.0},{"damage":8.0,"enemies":"2 Louse","floor":11.0,"turns":3.0},{"damage":5.0,"enemies":"Jaw Worm","floor":12.0,"turns":2.0},{"damage":6.0,"enemies":"Small Slimes","floor":13.0,"turns":3.0},{"damage":11.0,"enemies":"Blue Slaver","floor":15.0,"turns":4.0},{"damage":86,"enemies":"downfall:Defect","floor":16,"turns":6}],"seed_played":"-6570783285119739720","potions_obtained":[{"floor":3.0,"key":"PowerPotion"},{"floor":8.0,"key":"EssenceOfSteel"},{"floor":9.0,"key":"Block Potion"},{"floor":15.0,"key":"AttackPotion"}],"is_trial":false,"path_per_floor":["R","?","E","R","?","R","T","E","$","R","M","M","M","?","M","B"],"character_chosen":"THE_CHAMP","items_purchased":["champ:VampiricStrike"],"campfire_rested":0,"item_purchase_floors":[9],"current_hp_per_floor":[90,87,87,87,87,87,87,87,87,87,90,90,89,94,85,0,0],"gold":82,"neow_bonus":"THREE_ENEMY_KILL","is_daily":false,"chose_seed":false,"campfire_upgraded":3,"win_rate":0.0,"timestamp":1608327841,"path_taken":["R","?","E","R","?","R","T","E","?","R","M","M","M","?","M","BOSS"],"items_purchased_type":["Card"],"build_version":"2020-12-13","purchased_purges":0,"victory":false,"max_hp_per_floor":[90,90,90,90,90,90,90,90,90,90,90,90,90,95,95,95,95],"card_choices":[{"not_picked":["champ:PerfectedStrike","champ:AdrenalArmor"],"picked":"champ:GladiatorsShout","floor":3.0},{"not_picked":["champ:AdrenalArmor","champ:Haymaker"],"picked":"champ:DefensiveStyle","floor":8.0},{"not_picked":["champ:Encircle","champ:ViciousMockery"],"picked":"champ:Backstep","floor":9.0},{"not_picked":["champ:GladiatorStyle","champ:GladiatorsShout"],"picked":"champ:Haymaker","floor":11.0},{"not_picked":["champ:BladeFlurry","champ:BerserkersShout"],"picked":"champ:AdrenalArmor","floor":12.0},{"not_picked":["champ:DefensiveShout","champ:SkillfulDodge"],"picked":"champ:CrookedStrike","floor":13.0},{"not_picked":["champ:AdrenalArmor","champ:DefensiveShout"],"picked":"champ:MurderStrike","floor":15.0}],"player_experience":598034,"relics_obtained":[{"floor":3.0,"key":"champ:DefensiveTrainingManual"},{"floor":7.0,"key":"Happy Flower"},{"floor":8.0,"key":"Blue Candle"}],"event_choices":[{"damage_healed":0.0,"max_hp_gain":0.0,"max_hp_loss":0.0,"gold_gain":0.0,"event_name":"Scrap Ooze","player_choice":"Success","floor":2.0,"gold_loss":0.0,"damage_taken":3.0,"relics_obtained":["White Beast Statue"]},{"damage_healed":0.0,"max_hp_gain":5.0,"max_hp_loss":0.0,"gold_gain":0.0,"event_name":"Big Fish","player_choice":"Donut","floor":14.0,"gold_loss":0.0,"damage_taken":0.0}],"is_beta":false,"boss_relics":[],"items_purged_floors":[],"is_endless":false,"potions_floor_spawned":[3,8,9,11,12,13,15],"killed_by":"downfall:Defect","ascension_level":0}}