{"host":"m2106ztvmcgfoyc9","time":1608296822,"event":{"mods":["BaseMod","Minty Spire (QoL Compilation)","Relic Stats"],"gold_per_floor":[359,372,43,62,137,170,170,170,194,194,194,194],"floor_reached":11,"playtime":259,"items_purged":["Strike_R"],"score":142,"play_id":"31cfc71a-63ef-464a-90dd-a9fed0dca847","local_time":"20201218140702","is_ascension_mode":true,"campfire_choices":[{"data":"Bash","floor":8,"key":"SMITH"}],"circlet_count":0,"master_deck":["AscendersBane","Strike_R+1","Strike_R","Strike_R+1","Strike_R","Defend_R","Defend_R","Defend_R","Defend_R","Bash+1","Power Through","Inflame","Demon Form","Shrug It Off"],"relics":["Burning Blood","Bag of Preparation","Ancient Tea Set","Whetstone","Regal Pillow"],"acts_visited":["Exordium"],"potions_floor_usage":[6,11],"damage_taken":[{"damage":1,"enemies":"Cultist","floor":1,"turns":4},{"damage":4,"enemies":"2 Louse","floor":2,"turns":3},{"damage":7,"enemies":"Jaw Worm","floor":4,"turns":5},{"damage":8,"enemies":"Lagavulin","floor":6,"turns":7},{"damage":25,"enemies":"Gremlin Nob","floor":11,"turns":3}],"seed_played":"9193742430307336859","potions_obtained":[{"floor":1,"key":"BlessingOfTheForge"},{"floor":2,"key":"BlessingOfTheForge"}],"is_trial":false,"path_per_floor":["M","M","$","M","?","E","?","R","T","?","E"],"character_chosen":"IRONCLAD","items_purchased":["Demon Form","Bag of Preparation"],"campfire_rested":0,"item_purchase_floors":[3,3],"current_hp_per_floor":[68,68,68,67,56,54,59,59,59,24,0,0],"gold":194,"neow_bonus":"TWO_FIFTY_GOLD","is_daily":false,"chose_seed":false,"campfire_upgraded":1,"win_rate":0.0,"timestamp":1608296822,"path_taken":["M","?","$","M","?","E","?","R","T","?","E"],"items_purchased_type":["Card","Relic"],"build_version":"2020-12-13","purchased_purges":1,"victory":false,"max_hp_per_floor":[68,68,68,68,68,68,73,73,73,73,73,73],"relic_stats":{"Regal Pillow":0,"counters":[5,22],"Bag of Preparation":[6],"Whetstone":["Strike_R","Strike_R"],"obtain_stats":[{"Regal Pillow":10,"Bag of Preparation":3,"Whetstone":9,"Ancient Tea Set":6,"Burning Blood":0},{"Regal Pillow":4,"Bag of Preparation":2,"Whetstone":4,"Ancient Tea Set":4,"Burning Blood":0},{"Regal Pillow":19,"Bag of Preparation":7,"Whetstone":19,"Ancient Tea Set":19,"Burning Blood":0}],"Burning Blood":17},"card_choices":[{"not_picked":["Rage","Sentinel"],"picked":"Power Through","floor":1},{"not_picked":["Heavy Blade","Thunderclap"],"picked":"Inflame","floor":2},{"not_picked":["Headbutt","Dark Embrace","Iron Wave"],"picked":"SKIP","floor":4},{"not_picked":["Rampage","Perfected Strike"],"picked":"Shrug It Off","floor":6}],"player_experience":960540,"relics_obtained":[{"floor":6,"key":"Ancient Tea Set"},{"floor":9,"key":"Whetstone"}],"event_choices":[{"damage_healed":0,"gold_gain":75,"player_choice":"Gather Gold","damage_taken":11,"max_hp_gain":0,"max_hp_loss":0,"event_name":"World of Goop","floor":5,"gold_loss":0},{"damage_healed":0,"gold_gain":0,"player_choice":"Donut","damage_taken":0,"max_hp_gain":5,"max_hp_loss":0,"event_name":"Big Fish","floor":7,"gold_loss":0},{"damage_healed":0,"gold_gain":0,"player_choice":"Success","damage_taken":35,"relics_obtained":["Regal Pillow"],"max_hp_gain":0,"max_hp_loss":0,"event_name":"Scrap Ooze","floor":10,"gold_loss":0}],"is_beta":false,"boss_relics":[],"items_purged_floors":[3],"is_endless":false,"potions_floor_spawned":[1,2],"killed_by":"Gremlin Nob","ascension_level":20}}