{"host":"a61r67bv2jut9r88","time":1608260180,"event":{"mods":["BaseMod","Minty Spire (QoL Compilation)","Replay The Spire","Shop Mod","StSLib","SuperFastMode","The Runesmith"],"gold_per_floor":[110,122,132,52,66,92,105,105,105,105,105,119,135,60,60,165,165,148,158,58,58,25,25,38,38,111,111,111],"floor_reached":27,"playtime":1090,"items_purged":["Defend_G","Delirium"],"score":215,"play_id":"7d61060b-eb8f-442d-b43e-ffa11b21691d","local_time":"20201218105620","is_ascension_mode":false,"campfire_choices":[{"floor":8,"key":"REST"},{"floor":10,"key":"REST"},{"floor":15,"key":"REST"},{"data":"Blade Dance","floor":23,"key":"SMITH"}],"circlet_count":0,"master_deck":["Strike_G","Strike_G","Strike_G","Strike_G","Strike_G","Defend_G","Defend_G","Defend_G","Defend_G","Choke","Prepared","ReplayTheSpireMod:The Works","Accuracy","Backstab","Blade Dance+1","Leap","Beam Cell","Prepared","Replay:Bag of Tricks","Injury","ReplayTheSpireMod:Faulty Equipment","Infinite Blades","Looming Evil"],"relics":["Runic Dome","Replay:Bottled Flurry","Iron Hammer","Replay:Ancient Bell","Lantern","Divine Protection","Replay:Multitool","MutagenicStrength","Ring of Fury","Singing Bowl"],"acts_visited":["Exordium","TheCity"],"potions_floor_usage":[16,16],"damage_taken":[{"damage":9,"enemies":"Jaw Worm","floor":1,"turns":4},{"damage":0,"enemies":"Small Slimes","floor":2,"turns":3},{"damage":0,"enemies":"2 Louse","floor":3,"turns":2},{"damage":9,"enemies":"Blue Slaver","floor":5,"turns":4},{"damage":29,"enemies":"Lagavulin","floor":6,"turns":7},{"damage":9,"enemies":"Lots of Slimes","floor":7,"turns":4},{"damage":6,"enemies":"Large Slime","floor":12,"turns":5},{"damage":10,"enemies":"Gremlin Gang","floor":13,"turns":3},{"damage":52,"enemies":"The Guardian","floor":16,"turns":13},{"damage":9,"enemies":"2 Thieves","floor":18,"turns":4},{"damage":0,"enemies":"3 Byrds","floor":19,"turns":5},{"damage":14,"enemies":"Snake Plant","floor":24,"turns":3},{"damage":51,"enemies":"Gremlin Leader","floor":27,"turns":3}],"seed_played":"5268006690506528341","potions_obtained":[{"floor":1,"key":"Energy Potion"},{"floor":5,"key":"DuplicationPotion"},{"floor":12,"key":"Ancient Potion"},{"floor":16,"key":"FearPotion"},{"floor":24,"key":"BlessingOfTheForge"}],"is_trial":false,"path_per_floor":["M","M","M","$","M","E","M","R","T","R","?","M","M","$","R","B",null,"M","M","$","?","$","R","M","?","T","E"],"character_chosen":"THE_SILENT","items_purchased":["Accuracy","Infinite Blades"],"campfire_rested":3,"item_purchase_floors":[4,22],"current_hp_per_floor":[61,61,61,61,52,23,14,35,35,56,56,50,40,40,61,9,70,61,61,61,61,61,61,47,47,47,0,0],"gold":111,"neow_bonus":"BOSS_RELIC","is_daily":false,"chose_seed":false,"campfire_upgraded":1,"win_rate":0.0,"timestamp":1608260180,"path_taken":["M","M","M","$","M","E","M","R","T","R","?","M","M","$","R","BOSS","M","M","$","?","$","R","M","?","T","E"],"items_purchased_type":["Card","Card"],"build_version":"2020-12-13","purchased_purges":2,"victory":false,"max_hp_per_floor":[70,70,70,70,70,70,70,70,70,70,70,70,70,70,70,70,70,70,70,70,70,70,70,70,70,70,70,70],"card_choices":[{"not_picked":["Poisoned Stab","Masterful Stab"],"picked":"Choke","floor":1},{"not_picked":["PiercingWail","Sucker Punch"],"picked":"Prepared","floor":2},{"not_picked":["Deflect","Backflip"],"picked":"ReplayTheSpireMod:The Works","floor":3},{"not_picked":["Outmaneuver","Noxious Fumes"],"picked":"Backstab","floor":5},{"not_picked":["Quick Slash","Deadly Poison","Skewer"],"picked":"SKIP","floor":6},{"not_picked":["Fluid Movement","Dagger Spray"],"picked":"Blade Dance","floor":7},{"not_picked":["Underhanded Strike","Envenom"],"picked":"Prepared","floor":12},{"not_picked":["Endless Agony","Hidden Blade","Leg Sweep"],"picked":"SKIP","floor":13},{"not_picked":["A Thousand Cuts","ReplayTheSpireMod:From All Sides"],"picked":"Replay:Bag of Tricks","floor":16},{"not_picked":["ReplayTheSpireMod:Faulty Equipment","Shame"],"picked":"Injury","floor":17},{"not_picked":["Regret","CurseOfTheBell"],"picked":"Delirium","floor":17},{"not_picked":["Doubt","Replay:Hysterical Blindness"],"picked":"ReplayTheSpireMod:Faulty Equipment","floor":17},{"not_picked":["Catalyst","Dagger Spray","Blur"],"picked":"SKIP","floor":18},{"not_picked":["Bane+1","Dodge and Roll","Dagger Throw"],"picked":"SKIP","floor":19},{"not_picked":["Outmaneuver+1","Dagger Spray","Catalyst+1"],"picked":"SKIP","floor":24},{"not_picked":["Outmaneuver+1","Dagger Spray","Catalyst+1"],"picked":"SKIP","floor":24}],"player_experience":348194,"relics_obtained":[{"floor":6,"key":"Replay:Bottled Flurry"},{"floor":9,"key":"Iron Hammer"},{"floor":25,"key":"Ring of Fury"},{"floor":26,"key":"Singing Bowl"}],"event_choices":[{"damage_healed":0,"gold_gain":0,"player_choice":"Inject Mutagens","damage_taken":0,"relics_obtained":["MutagenicStrength"],"max_hp_gain":0,"max_hp_loss":0,"event_name":"Drug Dealer","floor":21,"gold_loss":0}],"is_beta":false,"boss_relics":[{"not_picked":["Velvet Choker","Replay:Drink Me"],"picked":"Replay:Ancient Bell"},{"not_picked":["Toy Ornithopter","Orichalcum"],"picked":"Lantern"},{"not_picked":["Chameleon Ring","Question Card"],"picked":"Divine Protection"},{"not_picked":["FossilizedHelix","Calipers"],"picked":"Replay:Multitool"}],"items_purged_floors":[14,20],"is_endless":false,"potions_floor_spawned":[1,5,6,12,16,24],"killed_by":"Gremlin Leader","ascension_level":0}}