{"host":"15ff3ltgpietarej","time":1608317691,"event":{"mods":["BaseMod","Downfall","Highlight Path","Minty Spire (QoL Compilation)","StSLib"],"gold_per_floor":[119,134,147,147,161,192,192,210,258,274,309,337,356,356,356,453,453,467,486,486,486,498,498,509,527,527,562,562,379,379,392,392,488,488,505,520,520,539,539,539],"floor_reached":39,"playtime":1757,"items_purged":[],"score":459,"play_id":"c11cfa25-b006-43a1-b1c5-b35f6ca88501","local_time":"20201218195451","is_ascension_mode":true,"campfire_choices":[{"data":"Eruption","floor":7,"key":"SMITH"},{"floor":15,"key":"REST"},{"data":"Ragnarok","floor":23,"key":"SMITH"},{"floor":28,"key":"REST"},{"data":"WreathOfFlame","floor":30,"key":"SMITH"},{"data":"WreathOfFlame","floor":32,"key":"SMITH"}],"circlet_count":0,"master_deck":["Strike_P","Strike_P","Strike_P","Strike_P","Defend_P","Defend_P","Defend_P","Defend_P","Eruption+1","Vigilance","EmptyFist","WindmillStrike","Evaluate","Conclude","EmptyMind","WreathOfFlame+1","Consecrate","Halt","FlyingSleeves","WreathOfFlame+1","Ragnarok+1","ClearTheMind","Crescendo+1","Writhe","Protect+1","SandsOfTime","EmptyFist","Swivel","DevaForm","Evaluate","Wallop+1"],"relics":["SlaversCollar","MealTicket","Ornamental Fan","Pen Nib","Odd Mushroom","CloakClasp","Snecko Eye","Eternal Feather","Peace Pipe","hexamod:BolsterEngine"],"acts_visited":["Exordium","TheCity","TheBeyond"],"potions_floor_usage":[11,16,16,18,25,33,35,36,39],"damage_taken":[{"damage":0,"enemies":"2 Louse","floor":1,"turns":2},{"damage":12,"enemies":"Cultist","floor":2,"turns":3},{"damage":3,"enemies":"Small Slimes","floor":3,"turns":4},{"damage":1,"enemies":"2 Fungi Beasts","floor":5,"turns":3},{"damage":9,"enemies":"3 Sentries","floor":6,"turns":5},{"damage":0,"enemies":"Large Slime","floor":8,"turns":5},{"damage":8,"enemies":"Blue Slaver","floor":10,"turns":3},{"damage":11,"enemies":"Lagavulin","floor":11,"turns":5},{"damage":0,"enemies":"The Mushroom Lair","floor":12,"turns":2},{"damage":2,"enemies":"Exordium Wildlife","floor":13,"turns":3},{"damage":6,"enemies":"Slime Boss","floor":16,"turns":6},{"damage":0,"enemies":"Chosen","floor":18,"turns":3},{"damage":23,"enemies":"Spheric Guardian","floor":19,"turns":6},{"damage":0,"enemies":"Snake Plant","floor":22,"turns":2},{"damage":14,"enemies":"Shelled Parasite and Fungi","floor":24,"turns":3},{"damage":27,"enemies":"3 Cultists","floor":25,"turns":3},{"damage":17,"enemies":"Book of Stabbing","floor":27,"turns":4},{"damage":5,"enemies":"Centurion and Healer","floor":31,"turns":5},{"damage":4,"enemies":"Champ","floor":33,"turns":3},{"damage":12,"enemies":"3 Shapes","floor":35,"turns":3},{"damage":41,"enemies":"3 Darklings","floor":36,"turns":4},{"damage":8,"enemies":"4 Shapes","floor":38,"turns":2},{"damage":16,"enemies":"Jaw Worm Horde","floor":39,"turns":3}],"seed_played":"547056759170761534","potions_obtained":[{"floor":1,"key":"Swift Potion"},{"floor":3,"key":"Fruit Juice"},{"floor":8,"key":"BlessingOfTheForge"},{"floor":13,"key":"ColorlessPotion"},{"floor":16,"key":"Swift Potion"},{"floor":19,"key":"Explosive Potion"},{"floor":22,"key":"champ:CounterPotion"},{"floor":24,"key":"Energy Potion"},{"floor":33,"key":"PowerPotion"},{"floor":35,"key":"champ:CounterPotion"},{"floor":36,"key":"Weak Potion"}],"is_trial":false,"path_per_floor":["M","M","M","?","M","E","R","M","T","M","E","?","M","?","R","B",null,"M","M","?","?","M","R","M","M","T","E","R","$","R","M","R","B",null,"M","M","?","M","M"],"character_chosen":"WATCHER","items_purchased":["Swivel","Ambrosia"],"campfire_rested":2,"item_purchase_floors":[29,29],"current_hp_per_floor":[72,60,57,57,56,47,47,47,47,39,28,28,26,14,35,34,77,77,54,54,54,54,69,55,28,28,11,49,64,77,72,77,73,77,65,24,24,16,0,0],"gold":539,"neow_bonus":"BOSS_RELIC","is_daily":false,"chose_seed":false,"campfire_upgraded":4,"win_rate":0.0,"timestamp":1608317691,"path_taken":["M","M","M","?","M","E","R","?","T","?","E","?","M","?","R","BOSS","M","M","?","?","M","R","M","M","T","E","R","$","R","M","R","BOSS","M","M","?","M","M"],"items_purchased_type":["Card","Potion"],"build_version":"2020-12-13","purchased_purges":0,"victory":false,"max_hp_per_floor":[72,72,72,72,72,72,72,72,72,72,72,72,72,72,72,77,77,77,77,77,77,77,77,77,77,77,77,77,77,77,77,77,77,77,77,77,73,73,73,73],"card_choices":[{"not_picked":["EmptyMind","Evaluate"],"picked":"EmptyFist","floor":1},{"not_picked":["EmptyFist","Evaluate"],"picked":"WindmillStrike","floor":2},{"not_picked":["PathToVictory","FollowUp"],"picked":"Evaluate","floor":3},{"not_picked":["Crescendo","ForeignInfluence"],"picked":"Conclude","floor":5},{"not_picked":["JustLucky","SashWhip"],"picked":"EmptyMind","floor":6},{"not_picked":["Swivel","Fasting2"],"picked":"WreathOfFlame","floor":8},{"not_picked":["Pray","TalkToTheHand"],"picked":"Consecrate","floor":10},{"not_picked":["BowlingBash","LikeWater"],"picked":"Halt","floor":11},{"not_picked":["CutThroughFate","EmptyBody"],"picked":"FlyingSleeves","floor":12},{"not_picked":["CutThroughFate","Perseverance"],"picked":"WreathOfFlame","floor":13},{"not_picked":["DevaForm","Judgement"],"picked":"Ragnarok","floor":16},{"not_picked":["PathToVictory","JustLucky"],"picked":"ClearTheMind","floor":18},{"not_picked":["DeceiveReality","Worship+1"],"picked":"Crescendo+1","floor":19},{"not_picked":["SignatureMove","CutThroughFate"],"picked":"Protect+1","floor":22},{"not_picked":["PathToVictory","ReachHeaven+1","EmptyBody+1"],"picked":"SKIP","floor":24},{"not_picked":["Judgement","CrushJoints"],"picked":"SandsOfTime","floor":25},{"not_picked":["CutThroughFate","Indignation"],"picked":"EmptyFist","floor":27},{"not_picked":["CutThroughFate","Pray","Halt+1"],"picked":"SKIP","floor":31},{"not_picked":["ConjureBlade","Judgement"],"picked":"DevaForm","floor":33},{"not_picked":["FlyingSleeves+1","Meditate+1"],"picked":"Evaluate","floor":35},{"not_picked":["WaveOfTheHand+1","FollowUp","ThirdEye"],"picked":"SKIP","floor":36},{"not_picked":["FlyingSleeves","ThirdEye+1"],"picked":"Wallop+1","floor":38}],"player_experience":395775,"relics_obtained":[{"floor":6,"key":"Ornamental Fan"},{"floor":11,"key":"Pen Nib"},{"floor":12,"key":"Odd Mushroom"},{"floor":26,"key":"Peace Pipe"},{"floor":27,"key":"hexamod:BolsterEngine"}],"event_choices":[{"damage_healed":0,"gold_gain":0,"player_choice":"Gave Potion","damage_taken":0,"relics_obtained":["MealTicket"],"max_hp_gain":0,"max_hp_loss":0,"event_name":"WeMeetAgain","floor":4,"gold_loss":0},{"damage_healed":0,"gold_gain":0,"player_choice":"Fought Mushrooms","damage_taken":0,"max_hp_gain":0,"max_hp_loss":0,"event_name":"Mushrooms","floor":12,"gold_loss":0},{"damage_healed":0,"gold_gain":0,"player_choice":"Success","damage_taken":12,"relics_obtained":["CloakClasp"],"max_hp_gain":0,"max_hp_loss":0,"event_name":"Scrap Ooze","floor":14,"gold_loss":0},{"damage_healed":0,"gold_gain":0,"player_choice":"Opened","damage_taken":0,"relics_obtained":["Eternal Feather"],"max_hp_gain":0,"max_hp_loss":0,"event_name":"The Mausoleum","floor":21,"gold_loss":0,"cards_obtained":["Writhe"]},{"damage_healed":0,"gold_gain":0,"player_choice":"Max HP","damage_taken":0,"max_hp_gain":0,"max_hp_loss":4,"event_name":"Winding Halls","floor":37,"gold_loss":0}],"is_beta":false,"boss_relics":[{"not_picked":["Coffee Dripper","VioletLotus"],"picked":"Snecko Eye"},{"not_picked":["Runic Pyramid","Cursed Key","Velvet Choker"]}],"items_purged_floors":[],"is_endless":false,"potions_floor_spawned":[1,3,8,13,16,19,22,24,33,35,36],"killed_by":"Jaw Worm Horde","ascension_level":2}}