{"host":"mvw7i28zi3kj0eu9","time":1608301809,"event":{"mods":["AchievementEnabler","BaseMod","Better Third Choice","BetterRewards","Block Reminder","Conspire","Custom Start","Downfall","Energized Spire","Halation","Hermit","Hubris","Infinite Spire","Jorbs\u0027s Wanderer Trilogy","Minty Spire (QoL Compilation)","Replay The Spire","Shop Mod","Small Relic Pack","Spikes Relics","StSLib","The Blue Laboratory","The Necromancer","The Servant 0.9.4","Virulent Crown"],"gold_per_floor":[109,109,123,135,60,60,80,93,117,117,134,34,34,46,46,142,142,162,162,162,182,202,202,202,127,182,182,182,202,202,230,230,350,350,393,393,430,477,352,386,386,386,386,436,476,521,583,634,634,773,773,833,893,962,560,613,613,670,738,764,764,821,904,973,973,973,1127,1127,1211,1299,1299,1299,1394,1504,1622,1747,1747,1747,1887,1887,1887,2025,2025,2279,2279,2450,2450,2596,2203,2372,2398,2398,2580,2580,2580,2580,2580],"floor_reached":96,"playtime":1898,"items_purged":["Defend_W","Defend_W","Defend_W","Strike_W+1","Bone_Wall+1","Strike_W+1","Strike_W+1"],"score":2240,"play_id":"20124bdf-50cb-4768-b829-29b76673d756","local_time":"20201218153009","is_ascension_mode":false,"campfire_choices":[{"data":"1","floor":6.0,"key":"LIFT"},{"data":"2","floor":10.0,"key":"LIFT"},{"data":"3","floor":15.0,"key":"LIFT"},{"data":"Spectral_Walk","floor":23.0,"key":"SMITH"},{"data":"Strike_W","floor":27.0,"key":"SMITH"},{"data":"Strike_W","floor":30.0,"key":"SMITH"},{"data":"Strike_W","floor":32.0,"key":"SMITH"},{"floor":41.0,"key":"REST"},{"floor":57.0,"key":"RECALL"},{"floor":61.0,"key":"REST"},{"floor":66.0,"key":"REST"},{"floor":81.0,"key":"REST"},{"floor":83.0,"key":"REST"}],"circlet_count":0,"master_deck":["Defend_G+18","Negative_Energy_Arrows+1","Death_March_Dance+1","Negative_Energy_Burst+1","Spectral_Walk+1","Hellfire+1","Hellfire+1"],"relics":["Vampire_Amulet","Ginger","FossilizedHelix","Prayer Wheel","Oddly Smooth Stone","Molten Egg 2","Bag of Preparation","SnailShell","hubris:TenFootPole","Orichalcum","relicPack:WeightedSword","BrokenLever","Vajra","infinitespire:WardingShard","Chemical X","Bag of Marbles","Tiny Chest","Girya","Centennial Puzzle","Black Star","MiniBlackHole","conspire:RunicOctahedron","halation:VictoryRuler","Strawberry","Juzu Bracelet","Akabeko","StrikeDummy","infinitespire:EvilPickle","relicPack:DSword","Runic Dome","Ornamental Fan","Replay:Baseball","CherryCoatedStake","RetroEgg","ReplayFunnel","energizedSpire:MagnifyingGlass","Shuriken","Happy Flower","Frozen Egg 2","CrustySpines","halation:IllGainedPizza","hubris:DeckOfHolding","infinitespire:Beetle Shell","halation:LettersToHer","conspire:Dentures","Singing Bowl","Replay:Bandana","RollingBoulder","Mango","hubris:Towel","hubris:RunicObelisk","halation:Toothbrush","halation:EternalFortune","halation:QuantumPhysicsTextbook","Snack Pack","Dream Catcher","Lantern","Replay:Rubber Ducky","Replay:Bottled Flurry","Regal Pillow"],"acts_visited":["Exordium","TheCity","TheBeyond","Exordium","TheCity","TheBeyond"],"potions_floor_usage":[],"damage_taken":[{"damage":0.0,"enemies":"2 Louse","floor":1.0,"turns":1.0},{"damage":0.0,"enemies":"Small Slimes","floor":3.0,"turns":1.0},{"damage":0.0,"enemies":"Cultist","floor":4.0,"turns":2.0},{"damage":0.0,"enemies":"Blue Slaver","floor":7.0,"turns":1.0},{"damage":0.0,"enemies":"Looter","floor":8.0,"turns":2.0},{"damage":0.0,"enemies":"Red Slaver","floor":11.0,"turns":1.0},{"damage":0.0,"enemies":"2 Fungi Beasts","floor":14.0,"turns":1.0},{"damage":0.0,"enemies":"The Guardian","floor":16.0,"turns":8.0},{"damage":0.0,"enemies":"Shell Parasite","floor":18.0,"turns":4.0},{"damage":0.0,"enemies":"3 Byrds","floor":21.0,"turns":3.0},{"damage":0.0,"enemies":"conspire:HollyBat","floor":22.0,"turns":6.0},{"damage":0.0,"enemies":"Shelled Parasite and Fungi","floor":29.0,"turns":1.0},{"damage":0.0,"enemies":"Replay:Snechameleon","floor":31.0,"turns":2.0},{"damage":15.0,"enemies":"Pondfish","floor":33.0,"turns":7.0},{"damage":0.0,"enemies":"3 Darklings","floor":35.0,"turns":2.0},{"damage":0.0,"enemies":"Orb Walker","floor":37.0,"turns":1.0},{"damage":0.0,"enemies":"Sphere and 2 Shapes","floor":38.0,"turns":2.0},{"damage":0.0,"enemies":"Spire Growth","floor":40.0,"turns":1.0},{"damage":0.0,"enemies":"Mind Bloom Boss Battle","floor":44.0,"turns":1.0},{"damage":0.0,"enemies":"Transient","floor":45.0,"turns":5.0},{"damage":0.0,"enemies":"3 Darklings","floor":46.0,"turns":2.0},{"damage":0.0,"enemies":"Nightmare","floor":47.0,"turns":1.0},{"damage":0.0,"enemies":"Jaw Worm Horde","floor":48.0,"turns":1.0},{"damage":0.0,"enemies":"Replay:Hell Engine","floor":50.0,"turns":3.0},{"damage":0.0,"enemies":"Jaw Worm","floor":52.0,"turns":1.0},{"damage":0.0,"enemies":"Small Slimes","floor":53.0,"turns":1.0},{"damage":0.0,"enemies":"Cultist","floor":54.0,"turns":1.0},{"damage":0.0,"enemies":"Blue Slaver","floor":56.0,"turns":1.0},{"damage":0.0,"enemies":"Large Slime","floor":58.0,"turns":1.0},{"damage":0.0,"enemies":"Lagavulin","floor":59.0,"turns":1.0},{"damage":0.0,"enemies":"Exordium Wildlife","floor":62.0,"turns":1.0},{"damage":0.0,"enemies":"Replay:BlueRogue","floor":63.0,"turns":1.0},{"damage":0.0,"enemies":"2 Fungi Beasts","floor":64.0,"turns":1.0},{"damage":0.0,"enemies":"Slime Boss","floor":67.0,"turns":1.0},{"damage":0.0,"enemies":"Shell Parasite","floor":69.0,"turns":1.0},{"damage":0.0,"enemies":"3 Byrds","floor":70.0,"turns":1.0},{"damage":0.0,"enemies":"Snecko","floor":73.0,"turns":1.0},{"damage":0.0,"enemies":"Book of Stabbing","floor":74.0,"turns":1.0},{"damage":0.0,"enemies":"Centurion and Healer","floor":75.0,"turns":1.0},{"damage":0.0,"enemies":"Snake Plant","floor":76.0,"turns":1.0},{"damage":0.0,"enemies":"Shelled Parasite and Fungi","floor":79.0,"turns":1.0},{"damage":0.0,"enemies":"Centurion and Healer","floor":82.0,"turns":1.0},{"damage":0.0,"enemies":"Collector","floor":84.0,"turns":2.0},{"damage":0.0,"enemies":"Orb Walker","floor":86.0,"turns":1.0},{"damage":0.0,"enemies":"infinitespire:Three Voidlings","floor":88.0,"turns":1.0},{"damage":0.0,"enemies":"Nightmare_Alpha","floor":88.0,"turns":6.0},{"damage":0.0,"enemies":"3 Darklings","floor":90.0,"turns":1.0},{"damage":0.0,"enemies":"4 Shapes","floor":93.0,"turns":1.0},{"damage":0,"enemies":"Nightmare","floor":96,"turns":1}],"seed_played":"-5669254758580837802","potions_obtained":[{"floor":1.0,"key":"DuplicationPotion"},{"floor":7.0,"key":"SpeedPotion"},{"floor":16.0,"key":"SteroidPotion"},{"floor":31.0,"key":"Fruit Juice"},{"floor":33.0,"key":"Languid Potion"},{"floor":40.0,"key":"DuplicationPotion"},{"floor":48.0,"key":"Energy Potion"},{"floor":50.0,"key":"blueLaboratory:Moonshine"},{"floor":88.0,"key":"Strength Potion"}],"is_trial":false,"path_per_floor":["M","?","M","M","$","R","M","M","T","R","M","$","?","M","R","B",null,"M","T","?","M","M","R","AVR","?","T","R","T","M","R","E","R","B",null,"M","?","M","M","$","M","R","AVR","T","?","M","M","NM","M","R","B",null,"M","M","M","$","M","R","M","E","T","R","M","E","M","?","R","B",null,"M","M","$","T","M","E","M","M","T","?","M","AVR","R","M","R","B",null,"M","?","?","$","M","T","?","M","T","AVR","NM"],"character_chosen":"NECROMANCER","items_purchased":["Ginger","FossilizedHelix","Prayer Wheel","Oddly Smooth Stone","Molten Egg 2","Bag of Preparation","Death_March_Dance+1","SnailShell","hubris:TenFootPole","Orichalcum","relicPack:WeightedSword","BrokenLever","Vajra","infinitespire:WardingShard","Chemical X","Bag of Marbles","Tiny Chest","Girya","Negative_Energy_Burst+1","PowerPotion","Shuriken","Happy Flower","Snack Pack"],"campfire_rested":5,"item_purchase_floors":[0,0,0,0,0,0,0,0,0,0,0,0,0,0,0,0,0,0,0,0,55,55,89],"current_hp_per_floor":[75,68,72,74,74,74,75,75,75,75,75,75,75,75,75,75,75,75,75,75,75,75,75,75,75,82,82,82,82,82,82,82,76,87,87,70,72,78,78,80,87,87,87,87,87,87,87,87,87,87,87,87,87,87,87,87,87,87,87,87,87,87,87,87,76,87,87,87,87,87,87,87,91,93,97,101,115,115,119,119,119,123,123,125,125,129,132,136,139,143,143,143,147,147,150,150,150],"gold":2580,"neow_bonus":"","is_daily":false,"chose_seed":false,"campfire_upgraded":4,"win_rate":0.0,"timestamp":1608301809,"path_taken":["M","?","M","M","$","R","M","M","T","R","M","$","?","?","R","BOSS","M","?","?","M","?","R","AVR","?","T","R","?","M","R","E","R","BOSS","M","?","M","M","$","M","R","AVR","T","?","M","M","NM","M","R","BOSS","M","M","M","$","M","R","M","E","T","R","M","E","M","?","R","BOSS","M","M","$","?","M","E","M","M","T","?","M","AVR","R","M","R","BOSS","M","?","?","$","M","?","?","M","T","AVR","NM"],"items_purchased_type":["Relic","Relic","Relic","Relic","Relic","Relic","Card","Relic","Relic","Relic","Relic","Relic","Relic","Relic","Relic","Relic","Relic","Relic","Card","Potion","Relic","Relic","Relic"],"build_version":"2020-12-13","purchased_purges":7,"victory":false,"max_hp_per_floor":[75,75,75,75,75,75,75,75,75,75,75,75,75,75,75,75,75,75,75,75,75,75,75,75,75,82,82,82,82,82,82,82,87,87,87,87,87,87,87,87,87,87,87,87,87,87,87,87,87,87,87,87,87,87,87,87,87,87,87,87,87,87,87,87,87,87,87,87,87,87,87,87,91,93,97,101,115,115,119,119,119,123,123,125,125,129,132,136,139,143,143,143,147,147,150,150,150],"card_choices":[{"not_picked":["Slay_Living+1","Negative_Energy_Shield","Necromantic_Selection"],"picked":"SKIP","floor":1.0},{"not_picked":["Death_Coil+1","Life_Drain+1","Shackles_Of_Pain"],"picked":"SKIP","floor":1.0},{"not_picked":["Strike_from_Beyond+1","Summon_Vampire_Lady"],"picked":"Spectral_Walk","floor":3.0},{"not_picked":["Bone_Spikes+1","Death_Coil+1","Plague_Bolt+1"],"picked":"SKIP","floor":3.0},{"not_picked":["Bone_Spikes+1","Scare","Life_Drain+1"],"picked":"SKIP","floor":4.0},{"not_picked":["Death_March_Dance+1","Negative_Energy_Mist","Negative_Energy_Burst+1"],"picked":"SKIP","floor":4.0},{"not_picked":["Shade_Step","Negative_Energy_Mist","Summon_Lich"],"picked":"SKIP","floor":7.0},{"not_picked":["Life_Drain+1","Shade_Step","Bone_Shift"],"picked":"SKIP","floor":7.0},{"not_picked":["Toxic_Smoke_Screen","Whirlwind_of_Bones+1","Negative_Energy_Sphere+1"],"picked":"SKIP","floor":8.0},{"not_picked":["Shade_Step","Bone_Bullets+1","Reap_The_Weak+1"],"picked":"SKIP","floor":8.0},{"not_picked":["Toxic_Smoke_Screen","Spectral_Walk","Acid_Javelin+1"],"picked":"SKIP","floor":11.0},{"not_picked":["Death_Coil+1","Negative_Energy_Sphere+1","Necrotic_Claws+1"],"picked":"SKIP","floor":11.0},{"not_picked":["Blood_for_Blood","Bone_Shift","Blood_Whip+1"],"picked":"SKIP","floor":14.0},{"not_picked":["Negative_Energy_Sphere+1","Finger_Of_Death+1","Skeleton_Dragon"],"picked":"SKIP","floor":14.0},{"not_picked":["Blood_Shield","Scare+1","Blood_Curse+1"],"picked":"SKIP","floor":18.0},{"not_picked":["Blood_Is_Power","Negative_Energy_Javelin+1","Negative_Energy_Shield"],"picked":"SKIP","floor":18.0},{"not_picked":["Vampiric_Strike+1","Bone_Shift","Scare"],"picked":"SKIP","floor":21.0},{"not_picked":["Summon_Lich","Death_Coil+1","Acid_Javelin+1"],"picked":"SKIP","floor":21.0},{"not_picked":["Exploit+1","Blood_Is_Power","Vampiric_Strike+1"],"picked":"SKIP","floor":22.0},{"not_picked":["Strike_from_Beyond+1","Negative_Energy_Bomb+1","Thousand_Bone_Knives+1"],"picked":"SKIP","floor":22.0},{"not_picked":["Toxic_Smoke_Screen+1","Flesh_Made_Foul+1","Stop_Heart"],"picked":"SKIP","floor":29.0},{"not_picked":["Toxic_Smoke_Screen","Bone_Bullets+1","Vampiric_Strike+1"],"picked":"SKIP","floor":29.0},{"not_picked":["Plague_Bolt+1","Uncharnel","Shade_Step"],"picked":"SKIP","floor":31.0},{"not_picked":["Spectral_Walk+1","Vampiric_Strike+1","Consume_Illness+1"],"picked":"SKIP","floor":35.0},{"not_picked":["Epidemic+1","Whirlwind_of_Bones+1","Vampiric_Strike+1"],"picked":"SKIP","floor":35.0},{"not_picked":["Spectral_Walk+1","Bone_Prison+1"],"picked":"Hellfire+1","floor":37.0},{"not_picked":["Death_March_Dance+1","Blood_Whip+1","Shackles_Of_Pain"],"picked":"SKIP","floor":37.0},{"not_picked":["Blood_for_Blood+1","Scare+1","Negative_Energy_Shield+1"],"picked":"SKIP","floor":38.0},{"not_picked":["Violent_Necrosis+1","Life_Tap+1","Consume_Illness"],"picked":"SKIP","floor":38.0},{"not_picked":["Acid_Javelin+1","Bone_Armor","Summon_Vampire_Lady"],"picked":"SKIP","floor":40.0},{"not_picked":["Blood_Shield+1","Negative_Energy_Javelin+1","Epidemic"],"picked":"SKIP","floor":40.0},{"not_picked":["Shackles_Of_Pain+1","Shade_Step+1","Blood_Is_Power"],"picked":"SKIP","floor":45.0},{"not_picked":["Bone_Spikes+1","Life_Drain+1","Blood_Whip+1"],"picked":"SKIP","floor":45.0},{"not_picked":["Negative_Energy_Shield","Whirlwind_of_Bones+1","Finger_Of_Death+1"],"picked":"SKIP","floor":46.0},{"not_picked":["Pandemic+1","Negative_Energy_Javelin+1","Negative_Energy_Mist+1"],"picked":"SKIP","floor":46.0},{"not_picked":["Scare","Negative_Energy_Shield+1","Bone_Spikes+1"],"picked":"SKIP","floor":47.0},{"not_picked":["Bone_Spikes+1","Bone_Armor","Blood_Curse+1"],"picked":"SKIP","floor":48.0},{"not_picked":["Bone_Spikes+1","Uncharnel+1","Exploit+1"],"picked":"SKIP","floor":48.0},{"not_picked":["Bone_Spikes+1","Bone_Armor","Blood_Curse+1"],"picked":"SKIP","floor":48.0},{"not_picked":["Bone_Spikes+1","Uncharnel+1","Exploit+1"],"picked":"SKIP","floor":48.0},{"not_picked":["Negative_Energy_Bomb+1","Skeleton_Dragon"],"picked":"Hellfire+1","floor":50.0},{"not_picked":["Death_Coil+1","Bones_to_Steel","Shackles_Of_Pain"],"picked":"SKIP","floor":52.0},{"not_picked":["Negative_Energy_Shield","Death_March_Dance+1","Spectral_Armor"],"picked":"SKIP","floor":52.0},{"not_picked":["Exploit+1","Bones_to_Steel","Death_March_Dance+1"],"picked":"SKIP","floor":53.0},{"not_picked":["Vampiric_Strike+1","Bone_Armor","Shackles_Of_Pain"],"picked":"SKIP","floor":53.0},{"not_picked":["Negative_Energy_Sphere+1","Negative_Energy_Shield","Pandemic"],"picked":"SKIP","floor":54.0},{"not_picked":["Consume_Illness","Necromantic_Selection","Bones_to_Steel"],"picked":"SKIP","floor":54.0},{"not_picked":["Bone_Armor","Bones_to_Steel","Necrotic_Claws+1"],"picked":"SKIP","floor":56.0},{"not_picked":["Scare","Grasp_Heart+1","Negative_Energy_Sphere+1"],"picked":"SKIP","floor":56.0},{"not_picked":["Life_Drain+1","Deaths_Shadow+1","Blood_Curse+1"],"picked":"SKIP","floor":58.0},{"not_picked":["Chill_Blood","Death_March_Dance+1","Negative_Energy_Sphere+1"],"picked":"SKIP","floor":58.0},{"not_picked":["Corrupt","Shackles_Of_Pain","Shade_Step"],"picked":"SKIP","floor":59.0},{"not_picked":["Corrupt","Requiem+1","Negative_Energy_Sphere+1"],"picked":"SKIP","floor":62.0},{"not_picked":["Slay_Living+1","Corrupt","Negative_Energy_Shield"],"picked":"SKIP","floor":62.0},{"not_picked":["Blood_Curse+1","Finger_Of_Death+1","Shade_Step"],"picked":"SKIP","floor":63.0},{"not_picked":["Summon_Undead_Army+1","Bone_Shift","Necromantic_Selection"],"picked":"SKIP","floor":64.0},{"not_picked":["Negative_Energy_Javelin+1","Scare","Blood_Is_Power"],"picked":"SKIP","floor":64.0},{"not_picked":["Life_Tap","Negative_Energy_Mist+1","Necromantic_Selection"],"picked":"SKIP","floor":69.0},{"not_picked":["Negative_Energy_Shield","Chill_Blood","Blood_Whip+1"],"picked":"SKIP","floor":69.0},{"not_picked":["Requiem+1","Finger_Of_Death+1","Toxic_Smoke_Screen"],"picked":"SKIP","floor":70.0},{"not_picked":["Pandemic","Blood_Is_Power","Necromantic_Selection"],"picked":"SKIP","floor":70.0},{"not_picked":["Exploit+1","Stop_Heart","Bone_Armor"],"picked":"Singing Bowl","floor":73.0},{"not_picked":["Blood_Shield+1","Negative_Energy_Javelin+1","Death_March_Dance+1"],"picked":"Singing Bowl","floor":73.0},{"not_picked":["Cloudkill","Summon_Lich+1","Violent_Necrosis"],"picked":"Singing Bowl","floor":74.0},{"not_picked":["Siphon_Strength","Finger_Of_Death+1","Bone_Armor+1"],"picked":"Singing Bowl","floor":75.0},{"not_picked":["Shackles_Of_Pain","Toxic_Smoke_Screen","Thousand_Bone_Knives+1"],"picked":"Singing Bowl","floor":75.0},{"not_picked":["Death_Coil+1","Summon_Lich+1","Bone_Armor+1"],"picked":"Singing Bowl","floor":76.0},{"not_picked":["Summon_Death_Knight+1","Spectral_Walk","Acid_Javelin+1"],"picked":"Singing Bowl","floor":76.0},{"not_picked":["Bone_Shift","Blood_Whip+1","Detonate_Bones+1"],"picked":"Singing Bowl","floor":79.0},{"not_picked":["Toxic_Smoke_Screen","Bones_to_Steel","Vampiric_Strike+1"],"picked":"Singing Bowl","floor":79.0},{"not_picked":["Blood_Wake+1","Necromantic_Selection","Summon_Lich+1"],"picked":"Singing Bowl","floor":82.0},{"not_picked":["Death_March_Dance+1","Blood_Curse+1","Strike_from_Beyond+1"],"picked":"Singing Bowl","floor":82.0},{"not_picked":["Blood_Magic+1","Hellfire+1","Blood_Wake+1"],"picked":"Singing Bowl","floor":84.0},{"not_picked":["Blood_Curse+1","Whirlwind_of_Bones+1","Necromantic_Selection"],"picked":"Singing Bowl","floor":86.0},{"not_picked":["Negative_Energy_Shield","Blood_Curse+1","Bone_Armory+1"],"picked":"Singing Bowl","floor":86.0},{"not_picked":["ReplayTheSpireMod:Black Plague","infinitespire:Menacing","infinitespire:SealOfDarkness+"],"picked":"Singing Bowl","floor":88.0},{"not_picked":["Epidemic","Finger_Of_Death+1","Shade_Step"],"picked":"Singing Bowl","floor":88.0},{"not_picked":["Blood_Shield","Bone_Shift","Thousand_Bone_Knives+1"],"picked":"Singing Bowl","floor":90.0},{"not_picked":["Consume_Illness","Strike_from_Beyond+1","Bones_to_Steel+1"],"picked":"Singing Bowl","floor":90.0},{"not_picked":["Negative_Energy_Sphere+1","Whirlwind_of_Bones+1","Blood_Shield+1"],"picked":"Singing Bowl","floor":93.0},{"not_picked":["Finger_Of_Death+1","Blood_Curse+1","Bone_Spikes+1"],"picked":"Singing Bowl","floor":93.0}],"player_experience":906874,"relics_obtained":[{"floor":9.0,"key":"Centennial Puzzle"},{"floor":19.0,"key":"MiniBlackHole"},{"floor":26.0,"key":"Strawberry"},{"floor":28.0,"key":"Juzu Bracelet"},{"floor":31.0,"key":"Akabeko"},{"floor":31.0,"key":"StrikeDummy"},{"floor":43.0,"key":"Replay:Baseball"},{"floor":44.0,"key":"CherryCoatedStake"},{"floor":47.0,"key":"RetroEgg"},{"floor":47.0,"key":"ReplayFunnel"},{"floor":59.0,"key":"Frozen Egg 2"},{"floor":59.0,"key":"CrustySpines"},{"floor":60.0,"key":"halation:IllGainedPizza"},{"floor":63.0,"key":"hubris:DeckOfHolding"},{"floor":63.0,"key":"infinitespire:Beetle Shell"},{"floor":72.0,"key":"Singing Bowl"},{"floor":74.0,"key":"Replay:Bandana"},{"floor":74.0,"key":"RollingBoulder"},{"floor":77.0,"key":"Mango"},{"floor":88.0,"key":"halation:QuantumPhysicsTextbook"},{"floor":91.0,"key":"Dream Catcher"},{"floor":91.0,"key":"Lantern"},{"floor":94.0,"key":"Replay:Rubber Ducky"},{"floor":94.0,"key":"Replay:Bottled Flurry"}],"event_choices":[{"damage_healed":75.0,"max_hp_gain":0.0,"max_hp_loss":75.0,"gold_gain":0.0,"event_name":"betterThird:BetterShining","player_choice":"Upgrade","floor":2.0,"gold_loss":0.0,"damage_taken":15.0,"cards_upgraded":["Negative_Energy_Arrows","Bone_Wall"]},{"cards_removed":["Defend_W"],"damage_healed":0.0,"max_hp_gain":0.0,"max_hp_loss":0.0,"gold_gain":0.0,"event_name":"Bonfire Elementals","player_choice":"Offered Basic","floor":13.0,"gold_loss":0.0,"damage_taken":0.0},{"damage_healed":0.0,"max_hp_gain":0.0,"max_hp_loss":0.0,"gold_gain":0.0,"event_name":"Match and Keep!","player_choice":"0 cards matched","floor":20.0,"gold_loss":0.0,"damage_taken":0.0,"cards_obtained":[]},{"cards_removed":["Strike_W"],"damage_healed":0.0,"max_hp_gain":0.0,"max_hp_loss":0.0,"gold_gain":0.0,"event_name":"Beggar","player_choice":"Gave Gold","floor":25.0,"gold_loss":75.0,"damage_taken":0.0},{"damage_healed":0.0,"max_hp_gain":0.0,"max_hp_loss":0.0,"gold_gain":0.0,"event_name":"MindBloom","player_choice":"Fight","floor":44.0,"gold_loss":0.0,"damage_taken":0.0},{"damage_healed":0.0,"max_hp_gain":0.0,"max_hp_loss":0.0,"gold_gain":1.0,"event_name":"betterThird:BetterScrap","player_choice":"Relic Relic ","floor":65.0,"gold_loss":0.0,"damage_taken":24.0,"cards_obtained":["Feel No Pain"]}],"is_beta":false,"boss_relics":[{"not_picked":["hubris:GrandSneckoEye","halation:HeavySnake"],"picked":"Black Star"},{"not_picked":["Cursed Key","Sandwich","Honey Jar"]},{"not_picked":["Astrolabe","hubris:HollowSoul"],"picked":"energizedSpire:MagnifyingGlass"},{"not_picked":["relicPack:StarArrow","hubris:BlackHole","Astrolabe"]},{"not_picked":["Tiny House","Replay:Drink Me","energizedSpire:SpiderWeb"]}],"items_purged_floors":[5,12,24,39,42,89,95],"is_endless":true,"potions_floor_spawned":[1,7,11,16,22,29,31,33,38,40,44,48,50,53,54,59,64,69,70,74,79,88,88,93],"killed_by":"Nightmare","ascension_level":0}}