{"host":"ecaj4hn004xnnrw9","time":1608322844,"event":{"mods":["AchievementEnabler","BaseMod","Hermit","Minty Spire (QoL Compilation)","Quick Restart","Replay The Spire","StSLib","The Cursed"],"gold_per_floor":[112,112,131,81,98,98,131,131,131,195,270,285,63,81,81,178,178,209,7,22,22,37,37,37,37],"floor_reached":24,"playtime":892,"items_purged":["hermit:Strike_Hermit","hermit:Strike_Hermit"],"score":271,"play_id":"28e33f70-f45e-4bc2-b4d6-58563e12fd53","local_time":"20201218202044","is_ascension_mode":false,"campfire_choices":[{"data":"hermit:CursedWeapon","floor":6,"key":"SMITH"},{"data":"hermit:Snapshot","floor":8,"key":"SMITH"},{"floor":23,"key":"REST"}],"circlet_count":0,"master_deck":["hermit:Strike_Hermit","hermit:Strike_Hermit","hermit:Defend_Hermit+1","hermit:Defend_Hermit+1","hermit:Defend_Hermit+1","hermit:Defend_Hermit+1","hermit:Snapshot+1","hermit:Covet","Strike_B","Strike_P","hermit:CursedWeapon+1","hermit:FinalCanter+1","hermit:Gestalt+1","hermit:Headshot+1","hermit:ShadowCloak+1","hermit:Deadeye+1","hermit:GhostlyPresence","hermit:Misfire+1","hermit:RoundhouseKick+1","Voices","Writhe","Delirium","hermit:FlashPowder","hermit:Deadeye+1","Necronomicurse","hermit:Misfire+1"],"relics":["hermit:Momento","FossilizedHelix","Ring of Searing","Ring of Panic","Molten Egg 2","Ginger","Membership Card","Replay:Ancient Bell","MawBank","Replay:Bottled Eggs","Replay:Kaleidoscope","Guide Book","Necronomicon"],"acts_visited":["Exordium","TheCity"],"potions_floor_usage":[7,24,24,24,24],"damage_taken":[{"damage":0,"enemies":"2 Louse","floor":1,"turns":2},{"damage":12,"enemies":"Jaw Worm","floor":3,"turns":3},{"damage":5,"enemies":"Small Slimes","floor":5,"turns":2},{"damage":7,"enemies":"3 Sentries","floor":7,"turns":6},{"damage":2,"enemies":"3 Sentries","floor":10,"turns":4},{"damage":0,"enemies":"Blue Slaver","floor":12,"turns":2},{"damage":0,"enemies":"Exordium Wildlife","floor":14,"turns":2},{"damage":7,"enemies":"Slime Boss","floor":16,"turns":4},{"damage":30,"enemies":"Shell Parasite","floor":18,"turns":4},{"damage":23,"enemies":"3 Byrds","floor":20,"turns":5},{"damage":0,"enemies":"Cultist and Chosen","floor":22,"turns":3},{"damage":29,"enemies":"Slavers","floor":24,"turns":3}],"seed_played":"1671623708560364214","potions_obtained":[{"floor":5,"key":"Milkshake"},{"floor":14,"key":"GamblersBrew"},{"floor":16,"key":"EntropicBrew"},{"floor":18,"key":"LiquidBronze"}],"is_trial":false,"path_per_floor":["M","?","M","?","M","R","E","R","T","?","?","M","$","M","R","B",null,"M","$","M","?","M","R","E"],"character_chosen":"HERMIT","items_purchased":["Membership Card","hermit:GhostlyPresence","Guide Book","hermit:FlashPowder","Strength Potion","Energy Potion"],"campfire_rested":1,"item_purchase_floors":[13,13,19,19,19,19],"current_hp_per_floor":[75,75,63,63,58,58,51,51,51,49,38,38,38,38,60,53,75,45,45,22,6,6,28,0,0],"gold":37,"neow_bonus":"ONE_RARE_RELIC","is_daily":false,"chose_seed":false,"campfire_upgraded":2,"win_rate":0.0,"timestamp":1608322844,"path_taken":["M","?","M","?","M","R","E","R","T","?","?","M","$","M","R","BOSS","M","$","M","?","M","R","E"],"items_purchased_type":["Relic","Card","Relic","Card","Potion","Potion"],"build_version":"2020-12-13","purchased_purges":2,"victory":false,"max_hp_per_floor":[75,75,75,75,75,75,75,75,75,75,75,75,75,75,75,75,75,75,75,75,75,75,75,75,75],"card_choices":[{"not_picked":["hermit:ItchyTrigger","hermit:Glare"],"picked":"hermit:CursedWeapon","floor":1},{"not_picked":["hermit:CalledShot","hermit:Coalescence"],"picked":"hermit:FinalCanter","floor":3},{"not_picked":["hermit:BodyArmor","hermit:Snipe"],"picked":"hermit:Gestalt","floor":5},{"not_picked":["hermit:Determination","hermit:LowProfile"],"picked":"hermit:Headshot+1","floor":7},{"not_picked":["hermit:Headshot+1","hermit:HighCaliber+1"],"picked":"hermit:ShadowCloak","floor":10},{"not_picked":["hermit:ItchyTrigger+1","hermit:SprayPray+1"],"picked":"hermit:Deadeye+1","floor":12},{"not_picked":["hermit:Determination","hermit:Maintenance"],"picked":"hermit:Misfire+1","floor":14},{"not_picked":["hermit:HighNoon","hermit:HeroicBravado"],"picked":"hermit:RoundhouseKick+1","floor":16},{"not_picked":["CurseOfTheBell","ReplayTheSpireMod:Faulty Equipment"],"picked":"Voices","floor":17},{"not_picked":["Spreading Infection","hermit:ImpendingDoom"],"picked":"Writhe","floor":17},{"not_picked":["ReplayTheSpireMod:Doomed","ReplayTheSpireMod:Splinters"],"picked":"Delirium","floor":17},{"not_picked":["hermit:HeroicBravado","hermit:LuckOfTheDraw","hermit:LowProfile"],"picked":"SKIP","floor":18},{"not_picked":["hermit:TakeCover","hermit:FullyLoaded+1"],"picked":"hermit:Deadeye+1","floor":20},{"not_picked":["hermit:Spite+1","hermit:GhostlyPresence"],"picked":"hermit:Misfire+1","floor":22}],"player_experience":177690,"relics_obtained":[{"floor":2,"key":"Ring of Searing"},{"floor":2,"key":"Ring of Panic"},{"floor":7,"key":"Molten Egg 2"},{"floor":10,"key":"Ginger"},{"floor":21,"key":"Necronomicon"}],"event_choices":[{"cards_removed":["Normality"],"damage_healed":0,"gold_gain":0,"player_choice":"Card Removal","damage_taken":0,"max_hp_gain":0,"max_hp_loss":0,"event_name":"The Cleric","floor":4,"gold_loss":50},{"damage_healed":0,"gold_gain":0,"player_choice":"Searched \u00271\u0027 times","damage_taken":0,"max_hp_gain":0,"max_hp_loss":0,"event_name":"Dead Adventurer","floor":10,"gold_loss":0},{"damage_healed":0,"gold_gain":75,"player_choice":"Gather Gold","damage_taken":11,"max_hp_gain":0,"max_hp_loss":0,"event_name":"World of Goop","floor":11,"gold_loss":0},{"damage_healed":0,"gold_gain":0,"player_choice":"Obtained Book","damage_taken":16,"max_hp_gain":0,"max_hp_loss":0,"event_name":"Cursed Tome","floor":21,"gold_loss":0}],"is_beta":false,"boss_relics":[{"not_picked":["Coffee Dripper","Runic Dome"],"picked":"Replay:Ancient Bell"},{"not_picked":["MealTicket","Strawberry"],"picked":"MawBank"},{"not_picked":["White Beast Statue","ReplayTheSpireMod:Ninjato"],"picked":"Replay:Bottled Eggs"},{"not_picked":["Prayer Wheel","WingedGreaves"],"picked":"Replay:Kaleidoscope"}],"items_purged_floors":[13,19],"is_endless":false,"potions_floor_spawned":[5,14,16,18,22],"killed_by":"Slavers","ascension_level":0}}