{"host":"soyfmymeou4emntr","time":1608263065,"event":{"mods":["BaseMod","Minty Spire (QoL Compilation)","Relic Sorter","Relic Stats","StSLib"],"gold_per_floor":[117,13,13,13,33,60,77,109,158,158,175,175,190,206,206,280,280,258,275,0,0,0,0,26,26,26,59,76,76,76,92,92,167,167,177,13,24,35,52,87,87,87,87],"floor_reached":42,"playtime":8383,"items_purged":["Strike_B"],"score":1031,"play_id":"0e1c7ea0-7d16-47a8-b141-cf7e918a8be4","local_time":"20201217204425","is_ascension_mode":true,"campfire_choices":[{"data":"Buffer","floor":10.0,"key":"SMITH"},{"data":"Loop","floor":12.0,"key":"SMITH"},{"data":"Recycle","floor":15,"key":"SMITH"},{"floor":23,"key":"REST"},{"data":"Buffer","floor":25,"key":"SMITH"},{"data":"Coolheaded","floor":30,"key":"SMITH"},{"floor":32,"key":"REST"},{"floor":41,"key":"REST"}],"circlet_count":0,"master_deck":["AscendersBane","Defend_B","Defend_B","Defend_B","Defend_B","Zap","Dualcast","Gash","Go for the Eyes","Buffer+1","Cold Snap","Ball Lightning","Loop+1","Coolheaded+1","Recycle+1","Compile Driver","Buffer+1","Gash+1","Compile Driver","Gash","Conserve Battery","Darkness","Glacier","Self Repair+1","Fusion+1","Coolheaded","Buffer","Steam+1","Scrape","FTL","Gash","FTL+1","Loop","Machine Learning"],"relics":["FrozenCore","NeowsBlessing","Meat on the Bone","Happy Flower","Regal Pillow","Nuclear Battery","Bag of Preparation","DataDisk","Mercury Hourglass","Dream Catcher","Darkstone Periapt"],"acts_visited":["Exordium","TheCity","TheBeyond"],"potions_floor_usage":[14,24,27,31,33,39,42,42,42],"damage_taken":[{"damage":0.0,"enemies":"Cultist","floor":1.0,"turns":1.0},{"damage":0.0,"enemies":"Small Slimes","floor":5.0,"turns":1.0},{"damage":0.0,"enemies":"3 Sentries","floor":6.0,"turns":1.0},{"damage":0.0,"enemies":"Jaw Worm","floor":7.0,"turns":4.0},{"damage":7.0,"enemies":"Gremlin Nob","floor":8.0,"turns":4.0},{"damage":2.0,"enemies":"Large Slime","floor":11.0,"turns":4.0},{"damage":8.0,"enemies":"3 Louse","floor":13.0,"turns":3.0},{"damage":0,"enemies":"Red Slaver","floor":14,"turns":3},{"damage":9,"enemies":"Slime Boss","floor":16,"turns":9},{"damage":31,"enemies":"2 Thieves","floor":18,"turns":4},{"damage":0,"enemies":"Shell Parasite","floor":19,"turns":5},{"damage":13,"enemies":"Gremlin Leader","floor":24,"turns":8},{"damage":33,"enemies":"Slavers","floor":27,"turns":7},{"damage":0,"enemies":"Centurion and Healer","floor":28,"turns":8},{"damage":0,"enemies":"Sentry and Sphere","floor":31,"turns":6},{"damage":25,"enemies":"Collector","floor":33,"turns":12},{"damage":11,"enemies":"Orb Walker","floor":35,"turns":7},{"damage":0,"enemies":"3 Shapes","floor":37,"turns":6},{"damage":0,"enemies":"Maw","floor":38,"turns":9},{"damage":0,"enemies":"Spire Growth","floor":39,"turns":7},{"damage":66,"enemies":"Giant Head","floor":40,"turns":11},{"damage":64,"enemies":"Reptomancer","floor":42,"turns":8}],"seed_played":"8738002010006508801","potions_obtained":[{"floor":6.0,"key":"Fire Potion"},{"floor":11.0,"key":"SteroidPotion"},{"floor":13.0,"key":"SkillPotion"},{"floor":16,"key":"DistilledChaos"},{"floor":28,"key":"Swift Potion"},{"floor":31,"key":"Explosive Potion"},{"floor":33,"key":"Ancient Potion"},{"floor":37,"key":"Block Potion"},{"floor":39,"key":"Explosive Potion"},{"floor":40,"key":"EntropicBrew"}],"is_trial":false,"path_per_floor":["M","$","?","$","M","E","M","E","T","R","M","R","M","M","R","B",null,"M","M","$","?","?","R","E","R","T","E","M","?","R","M","R","B",null,"M","$","M","M","M","E","R","E"],"character_chosen":"DEFECT","items_purchased":["Go for the Eyes","FocusPotion","Bag of Preparation","Gash","Scrape","FTL"],"campfire_rested":3,"item_purchase_floors":[2,2,20,20,36,36],"current_hp_per_floor":[64,64,64,64,64,64,64,57,57,57,55,55,47,47,47,38,63,44,44,44,44,44,71,58,58,58,37,44,44,44,54,71,56,67,66,66,71,71,71,27,63,0,0],"gold":87,"neow_bonus":"THREE_ENEMY_KILL","is_daily":false,"chose_seed":false,"campfire_upgraded":5,"win_rate":0.0,"timestamp":1608263065,"path_taken":["M","?","?","$","M","E","M","E","T","R","M","R","?","M","R","BOSS","M","M","$","?","?","R","E","R","T","E","M","?","R","M","R","BOSS","M","$","M","M","M","E","R","E"],"items_purchased_type":["Card","Potion","Relic","Card","Card","Card"],"build_version":"2020-12-13","purchased_purges":1,"victory":false,"max_hp_per_floor":[71,71,71,71,71,71,71,71,71,71,71,71,71,71,71,71,71,71,71,71,71,71,71,71,71,71,71,71,71,71,71,71,71,71,71,71,71,71,71,71,71,71,71],"relic_stats":{"Darkstone Periapt":0,"Regal Pillow":21,"Dream Catcher":2,"Happy Flower":[39],"counters":[22,126],"Bag of Preparation":[22],"obtain_stats":[{"Darkstone Periapt":40,"Regal Pillow":9,"DataDisk":24,"Dream Catcher":27,"NeowsBlessing":0,"Happy Flower":8,"Bag of Preparation":20,"Cracked Core":0,"Meat on the Bone":6,"Nuclear Battery":17,"Mercury Hourglass":26,"FrozenCore":34},{"Darkstone Periapt":21,"Regal Pillow":5,"DataDisk":12,"Dream Catcher":13,"NeowsBlessing":0,"Happy Flower":5,"Bag of Preparation":11,"Cracked Core":0,"Meat on the Bone":3,"Nuclear Battery":9,"Mercury Hourglass":12,"FrozenCore":16},{"Darkstone Periapt":118,"Regal Pillow":11,"DataDisk":47,"Dream Catcher":53,"NeowsBlessing":0,"Happy Flower":11,"Bag of Preparation":39,"Cracked Core":0,"Meat on the Bone":3,"Nuclear Battery":30,"Mercury Hourglass":47,"FrozenCore":79}],"FrozenCore":[4],"Meat on the Bone":36,"Mercury Hourglass":[342]},"card_choices":[{"not_picked":["Conserve Battery","Streamline"],"picked":"Gash","floor":1.0},{"not_picked":["Redo","Go for the Eyes"],"picked":"Buffer","floor":5.0},{"not_picked":["Skim","Rebound"],"picked":"Cold Snap","floor":6.0},{"not_picked":["Hologram","Amplify"],"picked":"Ball Lightning","floor":7.0},{"not_picked":["Storm","Go for the Eyes"],"picked":"Loop","floor":8.0},{"not_picked":["Steam Power","Storm"],"picked":"Coolheaded","floor":11.0},{"not_picked":["Hologram","Hello World"],"picked":"Recycle","floor":13.0},{"not_picked":["Rebound","Go for the Eyes"],"picked":"Compile Driver","floor":14},{"not_picked":["Biased Cognition","Rainbow"],"picked":"Buffer","floor":16},{"not_picked":["Steam","Doom and Gloom"],"picked":"Gash+1","floor":18},{"not_picked":["Genetic Algorithm","Go for the Eyes"],"picked":"Compile Driver","floor":19},{"not_picked":["Self Repair","Consume"],"picked":"Glacier","floor":24},{"not_picked":["Reboot","Skim"],"picked":"Self Repair","floor":27},{"not_picked":["Go for the Eyes","Leap","Redo"],"picked":"SKIP","floor":28},{"not_picked":["Hologram","Sweeping Beam+1"],"picked":"Fusion+1","floor":31},{"not_picked":["Force Field","Cold Snap"],"picked":"Coolheaded","floor":32},{"not_picked":["Amplify","Rainbow"],"picked":"Buffer","floor":33},{"not_picked":["Ball Lightning","Rip and Tear"],"picked":"Steam+1","floor":35},{"not_picked":["Cold Snap","Hologram","Go for the Eyes+1"],"picked":"SKIP","floor":37},{"not_picked":["Tempest","Beam Cell"],"picked":"Gash","floor":38},{"not_picked":["Melter","Recycle"],"picked":"FTL+1","floor":39},{"not_picked":["Gash","Turbo+1"],"picked":"Loop","floor":40},{"not_picked":["Sunder+1","Tempest+1"],"picked":"Machine Learning","floor":41}],"player_experience":2593782,"relics_obtained":[{"floor":6.0,"key":"Meat on the Bone"},{"floor":8.0,"key":"Happy Flower"},{"floor":9.0,"key":"Regal Pillow"},{"floor":24,"key":"DataDisk"},{"floor":26,"key":"Mercury Hourglass"},{"floor":27,"key":"Dream Catcher"},{"floor":40,"key":"Darkstone Periapt"}],"event_choices":[{"cards_removed":["Strike_B"],"damage_healed":0.0,"max_hp_gain":0.0,"max_hp_loss":0.0,"gold_gain":0.0,"event_name":"Bonfire Elementals","player_choice":"Offered Basic","floor":3.0,"gold_loss":0.0,"damage_taken":0.0},{"damage_healed":0,"gold_gain":0,"cards_transformed":["Strike_B","Strike_B"],"player_choice":"Became Test Subject","damage_taken":0,"max_hp_gain":0,"max_hp_loss":0,"event_name":"Drug Dealer","floor":21,"gold_loss":0,"cards_obtained":["Conserve Battery","Darkness"]},{"damage_healed":0,"gold_gain":0,"player_choice":"Ignored","damage_taken":0,"max_hp_gain":0,"max_hp_loss":0,"event_name":"The Mausoleum","floor":22,"gold_loss":0},{"damage_healed":0,"gold_gain":0,"player_choice":"Forge","damage_taken":0,"max_hp_gain":0,"max_hp_loss":0,"event_name":"Accursed Blacksmith","floor":29,"gold_loss":0,"cards_upgraded":["Self Repair"]}],"is_beta":false,"boss_relics":[{"not_picked":["SlaversCollar","Velvet Choker"],"picked":"Nuclear Battery"},{"not_picked":["Calling Bell","Black Star"],"picked":"FrozenCore"}],"items_purged_floors":[20],"is_endless":false,"potions_floor_spawned":[6,7,11,13,16,28,31,33,37,39,40],"killed_by":"Reptomancer","ascension_level":20}}