{"host":"o0q01dgb4z8zpo6o","time":1608271950,"event":{"mods":["BaseMod","GifTheSpireLib","Minty Spire (QoL Compilation)","Relic Stats","StSLib"],"gold_per_floor":[118,268,268,268,22,51,51,76,76,76,87,106,28,57,57,57,57],"floor_reached":16,"playtime":398,"items_purged":["Strike_B"],"score":229,"play_id":"5e500ca9-a5cd-47ef-9962-9fdbfff5745b","local_time":"20201217221230","is_ascension_mode":true,"campfire_choices":[{"data":"Loop","floor":7,"key":"SMITH"},{"data":"Coolheaded","floor":10,"key":"SMITH"},{"data":"Defragment","floor":15,"key":"SMITH"}],"circlet_count":0,"master_deck":["AscendersBane","Strike_B","Strike_B","Strike_B+1","Defend_B","Defend_B+1","Defend_B","Defend_B","Zap","Dualcast","Cold Snap","Loop+1","Coolheaded+1","Blizzard","Redo","Recycle","Coolheaded","Defragment+1","Glacier","Core Surge"],"relics":["Cracked Core","NeowsBlessing","Membership Card","Nunchaku","Odd Mushroom","Mercury Hourglass","Centennial Puzzle"],"acts_visited":["Exordium"],"potions_floor_usage":[],"damage_taken":[{"damage":0,"enemies":"Cultist","floor":1,"turns":1},{"damage":0,"enemies":"3 Sentries","floor":6,"turns":1},{"damage":0,"enemies":"The Mushroom Lair","floor":8,"turns":1},{"damage":10,"enemies":"Jaw Worm","floor":11,"turns":2},{"damage":0,"enemies":"Small Slimes","floor":12,"turns":2},{"damage":10,"enemies":"Lagavulin","floor":14,"turns":7},{"damage":19,"enemies":"Slime Boss","floor":16,"turns":3}],"seed_played":"6925288717409809933","potions_obtained":[{"floor":12,"key":"SteroidPotion"},{"floor":14,"key":"SmokeBomb"}],"is_trial":false,"path_per_floor":["M","?","?","?","$","E","R","?","T","R","M","M","$","E","R","B"],"character_chosen":"DEFECT","items_purchased":["Membership Card","Loop","Coolheaded","Defragment","Glacier"],"campfire_rested":0,"item_purchase_floors":[5,5,5,13,13],"current_hp_per_floor":[64,64,43,36,36,36,36,36,36,36,26,26,26,16,16,0,0],"gold":57,"neow_bonus":"THREE_ENEMY_KILL","is_daily":false,"chose_seed":false,"campfire_upgraded":3,"win_rate":0.0,"timestamp":1608271950,"path_taken":["M","?","?","?","$","E","R","?","T","R","?","M","?","E","R","BOSS"],"items_purchased_type":["Relic","Card","Card","Card","Card"],"build_version":"2020-12-13","purchased_purges":1,"victory":false,"max_hp_per_floor":[71,71,71,71,71,71,71,71,71,71,71,71,71,71,71,71,71],"relic_stats":{"Nunchaku":[1],"Centennial Puzzle":[0],"counters":[7,17],"obtain_stats":[{"Nunchaku":6,"Centennial Puzzle":14,"NeowsBlessing":0,"Membership Card":5,"Odd Mushroom":8,"Cracked Core":0,"Mercury Hourglass":9},{"Nunchaku":2,"Centennial Puzzle":6,"NeowsBlessing":0,"Membership Card":1,"Odd Mushroom":3,"Cracked Core":0,"Mercury Hourglass":3},{"Nunchaku":2,"Centennial Puzzle":14,"NeowsBlessing":0,"Membership Card":1,"Odd Mushroom":3,"Cracked Core":0,"Mercury Hourglass":3}],"Mercury Hourglass":[39]},"card_choices":[{"not_picked":["Rebound","Leap"],"picked":"Cold Snap","floor":1},{"not_picked":["Hologram","Cold Snap"],"picked":"Blizzard","floor":6},{"not_picked":["Stack","Reinforced Body"],"picked":"Redo","floor":8},{"not_picked":["Fusion","Ball Lightning"],"picked":"Recycle","floor":11},{"not_picked":["Conserve Battery","Storm"],"picked":"Coolheaded","floor":12},{"not_picked":["Self Repair","Ball Lightning"],"picked":"Core Surge","floor":14}],"player_experience":1004236,"relics_obtained":[{"floor":6,"key":"Nunchaku"},{"floor":8,"key":"Odd Mushroom"},{"floor":9,"key":"Mercury Hourglass"},{"floor":14,"key":"Centennial Puzzle"}],"event_choices":[{"damage_healed":0,"gold_gain":150,"player_choice":"AGREE","damage_taken":0,"max_hp_gain":0,"max_hp_loss":0,"event_name":"Liars Game","floor":2,"gold_loss":0,"cards_obtained":["Doubt"]},{"damage_healed":0,"gold_gain":0,"player_choice":"Entered Light","damage_taken":21,"max_hp_gain":0,"max_hp_loss":0,"event_name":"Shining Light","floor":3,"gold_loss":0,"cards_upgraded":["Strike_B","Defend_B"]},{"cards_removed":["Doubt"],"damage_healed":0,"gold_gain":0,"player_choice":"Card Removal","damage_taken":7,"max_hp_gain":0,"max_hp_loss":0,"event_name":"Golden Wing","floor":4,"gold_loss":0},{"damage_healed":0,"gold_gain":0,"player_choice":"Fought Mushrooms","damage_taken":0,"max_hp_gain":0,"max_hp_loss":0,"event_name":"Mushrooms","floor":8,"gold_loss":0}],"is_beta":false,"boss_relics":[],"items_purged_floors":[5],"is_endless":false,"potions_floor_spawned":[12,14],"killed_by":"Slime Boss","ascension_level":15}}