{"host":"0m7uut7ws4kj19nt","time":1608290798,"event":{"mods":["AchievementEnabler","BaseMod","Minty Spire (QoL Compilation)","Replay The Spire","StSLib","The Necromancer"],"gold_per_floor":[112,123,73,86,11,39,39,74,99,99,31,49,49,63,63,158,158,178,178,189,202,102,132,132,151,176,176,102,112,112,147,147,248,248,265,277,290,290,165,165,165,198,198,198,217,67,67,67,85,85,85,85],"floor_reached":53,"playtime":2991,"items_purged":["Defend_W","Bone_Wall","Injury","ReplayTheSpireMod:Doomed"],"score":810,"play_id":"dcc5f170-dcf8-40f5-8a6c-36e266f4d871","local_time":"20201218182638","is_ascension_mode":false,"campfire_choices":[{"data":"Blood_Is_Power","floor":7,"key":"SMITH"},{"data":"Life_Drain","floor":10,"key":"SMITH"},{"data":"Cloudkill","floor":13,"key":"SMITH"},{"data":"Life_Drain","floor":15,"key":"SMITH"},{"data":"Shade_Step","floor":27,"key":"SMITH"},{"data":"Slay_Living","floor":32,"key":"SMITH"},{"data":"Spectral_Walk","floor":40,"key":"SMITH"},{"floor":44,"key":"REST"},{"data":"Violent_Necrosis","floor":51,"key":"SMITH"}],"circlet_count":0,"master_deck":["Strike_W","Defend_W","Negative_Energy_Arrows","Life_Drain+1","Life_Drain+1","Blood_Is_Power+1","Cloudkill+1","Plague_Bolt","Blood_Shield+1","Grasp_Heart+1","Toxic_Smoke_Screen+1","Toxic_Smoke_Screen+1","Shade_Step+1","Epidemic","Slay_Living+1","Blood_Wake","CommonCold","Summon_Undead+1","Spectral_Walk+1","Blood_Shield+1","Violent_Necrosis+1"],"relics":["Vampire_Amulet","Bag of Preparation","Simple Rune","Pen Nib","Astrolabe","Oddly Smooth Stone","Strawberry","Centennial Puzzle","Replay:Ancient Bell","Potion Belt","Shuriken","Lizard Tail","Juzu Bracelet","Bronze Scales"],"acts_visited":["Exordium","TheCity","TheBeyond"],"potions_floor_usage":[8,23,37,42,42,52,52],"damage_taken":[{"damage":0,"enemies":"Cultist","floor":1,"turns":4},{"damage":3,"enemies":"Small Slimes","floor":2,"turns":4},{"damage":5,"enemies":"Jaw Worm","floor":4,"turns":4},{"damage":18,"enemies":"Lagavulin","floor":6,"turns":6},{"damage":18,"enemies":"Gremlin Nob","floor":8,"turns":3},{"damage":11,"enemies":"Gremlin Gang","floor":12,"turns":3},{"damage":4,"enemies":"Red Slaver","floor":14,"turns":3},{"damage":29,"enemies":"Fading Forest","floor":16,"turns":11},{"damage":5,"enemies":"Chosen","floor":18,"turns":4},{"damage":18,"enemies":"Shell Parasite","floor":20,"turns":5},{"damage":10,"enemies":"Cultist and Chosen","floor":21,"turns":5},{"damage":16,"enemies":"Gremlin Leader","floor":23,"turns":4},{"damage":22,"enemies":"Centurion and Healer","floor":25,"turns":5},{"damage":3,"enemies":"Snecko","floor":29,"turns":3},{"damage":3,"enemies":"Book of Stabbing","floor":31,"turns":6},{"damage":5,"enemies":"Collector","floor":33,"turns":6},{"damage":7,"enemies":"Orb Walker","floor":35,"turns":3},{"damage":29,"enemies":"3 Shapes","floor":36,"turns":4},{"damage":12,"enemies":"Transient","floor":37,"turns":5},{"damage":75,"enemies":"Reptomancer","floor":42,"turns":8},{"damage":18,"enemies":"3 Darklings","floor":45,"turns":3},{"damage":14,"enemies":"Maw","floor":49,"turns":8},{"damage":44,"enemies":"Time Eater","floor":52,"turns":12}],"seed_played":"-5697870613582558347","potions_obtained":[{"floor":1,"key":"Reflective Coating"},{"floor":2,"key":"PowerPotion"},{"floor":6,"key":"Dexterity Potion"},{"floor":12,"key":"Strength Potion"},{"floor":16,"key":"PowerPotion"},{"floor":29,"key":"DuplicationPotion"},{"floor":31,"key":"Dexterity Potion"},{"floor":36,"key":"Strength Potion"},{"floor":37,"key":"Doom Potion"},{"floor":49,"key":"PowerPotion"}],"is_trial":false,"path_per_floor":["M","M","?","M","$","E","R","E","T","R","$","M","R","M","R","B",null,"M","?","M","M","$","E","T","M","T","R","$","M","?","E","R","B",null,"M","M","M","?","$","R","?","E","T","R","M","$","PTL","PTL","M","$","R","B",null],"character_chosen":"NECROMANCER","items_purchased":["Cloudkill","Epidemic"],"campfire_rested":1,"item_purchase_floors":[11,28],"current_hp_per_floor":[56,67,67,75,75,75,75,67,67,67,67,75,75,75,75,62,75,75,75,71,71,71,75,75,63,70,70,70,75,75,80,80,81,82,82,59,55,55,55,55,55,49,49,73,57,57,57,57,63,63,63,33],"gold":85,"neow_bonus":"REMOVE_TWO","is_daily":false,"chose_seed":false,"campfire_upgraded":8,"win_rate":0.0,"timestamp":1608290798,"path_taken":["M","M","?","M","$","E","R","E","T","R","$","M","R","M","R","BOSS","M","?","M","M","$","E","?","?","T","R","?","M","?","E","R","BOSS","M","M","M","?","$","R","?","E","T","R","M","$","PTL","PTL","M","$","R","BOSS"],"items_purchased_type":["Card","Card"],"build_version":"2020-12-13","purchased_purges":4,"victory":true,"max_hp_per_floor":[75,75,75,75,75,75,75,75,75,75,75,75,75,75,75,75,75,75,75,75,75,75,75,75,75,82,82,82,82,82,82,82,82,82,82,82,82,82,82,82,82,82,82,82,82,82,82,82,82,82,82,82],"card_choices":[{"not_picked":["Strike_from_Beyond","Summon_Undead_Army"],"picked":"Life_Drain","floor":1},{"not_picked":["Shackles_Of_Pain","Exploit"],"picked":"Life_Drain","floor":2},{"not_picked":["Vampiric_Strike","Negative_Energy_Shield"],"picked":"Blood_Is_Power","floor":4},{"not_picked":["Death_Coil","Negative_Energy_Sphere","Shackles_Of_Pain"],"picked":"SKIP","floor":6},{"not_picked":["Shackles_Of_Pain","Bone_Spikes","Bone_Armory"],"picked":"SKIP","floor":8},{"not_picked":["Necrotic_Claws","Negative_Energy_Shield","Blood_for_Blood"],"picked":"SKIP","floor":12},{"not_picked":["Negative_Energy_Mist","Negative_Energy_Shield"],"picked":"Plague_Bolt","floor":14},{"not_picked":["Negative_Energy_Bomb","Detonate_Bones"],"picked":"Summon_Death_Knight","floor":16},{"not_picked":["Consume_Illness","Life_Drain"],"picked":"Toxic_Smoke_Screen+1","floor":18},{"not_picked":["Blood_Whip","Negative_Energy_Javelin","Vampiric_Strike"],"picked":"SKIP","floor":20},{"not_picked":["Blood_Curse","Bone_Spikes","Exploit"],"picked":"SKIP","floor":21},{"not_picked":["Bone_Bullets","Bone_Shift"],"picked":"Spectral_Armor","floor":23},{"not_picked":["Bone_Shift","Finger_Of_Death","Spectral_Armor"],"picked":"SKIP","floor":25},{"not_picked":["Summon_Death_Knight","Deaths_Shadow","Chill_Blood"],"picked":"SKIP","floor":29},{"not_picked":["Siphon_Strength","Consume_Illness"],"picked":"Slay_Living","floor":31},{"not_picked":["Requiem","Skeleton_Dragon"],"picked":"Blood_Wake","floor":33},{"not_picked":["Replay:Hysterical Blindness","Writhe"],"picked":"ReplayTheSpireMod:Doomed","floor":34},{"not_picked":["Decay","Hallucinations"],"picked":"Injury","floor":34},{"not_picked":["AbeCurse","Hallucinations"],"picked":"CommonCold","floor":34},{"not_picked":["Bone_Bullets","Finger_Of_Death"],"picked":"Summon_Undead+1","floor":35},{"not_picked":["Chill_Blood","Flesh_Made_Foul+1"],"picked":"Spectral_Walk","floor":36},{"not_picked":["Death_Coil+1","Bone_Shift","Summon_Lich"],"picked":"SKIP","floor":37},{"not_picked":["Blood_Whip+1","Bone_Spikes+1"],"picked":"Blood_Shield+1","floor":42},{"not_picked":["Blood_Magic","Blood_Whip","Acid_Javelin+1"],"picked":"SKIP","floor":45},{"not_picked":["Whirlwind_of_Bones","Blood_Is_Power"],"picked":"Violent_Necrosis","floor":49}],"player_experience":70208,"relics_obtained":[{"floor":6,"key":"Bag of Preparation"},{"floor":8,"key":"Simple Rune"},{"floor":9,"key":"Pen Nib"},{"floor":23,"key":"Oddly Smooth Stone"},{"floor":26,"key":"Strawberry"},{"floor":31,"key":"Centennial Puzzle"},{"floor":42,"key":"Juzu Bracelet"},{"floor":43,"key":"Bronze Scales"}],"event_choices":[{"cards_removed":["Strike_W"],"damage_healed":0,"gold_gain":0,"player_choice":"Card Removal","damage_taken":0,"max_hp_gain":0,"max_hp_loss":0,"event_name":"The Cleric","floor":3,"gold_loss":50},{"damage_healed":0,"gold_gain":0,"player_choice":"Read","damage_taken":0,"max_hp_gain":0,"max_hp_loss":0,"event_name":"The Library","floor":19,"gold_loss":0,"cards_obtained":["Shade_Step"]},{"damage_healed":0,"gold_gain":0,"player_choice":"Ignored","damage_taken":0,"max_hp_gain":0,"max_hp_loss":0,"event_name":"Vampires","floor":30,"gold_loss":0},{"cards_removed":["Spectral_Armor"],"damage_healed":0,"gold_gain":0,"player_choice":"Removed Skill","damage_taken":0,"max_hp_gain":0,"max_hp_loss":0,"event_name":"Falling","floor":41,"gold_loss":0}],"is_beta":false,"boss_relics":[{"not_picked":["ReplayTheSpireMod:DimensionalGlitch","Kintsugi"],"picked":"Astrolabe"},{"not_picked":["ChewingGum","Cursed Key"],"picked":"Replay:Ancient Bell"},{"not_picked":["Anchor","ReplayTheSpireMod:Lightbulb"],"picked":"Potion Belt"},{"not_picked":["Meat on the Bone","Letter Opener"],"picked":"Shuriken"},{"not_picked":["StoneCalendar","Durian"],"picked":"Lizard Tail"}],"items_purged_floors":[5,22,39,46],"is_endless":false,"potions_floor_spawned":[1,2,6,12,16,18,29,31,33,36,37,49],"ascension_level":0}}