{"host":"svab9sudlrudptws","time":1608324715,"event":{"mods":["BaseMod","Colored Powertips","Minty Spire (QoL Compilation)","Robot Space Explorer","Shade Mod","StSLib","The Blackbeard","The Mystic","The Necromancer","The Poker Player","The Servant 0.9.4"],"gold_per_floor":[115,126,144,162,172,172,199,199,250,295,324,306,349,375,387,399,399],"floor_reached":16,"playtime":2686,"items_purged":[],"score":130,"play_id":"b3ce0167-424f-45dc-9074-19cfb8c10699","local_time":"20201218225155","is_ascension_mode":true,"campfire_choices":[{"data":"mysticmod:ShockingGrasp","floor":6.0,"key":"SMITH"},{"floor":8,"key":"REST"},{"floor":15,"key":"REST"}],"circlet_count":0,"master_deck":["mysticmod:Strike_Mystic","mysticmod:Strike_Mystic","mysticmod:Strike_Mystic","mysticmod:Strike_Mystic","mysticmod:Defend_Mystic","mysticmod:Defend_Mystic","mysticmod:Defend_Mystic","mysticmod:Defend_Mystic","mysticmod:ArcaneDodge","mysticmod:ShockingGrasp+1","mysticmod:GeminiForm","mysticmod:CureLightWounds","mysticmod:CorrosiveTouch","mysticmod:LightningBolt","mysticmod:KnowledgePool","mysticmod:PowerSlash","mysticmod:GreaterInvisibility"],"relics":["mysticmod:SpellBook","Omamori","MawBank","Gremlin Horn","Boot"],"acts_visited":["Exordium"],"potions_floor_usage":[13],"damage_taken":[{"damage":0.0,"enemies":"Small Slimes","floor":1.0,"turns":4.0},{"damage":0.0,"enemies":"Cultist","floor":2.0,"turns":4.0},{"damage":0.0,"enemies":"Jaw Worm","floor":3.0,"turns":5.0},{"damage":8.0,"enemies":"Looter","floor":4.0,"turns":4.0},{"damage":8.0,"enemies":"Gremlin Gang","floor":5.0,"turns":7.0},{"damage":20.0,"enemies":"Lagavulin","floor":7.0,"turns":8.0},{"damage":42,"enemies":"3 Sentries","floor":10,"turns":14},{"damage":0,"enemies":"2 Fungi Beasts","floor":11,"turns":4},{"damage":24,"enemies":"Lagavulin","floor":13,"turns":8},{"damage":0,"enemies":"Large Slime","floor":14,"turns":4},{"damage":5,"enemies":"Hexaghost","floor":16,"turns":7}],"seed_played":"5984853505916575126","potions_obtained":[{"floor":1.0,"key":"FearPotion"},{"floor":2.0,"key":"Fire Potion"},{"floor":3.0,"key":"FearPotion"},{"floor":12,"key":"Weak Potion"},{"floor":12,"key":"SkillPotion"},{"floor":13,"key":"Weak Potion"},{"floor":14,"key":"Energy Potion"}],"is_trial":false,"path_per_floor":["M","M","M","M","M","R","E","R","T","E","M","?","E","M","R","B"],"character_chosen":"MYSTIC_CLASS","items_purchased":[],"campfire_rested":2,"item_purchase_floors":[],"current_hp_per_floor":[56,59,62,57,52,52,35,58,58,19,22,22,1,4,27,25,25],"gold":399,"neow_bonus":"THREE_RARE_CARDS","is_daily":false,"chose_seed":false,"campfire_upgraded":1,"win_rate":0.0,"timestamp":1608324715,"path_taken":["M","M","M","M","M","R","E","R","T","E","M","?","E","M","R","BOSS"],"items_purchased_type":[],"build_version":"2020-12-13","purchased_purges":0,"victory":false,"max_hp_per_floor":[77,77,77,77,77,77,77,77,77,77,77,77,77,77,77,77,77],"card_choices":[{"not_picked":["mysticmod:KnowledgePool","mysticmod:Doublecast"],"picked":"mysticmod:GeminiForm","floor":0.0},{"not_picked":["mysticmod:PreparedCaster","mysticmod:KeenEdge"],"picked":"mysticmod:CureLightWounds","floor":1.0},{"not_picked":["mysticmod:IllusionOfCalm","mysticmod:Disengage","mysticmod:Flourish"],"picked":"SKIP","floor":2.0},{"not_picked":["mysticmod:TomeOfSpells","mysticmod:BulkUp","mysticmod:BladeMaster"],"picked":"SKIP","floor":3.0},{"not_picked":["mysticmod:IllusionOfCalm","mysticmod:AllIn","mysticmod:SpellCombat"],"picked":"SKIP","floor":4.0},{"not_picked":["mysticmod:Stoneskin","mysticmod:VorpalThrust"],"picked":"mysticmod:CorrosiveTouch","floor":5.0},{"not_picked":["mysticmod:Alacrity","mysticmod:BulkUp"],"picked":"mysticmod:LightningBolt","floor":7},{"not_picked":["mysticmod:Riposte","mysticmod:Alacrity"],"picked":"mysticmod:KnowledgePool","floor":10},{"not_picked":["mysticmod:BulkUp","mysticmod:ChargedParry"],"picked":"mysticmod:PowerSlash","floor":11},{"not_picked":["mysticmod:FiveFootStep","mysticmod:EarthenWall","mysticmod:TomeOfSpells"],"picked":"SKIP","floor":13},{"not_picked":["mysticmod:PowerSlash","mysticmod:LightningBolt"],"picked":"mysticmod:GreaterInvisibility","floor":14}],"player_experience":1601537,"relics_obtained":[{"floor":7,"key":"Omamori"},{"floor":9,"key":"MawBank"},{"floor":10,"key":"Gremlin Horn"},{"floor":13,"key":"Boot"}],"event_choices":[{"damage_healed":0,"gold_gain":0,"player_choice":"Bought 2 Potions","damage_taken":0,"max_hp_gain":0,"max_hp_loss":0,"event_name":"The Woman in Blue","floor":12,"gold_loss":0}],"is_beta":false,"boss_relics":[],"items_purged_floors":[],"is_endless":false,"potions_floor_spawned":[1,2,3,13,14],"killed_by":"Hexaghost","ascension_level":1}}