{"host":"wdiovb6uv7szux0m","time":1608270372,"event":{"mods":["BaseMod","Minty Spire (QoL Compilation)","StSLib","The Bug Knight","The Druid"],"gold_per_floor":[114,126,126,146,156,187,203,237,308,308,308,324,324,17,17,120,170,181,181,27,46,65,65,65,83,83,137,154,173,173,69,69,167,167,180,180,180,26,376,376,376,271,271,271,122,138,138,156,156,156,156],"floor_reached":50,"playtime":2659,"items_purged":["Strike_R","Defend_R"],"score":525,"play_id":"e6785090-c3aa-4580-8128-5976b06796c1","local_time":"20201217204612","is_ascension_mode":false,"campfire_choices":[{"floor":11,"key":"REST"},{"data":"Infernal Blade","floor":15,"key":"SMITH"},{"data":"Limit Break","floor":23,"key":"SMITH"},{"data":"Armaments","floor":30,"key":"SMITH"},{"data":"Infernal Blade","floor":32,"key":"SMITH"},{"floor":40,"key":"RECALL"},{"data":"Flex","floor":49,"key":"SMITH"}],"circlet_count":0,"master_deck":["Strike_R","Strike_R","Strike_R","Strike_R","Defend_R","Defend_R+1","Defend_R","Bash","Heavy Blade+1","Anger+1","Twin Strike+1","Armaments+1","Impervious","Infernal Blade+1","Dropkick+1","Flex+1","Spot Weakness","Pummel","Offering","Iron Wave","Warcry+1","Pommel Strike+1","Cleave+1","Limit Break+1","Iron Wave+1","Clash+1","Anger+1","Rampage+1","Thunderclap+1","Infernal Blade+1","Limit Break","Clothesline+1","Limit Break+1","Flex+1","Master of Strategy","Flex","Twin Strike+1"],"relics":["Burning Blood","NeowsBlessing","HornCleat","Whetstone","Sundial","Membership Card","War Paint","Tiny House","Molten Egg 2","Tiny Chest","Akabeko","Busted Crown","Mummified Hand","Sling","Old Coin","HandDrill","Bottled Flame","Vajra","ClockworkSouvenir","Eternal Feather"],"acts_visited":["Exordium","TheCity","TheBeyond"],"potions_floor_usage":[8,16,25,33,33,35,50],"damage_taken":[{"damage":0,"enemies":"Small Slimes","floor":1,"turns":1},{"damage":0,"enemies":"Cultist","floor":2,"turns":1},{"damage":0,"enemies":"Jaw Worm","floor":4,"turns":1},{"damage":6,"enemies":"Exordium Wildlife","floor":5,"turns":4},{"damage":43,"enemies":"3 Sentries","floor":6,"turns":10},{"damage":2,"enemies":"Blue Slaver","floor":7,"turns":4},{"damage":22,"enemies":"HollowMod:MossKnight","floor":8,"turns":9},{"damage":0,"enemies":"Exordium Thugs","floor":12,"turns":4},{"damage":31,"enemies":"The Guardian","floor":16,"turns":11},{"damage":6,"enemies":"Spheric Guardian","floor":18,"turns":3},{"damage":0,"enemies":"3 Byrds","floor":21,"turns":4},{"damage":0,"enemies":"Centurion and Healer","floor":22,"turns":6},{"damage":22,"enemies":"Snake Plant","floor":25,"turns":2},{"damage":3,"enemies":"Chosen and Byrds","floor":28,"turns":5},{"damage":12,"enemies":"Centurion and Healer","floor":29,"turns":5},{"damage":74,"enemies":"Automaton","floor":33,"turns":9},{"damage":3,"enemies":"3 Shapes","floor":35,"turns":2},{"damage":24,"enemies":"Mind Bloom Boss Battle","floor":39,"turns":6},{"damage":9,"enemies":"3 Darklings","floor":46,"turns":3},{"damage":13,"enemies":"Writhing Mass","floor":48,"turns":2},{"damage":90,"enemies":"Awakened One","floor":50,"turns":6}],"seed_played":"-3898317488083646915","potions_obtained":[{"floor":2,"key":"GamblersBrew"},{"floor":6,"key":"SmokeBomb"},{"floor":12,"key":"Swift Potion"},{"floor":17,"key":"SpeedPotion"},{"floor":21,"key":"SteroidPotion"},{"floor":28,"key":"BloodPotion"},{"floor":33,"key":"Block Potion"},{"floor":39,"key":"DistilledChaos"}],"is_trial":false,"path_per_floor":["M","M","?","M","M","E","M","E","T","?","R","M","T","$","R","B",null,"M","?","$","M","M","R","?","M","T","T","M","M","R","$","R","B",null,"M","?","T","$","?","R","?","$","T","?","$","M","T","M","R","B"],"character_chosen":"IRONCLAD","items_purchased":["Membership Card","Spot Weakness","War Paint","Pummel","Molten Egg 2","Pommel Strike+1","Thunderclap+1","Infernal Blade","Sling","Flex","HandDrill","Flex","Vajra","ClockworkSouvenir"],"campfire_rested":1,"item_purchase_floors":[14,14,14,14,20,20,31,31,38,38,42,42,45,45],"current_hp_per_floor":[80,80,80,80,80,43,47,31,31,31,55,61,61,61,61,36,85,85,85,85,85,85,85,85,69,69,69,72,66,66,66,66,15,85,85,85,85,85,67,67,67,67,67,67,67,64,64,57,78,0,0],"gold":156,"neow_bonus":"THREE_ENEMY_KILL","is_daily":false,"chose_seed":false,"campfire_upgraded":5,"win_rate":0.0,"timestamp":1608270372,"path_taken":["M","M","?","M","?","E","M","E","T","?","R","M","?","?","R","BOSS","M","?","$","M","M","R","?","M","T","?","M","M","R","?","R","BOSS","M","?","?","$","?","R","?","$","T","?","$","M","?","?","R","BOSS"],"items_purchased_type":["Relic","Card","Relic","Card","Relic","Card","Card","Card","Relic","Card","Relic","Card","Relic","Relic"],"build_version":"2020-12-13","purchased_purges":2,"victory":false,"max_hp_per_floor":[80,80,80,80,80,80,80,80,80,80,80,80,80,80,80,80,85,85,85,85,85,85,85,85,85,85,85,85,85,85,85,85,85,85,85,85,85,85,85,85,85,85,85,85,85,85,85,85,85,85,85],"card_choices":[{"not_picked":["True Grit","Cleave"],"picked":"Heavy Blade","floor":1},{"not_picked":["Fire Breathing","Body Slam"],"picked":"Anger","floor":2},{"not_picked":["Burning Pact","Wild Strike"],"picked":"Twin Strike","floor":4},{"not_picked":["Twin Strike","Headbutt"],"picked":"Armaments","floor":5},{"not_picked":["Heavy Blade","Headbutt"],"picked":"Impervious","floor":6},{"not_picked":["Wild Strike","Perfected Strike"],"picked":"Infernal Blade","floor":7},{"not_picked":["Anger","Headbutt"],"picked":"Dropkick","floor":8},{"not_picked":["Anger","Cleave"],"picked":"Flex","floor":12},{"not_picked":["Immolate","Berserk"],"picked":"Offering","floor":16},{"not_picked":["Fire Breathing","True Grit"],"picked":"Iron Wave","floor":17},{"not_picked":["Dual Wield","Bloodletting"],"picked":"Warcry+1","floor":18},{"not_picked":["Perfected Strike+1","Shrug It Off"],"picked":"Cleave+1","floor":21},{"not_picked":["Twin Strike+1","Cleave+1"],"picked":"Limit Break","floor":22},{"not_picked":["Body Slam+1","Shrug It Off"],"picked":"Clash+1","floor":25},{"not_picked":["Rupture+1","Hemokinesis+1"],"picked":"Anger+1","floor":28},{"not_picked":["Havoc","Evolve+1"],"picked":"Rampage+1","floor":29},{"not_picked":["Fiend Fire+1","Bludgeon+1"],"picked":"Limit Break","floor":33},{"not_picked":[],"picked":"Clothesline+1","floor":35},{"not_picked":[],"picked":"Master of Strategy","floor":41},{"not_picked":[],"picked":"Twin Strike+1","floor":46},{"not_picked":["Blood for Blood+1"],"picked":"SKIP","floor":48}],"player_experience":1493019,"relics_obtained":[{"floor":6,"key":"HornCleat"},{"floor":8,"key":"Whetstone"},{"floor":9,"key":"Sundial"},{"floor":26,"key":"Tiny Chest"},{"floor":27,"key":"Akabeko"},{"floor":37,"key":"Mummified Hand"},{"floor":39,"key":"Old Coin"},{"floor":43,"key":"Bottled Flame"},{"floor":47,"key":"Eternal Feather"}],"event_choices":[{"damage_healed":0,"gold_gain":0,"player_choice":"Forge","damage_taken":0,"max_hp_gain":0,"max_hp_loss":0,"event_name":"Accursed Blacksmith","floor":3,"gold_loss":0,"cards_upgraded":["Heavy Blade"]},{"damage_healed":0,"gold_gain":0,"player_choice":"Ignored","damage_taken":0,"max_hp_gain":0,"max_hp_loss":0,"event_name":"Liars Game","floor":10,"gold_loss":0},{"damage_healed":0,"gold_gain":0,"player_choice":"Ignored","damage_taken":0,"max_hp_gain":0,"max_hp_loss":0,"event_name":"Ghosts","floor":19,"gold_loss":0},{"damage_healed":0,"gold_gain":0,"player_choice":"Read","damage_taken":0,"max_hp_gain":0,"max_hp_loss":0,"event_name":"The Library","floor":24,"gold_loss":0,"cards_obtained":["Iron Wave"]},{"damage_healed":0,"gold_gain":0,"player_choice":"Copied","damage_taken":0,"max_hp_gain":0,"max_hp_loss":0,"event_name":"Duplicator","floor":36,"gold_loss":0,"cards_obtained":["Limit Break"]},{"damage_healed":0,"gold_gain":0,"player_choice":"Fight","damage_taken":0,"max_hp_gain":0,"max_hp_loss":0,"event_name":"MindBloom","floor":39,"gold_loss":0},{"damage_healed":0,"gold_gain":0,"player_choice":"Memory 1","damage_taken":0,"max_hp_gain":0,"max_hp_loss":0,"event_name":"SensoryStone","floor":41,"gold_loss":0},{"damage_healed":0,"gold_gain":0,"player_choice":"Ignored","damage_taken":0,"max_hp_gain":0,"max_hp_loss":0,"event_name":"Tomb of Lord Red Mask","floor":44,"gold_loss":0}],"is_beta":false,"boss_relics":[{"not_picked":["Runic Dome","Fusion Hammer"],"picked":"Tiny House"},{"not_picked":["Astrolabe","Pandora\u0027s Box"],"picked":"Busted Crown"}],"items_purged_floors":[31,38],"is_endless":false,"potions_floor_spawned":[2,6,12,21,22,28,33,39],"killed_by":"Awakened One","ascension_level":0}}