{"host":"1bqbj1s4pyvm9utn","time":1608270337,"event":{"mods":["AchievementEnabler","Aspiration","Bard","BaseMod","Beaked The Cultist","Better Altar","Better Match","Better Note","Better Sensory Stone","Better Skull","Better Third Choice","BetterRewards","CCEM","Clawfect","Colored Map","Conspire","Downfall","GifTheSpireLib","Halation","Hermit","Highlight Path","Hubris","Humility","Infinite Spire","Jedi Mod","Jorbs\u0027s Wanderer Trilogy","Mad Scientist","Marisa????????","Mimic Mod","Minty Spire (QoL Compilation)","Permanent Neow","Replay The Spire","Shade Mod","Shop Mod","Spicy Shops","StSLib","Stuff the Spire","The Bug Knight","The Construct","The Cursed","The Disciple","The Gatherer","The Hierophant","The Jungle","The Mystic","The Necromancer","The Runesmith","The Servant 0.9.4","The Spell Scribe","The Witch","Unceasing Turn Reminder","everything is the same but u backflip on backflip","slay the spire mod where everything is the same but ironclad has a cowboy hat","vexMod"],"gold_per_floor":[360,87,104,104,135,163,163,174,174,174,193,193,27,41,41,137,137,152,164,25,25,25,25,38,38,38,38,54,65,22,22,22],"floor_reached":31,"playtime":4592,"items_purged":["stsjorbsmod:Strike_Cull","Decay"],"score":260,"play_id":"3bf5d60f-33b9-402b-bf4c-81f4acbd8f78","local_time":"20201217214537","is_ascension_mode":false,"campfire_choices":[{"floor":7,"key":"REST"},{"floor":10,"key":"REST"},{"floor":15,"key":"REST"},{"floor":25,"key":"REST"},{"floor":27,"key":"REST"}],"circlet_count":0,"master_deck":["Runesmith:Strike_RS","Runesmith:Strike_RS","Runesmith:Strike_RS","Runesmith:Strike_RS","Runesmith:Defend_RS","Runesmith:Defend_RS","Runesmith:Defend_RS","Runesmith:Defend_RS","Runesmith:CraftFirestone+1","Runesmith:Fortify","Replay:GuardianBash","Runesmith:HeatExchange","Runesmith:Firestorm","Runesmith:Attraction","Runesmith:Retool","Runesmith:ChiselStab","Runesmith:Overpower","Replay:SS_forest_5","Master of Strategy+1","Runesmith:CraftProtectio","Runesmith:Grindstone","Runesmith:Duplicate","Runesmith:ChiselStab","Runesmith:Firewall","Runesmith:PoweredAnvil","Runesmith:BackupBattery+1","Runesmith:ArcReactor","stsjorbsmod:Procrastination","Runesmith:CreatorForm","expansioncontent:Collect","infinitespire:Starlight+1","Runesmith:Permafrost","Runesmith:ArcReactor","Decay","Runesmith:FieryHammer+1","Runesmith:CraftMagma+1","Runesmith:CraftObretio+1","Runesmith:LithiumIon+1"],"relics":["Runesmith:BrokenRuby","BargainBundle","vexMod:FocusSash","StuffTheSpire:Barrel","The Courier","halation:PinkSoulGem","Medical Kit","Toxic Egg 2","ReplayTheSpireMod:SealedPack","CCEMRelics:WrappedPresent","StuffTheSpire:NeowsTribute","Replay:Arrowhead"],"acts_visited":["Exordium","TheCity"],"potions_floor_usage":[6,6,11,16,19,24,28],"damage_taken":[{"damage":1,"enemies":"Cultist","floor":1,"turns":3},{"damage":9,"enemies":"2 Louse","floor":3,"turns":4},{"damage":2,"enemies":"Jaw Worm","floor":5,"turns":6},{"damage":43,"enemies":"Gremlin Nob","floor":6,"turns":6},{"damage":0,"enemies":"Jaw Worm","floor":8,"turns":3},{"damage":10,"enemies":"Exordium Wildlife","floor":11,"turns":3},{"damage":19,"enemies":"3 Louse","floor":14,"turns":3},{"damage":23,"enemies":"Hexaghost","floor":16,"turns":12},{"damage":31,"enemies":"2 Thieves","floor":18,"turns":4},{"damage":30,"enemies":"Shell Parasite","floor":19,"turns":10},{"damage":58,"enemies":"Chosen and Byrds","floor":24,"turns":8},{"damage":59,"enemies":"Shelled Parasite and Fungi","floor":28,"turns":8},{"damage":13,"enemies":"Centurion and Healer","floor":29,"turns":4},{"damage":10,"enemies":"Snake Plant","floor":31,"turns":1}],"seed_played":"-4251365275844238687","potions_obtained":[{"floor":6,"key":"Weak Potion"},{"floor":14,"key":"Explosive Potion"},{"floor":18,"key":"AttackPotion"},{"floor":24,"key":"SpeedPotion"},{"floor":28,"key":"sneckomod:MuddlingPotion"}],"is_trial":false,"path_per_floor":["M","$","M","?","MIM","E","R","M","T","R","M","?","$","M","R","B",null,"M","M","$","?","AVR","?","M","R","T","R","M","M","$","M"],"character_chosen":"RUNESMITH_CLASS","items_purchased":["BargainBundle","Runesmith:Firestorm","Runesmith:Attraction","Runesmith:Retool","Runesmith:ChiselStab","Runesmith:Overpower","Replay:SS_forest_5","Master of Strategy","Guardian:BlockOnCardUsePotion","Block Potion","jedi:hoardpotion","Runesmith:PoweredAnvil","Medical Kit","Toxic Egg 2","EssenceOfSteel","Runesmith:LithiumIon+1"],"campfire_rested":5,"item_purchase_floors":[2,2,2,2,2,2,2,2,2,2,2,13,13,13,20,30],"current_hp_per_floor":[69,69,60,46,44,1,22,22,22,43,33,33,33,22,43,28,70,62,40,40,40,50,50,15,37,37,59,23,10,10,0,0],"gold":22,"neow_bonus":"TWO_FIFTY_GOLD","is_daily":false,"chose_seed":false,"campfire_upgraded":0,"win_rate":0.0,"timestamp":1608270337,"path_taken":["M","$","?","?","?","E","R","M","T","R","M","?","?","?","R","BOSS","M","M","$","?","AVR","?","?","R","T","R","M","M","?","?"],"items_purchased_type":["Relic","Card","Card","Card","Card","Card","Card","Card","Potion","Potion","Potion","Card","Relic","Relic","Potion","Card"],"build_version":"2020-12-13","purchased_purges":2,"victory":false,"max_hp_per_floor":[70,70,70,70,70,70,70,70,70,70,70,70,70,70,70,70,70,70,70,70,70,75,75,75,75,75,75,75,75,75,75,75],"card_choices":[{"not_picked":["Runesmith:Discharge","Runesmith:RuneHurl"],"picked":"Runesmith:HeatExchange","floor":1},{"not_picked":["Runesmith:EnergizedChisel","Runesmith:HeatedChisel"],"picked":"Runesmith:CraftProtectio","floor":3},{"not_picked":["Runesmith:OneForEveryone","Runesmith:HeatExchange"],"picked":"Runesmith:Grindstone","floor":5},{"not_picked":["Runesmith:BackupBattery","Runesmith:ShiftingStrike"],"picked":"Runesmith:Duplicate","floor":6},{"not_picked":["Runesmith:HeatExchange","Runesmith:Electrocute"],"picked":"Runesmith:ChiselStab","floor":8},{"not_picked":["Runesmith:HeatedChisel","Runesmith:ShiftingStrike"],"picked":"Runesmith:Firewall","floor":11},{"not_picked":["Runesmith:Superposition","Runesmith:MakeshiftArmor+1"],"picked":"Runesmith:BackupBattery+1","floor":14},{"not_picked":["Runesmith:MetallurgicalResearch+1","Runesmith:GenerateForcefield+1"],"picked":"Runesmith:ArcReactor","floor":16},{"not_picked":["Runesmith:Supernova","Runesmith:Duplicate"],"picked":"Runesmith:CreatorForm","floor":17},{"not_picked":["Replay:BasicMightCard","jedi:forcepush"],"picked":"expansioncontent:Collect","floor":17},{"not_picked":["infinitespire:Fortify","infinitespire:Punishment"],"picked":"infinitespire:Starlight","floor":17},{"not_picked":["Runesmith:Discharge","Runesmith:CraftMagma+1"],"picked":"Runesmith:Permafrost","floor":18},{"not_picked":["Runesmith:Overpower","Runesmith:Grindstone+1","Runesmith:Duplicate+1"],"picked":"SKIP","floor":19},{"not_picked":["Runesmith:MakeshiftArmor+1","Runesmith:HammerTime"],"picked":"Runesmith:FieryHammer+1","floor":24},{"not_picked":["Runesmith:Firestorm","Runesmith:HeatExchange"],"picked":"Runesmith:CraftMagma+1","floor":28},{"not_picked":["Runesmith:EarthShield+1","Runesmith:CraftPrismatica+1"],"picked":"Runesmith:CraftObretio+1","floor":29}],"player_experience":827767,"relics_obtained":[{"floor":5,"key":"vexMod:FocusSash"},{"floor":6,"key":"StuffTheSpire:Barrel"},{"floor":9,"key":"The Courier"},{"floor":22,"key":"StuffTheSpire:NeowsTribute"},{"floor":26,"key":"Replay:Arrowhead"}],"event_choices":[{"damage_healed":60,"gold_gain":0,"player_choice":"Upgrade","damage_taken":14,"max_hp_gain":0,"max_hp_loss":70,"event_name":"betterThird:BetterShining","floor":4,"gold_loss":0,"cards_upgraded":["Runesmith:CraftFirestone","Master of Strategy"]},{"damage_healed":0,"gold_gain":0,"player_choice":"Copied","damage_taken":0,"max_hp_gain":0,"max_hp_loss":0,"event_name":"Duplicator","floor":21,"gold_loss":0,"cards_obtained":["Runesmith:ArcReactor"]},{"damage_healed":0,"gold_gain":0,"player_choice":"Cursed","damage_taken":0,"max_hp_gain":0,"max_hp_loss":0,"event_name":"Wheel of Change","floor":23,"gold_loss":0,"cards_obtained":["Decay"]}],"is_beta":false,"boss_relics":[{"not_picked":["conspire:SpecialSausage","Runesmith:PocketReactor"],"picked":"ReplayTheSpireMod:SealedPack"}],"items_purged_floors":[2,20],"is_endless":false,"potions_floor_spawned":[6,14,18,24,28],"killed_by":"Snake Plant","ascension_level":0}}