{"host":"ocs1jm56ubw01qmx","time":1608292922,"event":{"mods":["BaseMod","Minty Spire (QoL Compilation)","The Servant 0.9.4"],"gold_per_floor":[111,125,140,154,154,154,169,169,195,210,225,274,274,285,285,389,389,399,418,431,444,0,0,0,0,82,102,102,114,134,234,234,333,333,345,134,134,0,0,27,27,39,107,107,107,127,172,222,222,222],"floor_reached":51,"playtime":4991,"items_purged":["Defend_S"],"score":796,"play_id":"19b203a8-3e4d-431a-a98c-c7327c4f3f05","local_time":"20201218120202","is_ascension_mode":false,"campfire_choices":[{"data":"DualDimension","floor":6,"key":"SMITH"},{"data":"Luminosity","floor":8,"key":"SMITH"},{"data":"Spin","floor":13,"key":"SMITH"},{"data":"KidneyShot","floor":15,"key":"SMITH"},{"data":"TheWorld","floor":23,"key":"SMITH"},{"data":"Reset","floor":25,"key":"SMITH"},{"data":"GearUp","floor":28,"key":"SMITH"},{"data":"SpecialFormula","floor":32,"key":"SMITH"},{"floor":41,"key":"REST"},{"floor":44,"key":"RECALL"},{"floor":49,"key":"REST"}],"circlet_count":0,"master_deck":["Strike_S+1","Strike_S","Strike_S","Strike_S","Defend_S","Defend_S","Defend_S","Exchange","Contraction+1","BottledTime","DualDimension+1","Luminosity+1","GearUp+1","Spin+1","TheWorld+1","ShatteredReality+1","SpecialFormula+1","Reset+1","Sabotage+1","DoubleEdge+1","Defy+1","SoulSculpture+1","Panacea+1","Apotheosis+1","FastForward+1","TimeWarp+1","Enlightenment+1","Shuttle+1","Unruled+1","Collapse+1"],"relics":["Uniform","Juzu Bracelet","Akabeko","StoneMask","Membership Card","Toxic Egg 2","Molten Egg 2","Question Card","Fusion Hammer","Red Mask","PreservedInsect","Shuriken","Thread and Needle","TungstenRod"],"acts_visited":["Exordium","TheCity","TheBeyond"],"potions_floor_usage":[4,16,20,21,27,33,47,50],"damage_taken":[{"damage":2,"enemies":"2 Louse","floor":1,"turns":4},{"damage":5,"enemies":"Jaw Worm","floor":2,"turns":5},{"damage":3,"enemies":"Small Slimes","floor":3,"turns":4},{"damage":4,"enemies":"Gremlin Gang","floor":4,"turns":5},{"damage":0,"enemies":"2 Fungi Beasts","floor":7,"turns":5},{"damage":0,"enemies":"Large Slime","floor":10,"turns":8},{"damage":8,"enemies":"Exordium Thugs","floor":11,"turns":10},{"damage":0,"enemies":"2 Fungi Beasts","floor":14,"turns":1},{"damage":0,"enemies":"The Guardian","floor":16,"turns":14},{"damage":0,"enemies":"Spheric Guardian","floor":18,"turns":4},{"damage":1,"enemies":"Chosen","floor":19,"turns":7},{"damage":0,"enemies":"3 Cultists","floor":20,"turns":7},{"damage":14,"enemies":"Snecko","floor":21,"turns":7},{"damage":8,"enemies":"Snake Plant","floor":27,"turns":3},{"damage":0,"enemies":"Shelled Parasite and Fungi","floor":29,"turns":8},{"damage":0,"enemies":"Chosen and Byrds","floor":30,"turns":7},{"damage":23,"enemies":"Champ","floor":33,"turns":18},{"damage":0,"enemies":"Orb Walker","floor":35,"turns":3},{"damage":26,"enemies":"Giant Head","floor":40,"turns":12},{"damage":6,"enemies":"3 Shapes","floor":42,"turns":7},{"damage":2,"enemies":"Jaw Worm Horde","floor":46,"turns":4},{"damage":36,"enemies":"2 Orb Walkers","floor":47,"turns":4},{"damage":0,"enemies":"Mind Bloom Boss Battle","floor":48,"turns":6},{"damage":46,"enemies":"Time Eater","floor":50,"turns":15}],"seed_played":"-620567760818670250","potions_obtained":[{"floor":1,"key":"Dexterity Potion"},{"floor":3,"key":"SteroidPotion"},{"floor":11,"key":"Energy Potion"},{"floor":14,"key":"Explosive Potion"},{"floor":18,"key":"DuplicationPotion"},{"floor":19,"key":"FairyPotion"},{"floor":21,"key":"Fire Potion"},{"floor":30,"key":"DistilledChaos"},{"floor":40,"key":"Fire Potion"},{"floor":47,"key":"BlessingOfTheForge"}],"is_trial":false,"path_per_floor":["M","M","M","M","?","R","M","R","T","M","M","T","R","M","R","B",null,"M","M","M","M","$","R","?","R","T","M","R","M","M","?","R","B",null,"M","$","?","?","?","E","R","M","T","R","?","M","?","?","R","B",null],"character_chosen":"THE_SERVANT","items_purchased":["Membership Card","Toxic Egg 2","Molten Egg 2","Sabotage+1","Panacea+1","Apotheosis+1","FastForward+1","Strength Potion"],"campfire_rested":2,"item_purchase_floors":[22,22,22,22,36,36,36,36],"current_hp_per_floor":[69,64,61,57,43,43,43,43,43,43,35,35,35,35,35,35,71,72,73,76,70,70,70,70,70,70,65,65,76,82,82,82,62,83,84,84,84,84,80,57,81,84,84,84,84,87,57,77,93,58],"gold":222,"neow_bonus":"TEN_PERCENT_HP_BONUS","is_daily":false,"chose_seed":false,"campfire_upgraded":8,"win_rate":0.0,"timestamp":1608292922,"path_taken":["M","M","M","M","?","R","M","R","T","M","M","?","R","M","R","BOSS","M","M","M","M","$","R","?","R","T","M","R","M","M","?","R","BOSS","M","$","?","?","?","E","R","M","T","R","?","M","?","?","R","BOSS"],"items_purchased_type":["Relic","Relic","Relic","Card","Card","Card","Card","Potion"],"build_version":"2020-12-13","purchased_purges":1,"victory":true,"max_hp_per_floor":[71,71,71,71,71,71,71,71,71,71,71,71,71,71,71,71,71,72,73,76,77,77,77,77,77,77,78,78,80,82,82,82,83,83,84,84,84,84,80,81,81,84,84,84,84,87,89,93,93,94],"card_choices":[{"not_picked":["DoubleEdge","Rearm"],"picked":"Contraction","floor":1},{"not_picked":["Alleviate","StarChef"],"picked":"BottledTime","floor":2},{"not_picked":["Alleviate","Spin","StarChef"],"picked":"SKIP","floor":3},{"not_picked":["Rewind","Replace"],"picked":"DualDimension","floor":4},{"not_picked":["Sabotage","ReturningBlade"],"picked":"Luminosity","floor":7},{"not_picked":["Advance","Starlight"],"picked":"GearUp","floor":10},{"not_picked":["PendulumOfEternity","Replace"],"picked":"Spin","floor":11},{"not_picked":["Spin","Foresight","TimeWarp"],"picked":"SKIP","floor":14},{"not_picked":["Sunlight","FloweringNight"],"picked":"TheWorld","floor":16},{"not_picked":["Foresight","Potential"],"picked":"ShatteredReality+1","floor":18},{"not_picked":["InstantArmor","Rewind"],"picked":"SpecialFormula","floor":19},{"not_picked":["Comet","Read","ShiftingGears+1"],"picked":"SKIP","floor":20},{"not_picked":["Rearm","ShatteredReality"],"picked":"Reset","floor":21},{"not_picked":["Unruled+1","FastForward+1","Reset+1"],"picked":"DoubleEdge+1","floor":27},{"not_picked":["PendulumOfEternity+1","StarChef","Rearm+1","Rewind+1"],"picked":"SKIP","floor":29},{"not_picked":["Shuttle+1","Rewind+1","GearUp+1"],"picked":"Defy+1","floor":30},{"not_picked":["Initiator+1","TheWorld+1","LightFlow+1"],"picked":"SoulSculpture+1","floor":33},{"not_picked":["FanOfKnives+1","Defy+1","Ricochet+1","StarChef+1"],"picked":"SKIP","floor":35},{"not_picked":["ShatteredReality+1","Defy+1","Alleviate+1"],"picked":"TimeWarp+1","floor":40},{"not_picked":["Foresight+1","Rewind+1","Defy+1","TimeWarp+1"],"picked":"SKIP","floor":42},{"not_picked":["Unruled+1","SpecialFormula+1","Alleviate+1"],"picked":"Shuttle+1","floor":46},{"not_picked":["InstantArmor+1","Potential+1","ForgedInTime+1"],"picked":"Unruled+1","floor":47},{"not_picked":["FastForward+1","Replace+1","Rewind+1"],"picked":"Collapse+1","floor":48}],"player_experience":1757924,"relics_obtained":[{"floor":9,"key":"Juzu Bracelet"},{"floor":12,"key":"Akabeko"},{"floor":26,"key":"Question Card"},{"floor":40,"key":"PreservedInsect"},{"floor":43,"key":"Shuriken"},{"floor":47,"key":"Thread and Needle"},{"floor":48,"key":"TungstenRod"}],"event_choices":[{"damage_healed":0,"gold_gain":0,"player_choice":"Entered Light","damage_taken":14,"max_hp_gain":0,"max_hp_loss":0,"event_name":"Shining Light","floor":5,"gold_loss":0,"cards_upgraded":["Strike_S","Contraction"]},{"damage_healed":0,"gold_gain":0,"player_choice":"Ignored","damage_taken":0,"max_hp_gain":0,"max_hp_loss":0,"event_name":"Ghosts","floor":24,"gold_loss":0},{"damage_healed":0,"gold_gain":100,"player_choice":"Pray","damage_taken":0,"max_hp_gain":0,"max_hp_loss":0,"event_name":"Golden Shrine","floor":31,"gold_loss":0},{"cards_removed":["KidneyShot"],"damage_healed":0,"gold_gain":0,"player_choice":"Removed Attack","damage_taken":0,"max_hp_gain":0,"max_hp_loss":0,"event_name":"Falling","floor":37,"gold_loss":0},{"damage_healed":0,"gold_gain":0,"player_choice":"Paid","damage_taken":0,"relics_obtained":["Red Mask"],"max_hp_gain":0,"max_hp_loss":0,"event_name":"Tomb of Lord Red Mask","floor":38,"gold_loss":134},{"damage_healed":0,"gold_gain":0,"player_choice":"Max HP","damage_taken":0,"max_hp_gain":0,"max_hp_loss":4,"event_name":"Winding Halls","floor":39,"gold_loss":0},{"damage_healed":0,"gold_gain":0,"player_choice":"1 cards matched","damage_taken":0,"max_hp_gain":0,"max_hp_loss":0,"event_name":"Match and Keep!","floor":45,"gold_loss":0,"cards_obtained":["Enlightenment"]},{"damage_healed":0,"gold_gain":0,"player_choice":"Fight","damage_taken":0,"max_hp_gain":0,"max_hp_loss":0,"event_name":"Mysterious Sphere","floor":47,"gold_loss":0},{"damage_healed":0,"gold_gain":0,"player_choice":"Fight","damage_taken":0,"max_hp_gain":0,"max_hp_loss":0,"event_name":"MindBloom","floor":48,"gold_loss":0}],"is_beta":false,"boss_relics":[{"not_picked":["Snecko Eye","Runic Pyramid"],"picked":"StoneMask"},{"not_picked":["Runic Dome","Tiny House"],"picked":"Fusion Hammer"}],"items_purged_floors":[36],"is_endless":false,"potions_floor_spawned":[1,3,11,14,18,19,21,30,40,47],"ascension_level":0}}