{"host":"0cnf9zf1gia27zti","time":1608315200,"event":{"mods":["BaseMod","BetterRewards","Card Forge","Colored Map","Colored Powertips","Conspire","Downfall","Minty Spire (QoL Compilation)","Practice Mode","Quick Restart","Replay The Spire","Robot Space Explorer","Shade Mod","Spicy Shops","StSLib"],"gold_per_floor":[118,17,35,2,2,2,17,32,32,32,76,26,26,60,60,158,158,178,178,103,30,56,56,56,80,80,118,118,143,161,32,32,128,128,148,148,73,406,426,426,457,457,457,474,489,489,489],"floor_reached":46,"playtime":3332,"items_purged":["Sickly"],"score":864,"play_id":"f80aa305-6f70-4fe1-9b77-481c86cf33e3","local_time":"20201218181320","is_ascension_mode":true,"campfire_choices":[{"data":"Zap","floor":6,"key":"SMITH"},{"data":"Dualcast","floor":10,"key":"SMITH"},{"floor":13,"key":"REST"},{"floor":15,"key":"REST"},{"floor":23,"key":"REST"},{"floor":28,"key":"REST"},{"data":"Echo Form","floor":40,"key":"SMITH"}],"circlet_count":0,"master_deck":["AscendersBane","Strike_B","Strike_B","Strike_B","Strike_B","Defend_B","Defend_B","Defend_B","Defend_B","Zap+1","Dualcast+1","Crystallizer+1","Loop","BootSequence","Panic Button","Chill","Redo+1","Force Field","Echo Form+1","Ball Lightning","Mirror Shield","ReplayTheSpireMod:Dual Polarity","All For One","ReplayTheSpireMod:Dual Polarity","ReplayRNGCard","Barrage+1","BasicCrystalCard","Time Bomb","Time Bomb","Electrodynamics","Barrage","Auto Shields+1","Capacitor"],"relics":["Cracked Core","Hammer of Thor","Seething Fire","Anvil of the Gods","Replay:Ringing Soul","Replay:Baseball","Potion Belt","ReplayTheSpireMod:CursedCoin","Lee\u0027s Waffle","Chemical X","Solar Panel","Incense Burner","conspire:RoyalGoblet","Nloth\u0027s Gift","MealTicket","Akabeko","Gremlin Horn","Carrot","Bronze Scales","SlaversCollar","Vajra","Centennial Puzzle","Molten Egg 2","Prayer Wheel"],"acts_visited":["Exordium","TheCity","TheBeyond"],"potions_floor_usage":[11,18,33,41,45],"damage_taken":[{"damage":7,"enemies":"Small Slimes","floor":1,"turns":3},{"damage":0,"enemies":"Jaw Worm","floor":3,"turns":3},{"damage":6,"enemies":"Cultist","floor":7,"turns":4},{"damage":6,"enemies":"Lots of Slimes","floor":8,"turns":7},{"damage":27,"enemies":"Gremlin Nob","floor":11,"turns":5},{"damage":26,"enemies":"conspire:MimicChest","floor":14,"turns":12},{"damage":69,"enemies":"Hexaghost","floor":16,"turns":11},{"damage":15,"enemies":"Shell Parasite","floor":18,"turns":8},{"damage":19,"enemies":"2 Thieves","floor":20,"turns":5},{"damage":26,"enemies":"Chosen and Byrds","floor":25,"turns":7},{"damage":83,"enemies":"Book of Stabbing","floor":27,"turns":10},{"damage":0,"enemies":"Cultist and Chosen","floor":29,"turns":4},{"damage":9,"enemies":"Centurion and Healer","floor":30,"turns":5},{"damage":32,"enemies":"Automaton","floor":33,"turns":11},{"damage":18,"enemies":"3 Darklings","floor":35,"turns":3},{"damage":8,"enemies":"3 Shapes","floor":39,"turns":2},{"damage":38,"enemies":"R_Hoarder","floor":41,"turns":12},{"damage":20,"enemies":"3 Darklings","floor":44,"turns":5},{"damage":31,"enemies":"Spire Growth","floor":45,"turns":5},{"damage":43,"enemies":"Transient","floor":46,"turns":5}],"seed_played":"1219862321750230432","potions_obtained":[{"floor":8,"key":"EssenceOfSteel"},{"floor":14,"key":"SteroidPotion"},{"floor":16,"key":"BlessingOfTheForge"},{"floor":29,"key":"Flashbang"},{"floor":30,"key":"Strength Potion"},{"floor":44,"key":"Swift Potion"}],"is_trial":false,"path_per_floor":["M","$","M","$","?","R","M","M","T","R","E","?","R","?","R","B",null,"M","?","M","$","T","R","$","M","T","E","R","M","M","$","R_BF","B",null,"M","?","$","?","M","R","E","?","T","M","M","M"],"character_chosen":"DEFECT","items_purchased":["Crystallizer","Replay:Ringing Soul","Replay:Baseball","Potion Belt","ReplayTheSpireMod:CursedCoin","Loop","Lee\u0027s Waffle","Panic Button","Chemical X","Redo+1","MealTicket","Time Bomb","Bronze Scales","Vajra"],"campfire_rested":4,"item_purchase_floors":[0,0,0,0,0,0,0,2,2,4,21,31,31,37],"current_hp_per_floor":[77,80,83,86,89,89,86,80,80,80,56,56,86,67,98,32,89,83,83,67,67,67,101,114,93,93,19,55,58,52,70,108,81,119,108,108,123,123,120,120,85,71,71,56,27,0,0],"gold":489,"neow_bonus":"","is_daily":false,"chose_seed":false,"campfire_upgraded":3,"win_rate":0.0,"timestamp":1608315200,"path_taken":["M","$","M","$","?","R","M","M","T","R","E","?","R","?","R","BOSS","M","?","M","$","?","R","$","M","T","E","R","?","M","$","R_BF","BOSS","M","?","$","?","?","R","E","?","T","M","M","?"],"items_purchased_type":["Card","Relic","Relic","Relic","Relic","Card","Relic","Card","Relic","Card","Relic","Card","Relic","Relic"],"build_version":"2020-12-13","purchased_purges":1,"victory":false,"max_hp_per_floor":[84,87,90,93,96,96,99,99,99,99,102,102,102,105,105,108,108,111,111,114,114,114,114,114,117,117,120,120,123,126,129,129,132,132,135,135,135,135,138,138,141,141,141,144,144,144,144],"card_choices":[{"not_picked":["Sunder","Barrage"],"picked":"BootSequence","floor":1},{"not_picked":["Sweeping Beam","Beam Cell"],"picked":"Chill","floor":3},{"not_picked":["BasicCrystalCard","Turbo"],"picked":"Force Field","floor":7},{"not_picked":["Sunder","Go for the Eyes","Hologram"],"picked":"SKIP","floor":8},{"not_picked":["Sweeping Beam","Redo"],"picked":"Echo Form","floor":11},{"not_picked":["Cold Snap","ReplayGash"],"picked":"Ball Lightning","floor":14},{"not_picked":["Reboot","Meteor Strike"],"picked":"Mirror Shield","floor":16},{"not_picked":["Stack+1","ReplayTheSpireMod:GoodbyeWorld"],"picked":"ReplayTheSpireMod:Dual Polarity","floor":18},{"not_picked":["Beam Cell","ReplayTheSpireMod:Repulse"],"picked":"All For One","floor":20},{"not_picked":["Hologram","Steam Power"],"picked":"ReplayTheSpireMod:Dual Polarity","floor":25},{"not_picked":["Chill+1","Biased Cognition"],"picked":"ReplayRNGCard","floor":27},{"not_picked":["Stack","Redo"],"picked":"Barrage+1","floor":29},{"not_picked":["Leap","Skim"],"picked":"BasicCrystalCard","floor":30},{"not_picked":["Reboot","Meteor Strike"],"picked":"Electrodynamics","floor":33},{"not_picked":["ReplayTheSpireMod:System Scan","Stack"],"picked":"Barrage","floor":35},{"not_picked":["Undo","Hologram+1"],"picked":"Auto Shields+1","floor":39},{"not_picked":["Hologram","Streamline+1"],"picked":"ReplayTheSpireMod:Fabricate Wheel","floor":41},{"not_picked":["Rebound+1","Gash+1"],"picked":"Capacitor","floor":44},{"not_picked":["Genetic Algorithm+1","ReplayGash+1","Leap"],"picked":"SKIP","floor":45}],"player_experience":2139685,"relics_obtained":[{"floor":9,"key":"Solar Panel"},{"floor":11,"key":"Snack Pack"},{"floor":14,"key":"Incense Burner"},{"floor":22,"key":"Akabeko"},{"floor":26,"key":"Gremlin Horn"},{"floor":27,"key":"Carrot"},{"floor":41,"key":"Centennial Puzzle"},{"floor":43,"key":"Molten Egg 2"}],"event_choices":[{"damage_healed":0,"gold_gain":0,"player_choice":"Take Wound","damage_taken":0,"relics_obtained":["Golden Idol"],"max_hp_gain":0,"max_hp_loss":0,"event_name":"Golden Idol","floor":5,"gold_loss":0,"cards_obtained":["Injury"]},{"cards_removed":["Injury"],"damage_healed":0,"gold_gain":0,"player_choice":"Card Removal","damage_taken":0,"max_hp_gain":0,"max_hp_loss":0,"event_name":"The Cleric","floor":12,"gold_loss":50},{"damage_healed":0,"gold_gain":0,"player_choice":"Traded Relic","damage_taken":0,"relics_obtained":["Nloth\u0027s Gift"],"max_hp_gain":0,"max_hp_loss":0,"event_name":"N\u0027loth","floor":19,"relics_lost":["Snack Pack"],"gold_loss":0},{"damage_healed":0,"gold_gain":0,"player_choice":"Ignored","damage_taken":0,"max_hp_gain":0,"max_hp_loss":0,"event_name":"Tomb of Lord Red Mask","floor":36,"gold_loss":0},{"damage_healed":0,"gold_gain":333,"player_choice":"Gave Idol","damage_taken":0,"max_hp_gain":0,"max_hp_loss":0,"event_name":"The Moai Head","floor":38,"relics_lost":["Golden Idol"],"gold_loss":0},{"damage_healed":0,"gold_gain":0,"player_choice":"Damaged","damage_taken":14,"max_hp_gain":0,"max_hp_loss":0,"event_name":"Wheel of Change","floor":42,"gold_loss":0}],"is_beta":false,"boss_relics":[{"not_picked":["Kintsugi","Ectoplasm"],"picked":"conspire:RoyalGoblet"},{"not_picked":["Fusion Hammer","Astrolabe"],"picked":"SlaversCollar"}],"items_purged_floors":[0],"is_endless":false,"potions_floor_spawned":[8,14,16,29,30,44],"killed_by":"Transient","ascension_level":14}}