{"host":"9ndbo4kgsfoemf7y","time":1608303604,"event":{"mods":["AchievementEnabler","BaseMod","Colored Map","DeckTracker","Keyboard Shortcuts","Minty Spire (QoL Compilation)","Permanent Neow","Quick Restart","Relic Stats","StSLib","SuperFastMode"],"gold_per_floor":[38,78,111,36,93,121,121,158,158,201,246,246,284,302,302,327,327],"floor_reached":16,"playtime":478,"items_purged":["Strike_R"],"score":205,"play_id":"1342b2b8-cf3c-4084-8711-fae9dd01b8cf","local_time":"20201219000004","is_ascension_mode":true,"campfire_choices":[{"data":"HandOfGreed","floor":7.0,"key":"SMITH"},{"data":"Corruption","floor":12.0,"key":"SMITH"},{"floor":15,"key":"REST"}],"circlet_count":0,"master_deck":["AscendersBane","Strike_R","Strike_R","Strike_R","Strike_R","Defend_R","Defend_R","Defend_R","Defend_R","Bash","HandOfGreed+1","Flex","Ghostly Armor","Cleave","Evolve","Body Slam","Corruption+1","Headbutt"],"relics":["Burning Blood","WingedGreaves","Sundial"],"acts_visited":["Exordium"],"potions_floor_usage":[16],"damage_taken":[{"damage":7.0,"enemies":"Cultist","floor":1.0,"turns":4.0},{"damage":14.0,"enemies":"Jaw Worm","floor":2.0,"turns":4.0},{"damage":7.0,"enemies":"Small Slimes","floor":3.0,"turns":3.0},{"damage":3.0,"enemies":"Exordium Wildlife","floor":5.0,"turns":4.0},{"damage":26.0,"enemies":"Gremlin Nob","floor":6.0,"turns":4.0},{"damage":11.0,"enemies":"Looter","floor":8.0,"turns":4.0},{"damage":26.0,"enemies":"Exordium Thugs","floor":10.0,"turns":5.0},{"damage":1.0,"enemies":"2 Fungi Beasts","floor":11.0,"turns":3.0},{"damage":1.0,"enemies":"3 Louse","floor":13.0,"turns":4.0},{"damage":7,"enemies":"Looter","floor":14,"turns":3},{"damage":53,"enemies":"Slime Boss","floor":16,"turns":9}],"seed_played":"5826862090664966700","potions_obtained":[{"floor":1.0,"key":"PowerPotion"},{"floor":3.0,"key":"CultistPotion"},{"floor":6.0,"key":"Energy Potion"},{"floor":11.0,"key":"Energy Potion"},{"floor":14,"key":"PowerPotion"}],"is_trial":false,"path_per_floor":["M","M","M","$","M","E","R","M","T","M","M","R","M","M","R","B"],"character_chosen":"IRONCLAD","items_purchased":[],"campfire_rested":1,"item_purchase_floors":[],"current_hp_per_floor":[67,59,58,58,61,41,41,36,36,16,21,21,26,25,47,0,0],"gold":327,"neow_bonus":"RANDOM_COLORLESS_2","is_daily":false,"chose_seed":false,"campfire_upgraded":2,"win_rate":0.0,"timestamp":1608303604,"path_taken":["M","M","M","$","M","E","R","M","T","?","?","R","M","M","R","BOSS"],"items_purchased_type":[],"build_version":"2020-12-13","purchased_purges":1,"victory":false,"max_hp_per_floor":[75,75,75,75,75,75,75,75,75,75,75,75,75,75,75,75,75],"relic_stats":{"counters":[11,47],"Sundial":[2],"obtain_stats":[{"Sundial":9,"WingedGreaves":6,"Burning Blood":0},{"Sundial":6,"WingedGreaves":5,"Burning Blood":0},{"Sundial":23,"WingedGreaves":19,"Burning Blood":0}],"Burning Blood":60},"card_choices":[{"not_picked":["Metamorphosis","Mayhem"],"picked":"HandOfGreed","floor":0.0},{"not_picked":["Armaments","Havoc"],"picked":"Flex","floor":1.0},{"not_picked":["Dual Wield","Heavy Blade"],"picked":"Ghostly Armor","floor":2.0},{"not_picked":["Iron Wave","Pommel Strike"],"picked":"Cleave","floor":3.0},{"not_picked":["Cleave","Clothesline","Wild Strike"],"picked":"SKIP","floor":5.0},{"not_picked":["True Grit","Armaments","Flex"],"picked":"SKIP","floor":6.0},{"not_picked":["Twin Strike","Bloodletting"],"picked":"Evolve","floor":8.0},{"not_picked":["Rampage","True Grit"],"picked":"Body Slam","floor":10.0},{"not_picked":["Power Through","Clash"],"picked":"Corruption","floor":11.0},{"not_picked":["Heavy Blade","Havoc","Clash"],"picked":"SKIP","floor":13.0},{"not_picked":["Flex","Metallicize"],"picked":"Headbutt","floor":14}],"player_experience":698017,"relics_obtained":[{"floor":6.0,"key":"WingedGreaves"},{"floor":9.0,"key":"Sundial"}],"event_choices":[],"is_beta":false,"boss_relics":[],"items_purged_floors":[4],"is_endless":false,"potions_floor_spawned":[1,3,6,11,14],"killed_by":"Slime Boss","ascension_level":18}}