{"host":"2lrkmsuh7nz013qb","time":1608278818,"event":{"mods":["BaseMod","Colored Map","DeckTracker","Minty Spire (QoL Compilation)","SuperFastMode","everything is the same but u backflip on backflip"],"gold_per_floor":[112,124,124,124,49,49,67,67,119,141,170,193,205,232,244,335,347,379,391,240,257,3,13,13,24,24,35,35,52,52,81,81,153,153,163,173,185,145,155,155,180,197,270,281,281,307,84,84,84,84,84,84],"floor_reached":51,"playtime":2668,"items_purged":["Strike_G","Strike_G"],"score":1646,"play_id":"8b2ab330-4282-4130-9308-30ee8e734b34","local_time":"20201218170658","is_ascension_mode":true,"campfire_choices":[{"data":"Neutralize","floor":6.0,"key":"SMITH"},{"data":"Skewer","floor":8.0,"key":"SMITH"},{"data":"Blade Dance","floor":13.0,"key":"SMITH"},{"data":"Blade Dance","floor":15.0,"key":"SMITH"},{"data":"Accuracy","floor":24.0,"key":"SMITH"},{"floor":28.0,"key":"REST"},{"data":"Cloak And Dagger","floor":30.0,"key":"SMITH"},{"data":"Terror","floor":32.0,"key":"SMITH"},{"floor":40.0,"key":"REST"},{"floor":45.0,"key":"REST"},{"floor":49.0,"key":"DIG"}],"circlet_count":0,"master_deck":["AscendersBane","Strike_G","Strike_G","Defend_G","Defend_G","Defend_G","Defend_G","Survivor","Neutralize+1","Heel Hook","Skewer+1","Blade Dance+1","Escape Plan","Backflip","Blade Dance+1","After Image","Cloak And Dagger+1","Accuracy+1","Blur","Terror+1","Night Terror","Cloak And Dagger+1","Prepared+1","Acrobatics+1","Pain","Prepared+1","Concentrate+1","Accuracy"],"relics":["Ring of the Snake","Ancient Tea Set","GremlinMask","MawBank","SacredBark","Nunchaku","Bag of Preparation","InkBottle","Paper Crane","Cursed Key","The Courier","Gremlin Horn","Shovel","Pen Nib"],"acts_visited":["Exordium","TheCity","TheBeyond"],"potions_floor_usage":[50,50],"damage_taken":[{"damage":1.0,"enemies":"2 Louse","floor":1.0,"turns":4.0},{"damage":3.0,"enemies":"Jaw Worm","floor":2.0,"turns":4.0},{"damage":0.0,"enemies":"Cultist","floor":7.0,"turns":4.0},{"damage":0.0,"enemies":"Blue Slaver","floor":10.0,"turns":3.0},{"damage":2.0,"enemies":"Red Slaver","floor":11.0,"turns":3.0},{"damage":2.0,"enemies":"Large Slime","floor":12.0,"turns":6.0},{"damage":1.0,"enemies":"Lots of Slimes","floor":14.0,"turns":5.0},{"damage":17.0,"enemies":"Slime Boss","floor":16.0,"turns":8.0},{"damage":1.0,"enemies":"Chosen","floor":18.0,"turns":4.0},{"damage":0.0,"enemies":"3 Byrds","floor":21.0,"turns":6.0},{"damage":11.0,"enemies":"Shelled Parasite and Fungi","floor":23.0,"turns":4.0},{"damage":7.0,"enemies":"Centurion and Healer","floor":25.0,"turns":6.0},{"damage":11.0,"enemies":"Snake Plant","floor":27.0,"turns":2.0},{"damage":7.0,"enemies":"Snecko","floor":29.0,"turns":5.0},{"damage":0.0,"enemies":"Gremlin Leader","floor":31.0,"turns":4.0},{"damage":0.0,"enemies":"Collector","floor":33.0,"turns":4.0},{"damage":12.0,"enemies":"3 Shapes","floor":35.0,"turns":5.0},{"damage":0.0,"enemies":"Orb Walker","floor":36.0,"turns":3.0},{"damage":42.0,"enemies":"4 Shapes","floor":37.0,"turns":9.0},{"damage":6.0,"enemies":"Writhing Mass","floor":39.0,"turns":6.0},{"damage":0.0,"enemies":"Nemesis","floor":41.0,"turns":3.0},{"damage":13.0,"enemies":"Spire Growth","floor":42.0,"turns":3.0},{"damage":14.0,"enemies":"Sphere and 2 Shapes","floor":44.0,"turns":4.0},{"damage":9.0,"enemies":"Giant Head","floor":46.0,"turns":6.0},{"damage":28,"enemies":"Time Eater","floor":50,"turns":11},{"damage":34,"enemies":"Awakened One","floor":51,"turns":7}],"seed_played":"9144037482443404608","potions_obtained":[{"floor":1.0,"key":"SpeedPotion"},{"floor":2.0,"key":"FearPotion"},{"floor":16.0,"key":"Poison Potion"},{"floor":18.0,"key":"Fire Potion"},{"floor":23.0,"key":"Strength Potion"},{"floor":25.0,"key":"Explosive Potion"},{"floor":31.0,"key":"FearPotion"},{"floor":37.0,"key":"SpeedPotion"},{"floor":38.0,"key":"Fruit Juice"},{"floor":38.0,"key":"Dexterity Potion"},{"floor":38.0,"key":"DuplicationPotion"},{"floor":42.0,"key":"AttackPotion"},{"floor":44.0,"key":"BlessingOfTheForge"}],"is_trial":false,"path_per_floor":["M","M","?","?","$","R","M","R","T","M","M","M","R","M","R","B",null,"M","?","$","M","$","M","R","M","T","M","R","M","R","E","R","B",null,"M","M","M","?","M","R","E","M","T","M","R","E","$","?","R","B","B"],"character_chosen":"THE_SILENT","items_purchased":["Nunchaku","Accuracy","Bag of Preparation","Accuracy","EssenceOfSteel","PowerPotion"],"campfire_rested":3,"item_purchase_floors":[20,22,22,47,47,47],"current_hp_per_floor":[43,40,35,35,35,35,35,35,35,35,33,31,31,30,30,13,53,52,52,52,52,52,41,41,34,34,23,42,35,35,35,35,35,58,46,46,4,14,8,30,30,17,17,3,25,16,16,62,62,34,0,0],"gold":84,"neow_bonus":"REMOVE_TWO","is_daily":false,"chose_seed":false,"campfire_upgraded":7,"win_rate":0.0,"timestamp":1608278818,"path_taken":["M","M","?","?","$","R","M","R","T","M","M","?","R","M","R","BOSS","M","?","$","M","$","M","R","?","T","M","R","M","R","E","R","BOSS","M","M","M","?","M","R","E","?","T","M","R","E","$","?","R","BOSS","BOSS"],"items_purchased_type":["Relic","Card","Relic","Card","Potion","Potion"],"build_version":"2020-12-13","purchased_purges":2,"victory":false,"max_hp_per_floor":[66,66,66,66,66,66,66,66,66,66,66,66,66,66,66,66,66,66,66,66,66,66,66,66,66,66,66,66,66,66,66,66,66,66,66,66,66,76,76,76,76,76,76,76,76,76,76,62,62,62,62,62],"card_choices":[{"not_picked":["Catalyst","Tactician"],"picked":"Heel Hook","floor":1.0},{"not_picked":["Riddle With Holes","Escape Plan"],"picked":"Skewer","floor":2.0},{"not_picked":["Dagger Spray","Well Laid Plans"],"picked":"Blade Dance","floor":7.0},{"not_picked":["PiercingWail","Dodge and Roll","Deflect"],"picked":"SKIP","floor":10.0},{"not_picked":["Acrobatics","Bane"],"picked":"Escape Plan","floor":11.0},{"not_picked":["Caltrops","Dagger Throw"],"picked":"Backflip","floor":12.0},{"not_picked":["A Thousand Cuts","Outmaneuver"],"picked":"Blade Dance","floor":14.0},{"not_picked":["Malaise","Burst"],"picked":"After Image","floor":16.0},{"not_picked":["Flechettes","Leg Sweep"],"picked":"Cloak And Dagger","floor":18.0},{"not_picked":["Poisoned Stab","All Out Attack","Caltrops"],"picked":"SKIP","floor":21.0},{"not_picked":["Predator+1","Sucker Punch"],"picked":"Blur","floor":23.0},{"not_picked":["Caltrops","Backflip"],"picked":"Terror","floor":25.0},{"not_picked":["Deadly Poison","Blade Dance","Setup"],"picked":"SKIP","floor":27.0},{"not_picked":["Quick Slash+1","Infinite Blades","Deadly Poison"],"picked":"SKIP","floor":29.0},{"not_picked":["Noxious Fumes","Choke+1","Flying Knee+1"],"picked":"SKIP","floor":31.0},{"not_picked":["Wraith Form v2","Corpse Explosion"],"picked":"Night Terror","floor":33.0},{"not_picked":["Dodge and Roll","Underhanded Strike+1"],"picked":"Cloak And Dagger+1","floor":35.0},{"not_picked":["Poisoned Stab","Noxious Fumes+1"],"picked":"Prepared+1","floor":36.0},{"not_picked":["Underhanded Strike","Terror+1","Blade Dance"],"picked":"SKIP","floor":37.0},{"not_picked":["All Out Attack","Flechettes","Predator"],"picked":"SKIP","floor":39.0},{"not_picked":["Deflect","Cloak And Dagger","Endless Agony"],"picked":"SKIP","floor":41.0},{"not_picked":["Blade Dance","PiercingWail"],"picked":"Acrobatics+1","floor":42.0},{"not_picked":["Calculated Gamble","Blade Dance"],"picked":"Prepared+1","floor":44.0},{"not_picked":["Escape Plan","All Out Attack+1"],"picked":"Concentrate+1","floor":46.0}],"player_experience":676018,"relics_obtained":[{"floor":9.0,"key":"MawBank"},{"floor":26.0,"key":"InkBottle"},{"floor":31.0,"key":"Paper Crane"},{"floor":41.0,"key":"The Courier"},{"floor":43.0,"key":"Gremlin Horn"},{"floor":46.0,"key":"Shovel"},{"floor":49.0,"key":"Pen Nib"}],"event_choices":[{"damage_healed":0.0,"max_hp_gain":0.0,"max_hp_loss":0.0,"gold_gain":0.0,"event_name":"Scrap Ooze","player_choice":"Success","floor":3.0,"gold_loss":0.0,"damage_taken":5.0,"relics_obtained":["Ancient Tea Set"]},{"damage_healed":0.0,"max_hp_gain":0.0,"max_hp_loss":0.0,"gold_gain":0.0,"event_name":"FaceTrader","player_choice":"Trade","floor":4.0,"gold_loss":0.0,"damage_taken":0.0,"relics_obtained":["GremlinMask"]},{"damage_healed":0.0,"max_hp_gain":0.0,"max_hp_loss":0.0,"gold_gain":0.0,"event_name":"Match and Keep!","player_choice":"0 cards matched","floor":19.0,"gold_loss":0.0,"damage_taken":0.0,"cards_obtained":[]},{"damage_healed":0.0,"max_hp_gain":0.0,"max_hp_loss":0.0,"gold_gain":0.0,"event_name":"The Woman in Blue","player_choice":"Bought 3 Potions","floor":38.0,"gold_loss":0.0,"damage_taken":0.0},{"damage_healed":62.0,"max_hp_gain":0.0,"max_hp_loss":14.0,"gold_gain":0.0,"event_name":"The Moai Head","player_choice":"Heal","floor":48.0,"gold_loss":0.0,"damage_taken":0.0}],"is_beta":false,"boss_relics":[{"not_picked":["Coffee Dripper","Ring of the Serpent"],"picked":"SacredBark"},{"not_picked":["Tiny House","Empty Cage"],"picked":"Cursed Key"}],"items_purged_floors":[5,47],"is_endless":false,"potions_floor_spawned":[1,2,12,16,18,23,25,31,37,39,42,44],"killed_by":"Awakened One","ascension_level":20}}