{"host":"bq4pt811tk9yrmjl","time":1608331020,"event":{"mods":["AchievementEnabler","BaseMod","Colored Map","Colored Powertips","Defuse TimeMaze Blight","Minty Spire (QoL Compilation)","StSLib","SuperFastMode","UnlockEverythingMod"],"gold_per_floor":[112,124,124,124,49,77,96,96,146,146,146,146,224,224,224,324,324,335,335,335,346,366,366,379,379,379,379,390,390,66,80,80,185,185,198,198,198,218,235,235,235,246,272,14,14,29,44,44,44,44],"floor_reached":51,"playtime":1041,"items_purged":["Decay"],"score":801,"play_id":"2e880039-38cd-4e4e-b3b5-6e137de7147a","local_time":"20201218203700","is_ascension_mode":true,"campfire_choices":[{"data":"Conserve Battery","floor":8.0,"key":"SMITH"},{"data":"Zap","floor":10.0,"key":"SMITH"},{"data":"Echo Form","floor":15.0,"key":"SMITH"},{"floor":23.0,"key":"RECALL"},{"floor":25.0,"key":"REST"},{"floor":29.0,"key":"REST"},{"data":"Sunder","floor":32.0,"key":"SMITH"},{"data":"Amplify","floor":41.0,"key":"SMITH"},{"floor":45,"key":"REST"},{"floor":49,"key":"REST"}],"circlet_count":0,"master_deck":["Strike_B+1","Strike_B+1","Strike_B+1","Defend_B+1","Defend_B+1","Defend_B+1","Defend_B+1","Zap+1","Dualcast","Melter","Echo Form+1","Conserve Battery+1","Amplify+1","Sunder+1","Auto Shields+1","White Noise+1","Apotheosis+1","Loop+1","Redo+1","Lockon+1","Stack+1","Capacitor+1"],"relics":["Cracked Core","NeowsBlessing","DataDisk","Oddly Smooth Stone","Nuclear Battery","Akabeko","War Paint","SacredBark","Lantern","Mummified Hand"],"acts_visited":["Exordium","TheCity","TheBeyond"],"potions_floor_usage":[46,50,50,50],"damage_taken":[{"damage":0.0,"enemies":"Small Slimes","floor":1.0,"turns":1.0},{"damage":0.0,"enemies":"Cultist","floor":2.0,"turns":1.0},{"damage":0.0,"enemies":"3 Sentries","floor":6.0,"turns":2.0},{"damage":0.0,"enemies":"2 Louse","floor":7.0,"turns":2.0},{"damage":42.0,"enemies":"Hexaghost","floor":16.0,"turns":9.0},{"damage":19.0,"enemies":"3 Byrds","floor":18.0,"turns":7.0},{"damage":0.0,"enemies":"Chosen","floor":21.0,"turns":4.0},{"damage":4.0,"enemies":"Snecko","floor":22.0,"turns":5.0},{"damage":14.0,"enemies":"Centurion and Healer","floor":24.0,"turns":6.0},{"damage":15.0,"enemies":"Snake Plant","floor":28.0,"turns":4.0},{"damage":0.0,"enemies":"Sentry and Sphere","floor":31.0,"turns":3.0},{"damage":45.0,"enemies":"Collector","floor":33.0,"turns":9.0},{"damage":22.0,"enemies":"3 Darklings","floor":35.0,"turns":5.0},{"damage":9.0,"enemies":"3 Shapes","floor":38.0,"turns":3.0},{"damage":15.0,"enemies":"3 Darklings","floor":39.0,"turns":5.0},{"damage":29,"enemies":"Transient","floor":42,"turns":5},{"damage":31,"enemies":"Writhing Mass","floor":46,"turns":5},{"damage":14,"enemies":"Jaw Worm Horde","floor":47,"turns":6},{"damage":19,"enemies":"Donu and Deca","floor":50,"turns":10}],"seed_played":"-2153949111407316918","potions_obtained":[{"floor":6.0,"key":"GamblersBrew"},{"floor":7.0,"key":"LiquidMemories"},{"floor":18.0,"key":"Strength Potion"},{"floor":24.0,"key":"SkillPotion"},{"floor":31.0,"key":"Block Potion"},{"floor":33.0,"key":"LiquidBronze"},{"floor":46,"key":"Fruit Juice"},{"floor":47,"key":"SkillPotion"}],"is_trial":false,"path_per_floor":["M","M","$","?","$","E","M","R","T","R","?","$","?","?","R","B",null,"M","?","?","M","M","R","M","R","T","?","M","R","$","M","R","B",null,"M","?","?","M","M","?","R","M","T","$","R","M","M","$","R","B",null],"character_chosen":"DEFECT","items_purchased":["Apotheosis","War Paint","Mummified Hand"],"campfire_rested":4,"item_purchase_floors":[30,30,44],"current_hp_per_floor":[75,75,75,75,75,75,75,75,75,75,72,72,72,72,72,30,75,56,56,56,56,52,52,38,60,60,60,45,67,67,67,67,22,75,53,53,53,44,29,66,66,37,37,37,56,35,21,21,43,24],"gold":44,"neow_bonus":"THREE_ENEMY_KILL","is_daily":false,"chose_seed":false,"campfire_upgraded":5,"win_rate":0.0,"timestamp":1608331020,"path_taken":["M","M","$","?","?","E","M","R","T","R","?","$","?","?","R","BOSS","M","?","?","M","M","R","M","R","T","?","M","R","?","M","R","BOSS","M","?","?","M","?","?","R","M","T","?","R","M","M","$","R","BOSS"],"items_purchased_type":["Card","Relic","Relic"],"build_version":"2020-12-13","purchased_purges":1,"victory":true,"max_hp_per_floor":[75,75,75,75,75,75,75,75,75,75,75,75,75,75,75,75,75,75,75,75,75,75,75,75,75,75,75,75,75,75,75,75,75,75,75,75,75,75,75,66,66,66,66,66,66,76,76,76,76,76],"card_choices":[{"not_picked":["Coolheaded","Sweeping Beam","Turbo"],"picked":"SKIP","floor":1.0},{"not_picked":["Lockon","Rebound"],"picked":"Melter","floor":2.0},{"not_picked":["Darkness","Sweeping Beam"],"picked":"Echo Form","floor":6.0},{"not_picked":["Coolheaded","Gash"],"picked":"Conserve Battery","floor":7.0},{"not_picked":["Hyperbeam","Biased Cognition"],"picked":"Amplify","floor":16.0},{"not_picked":["Go for the Eyes","Redo"],"picked":"Sunder","floor":18.0},{"not_picked":["Streamline","Rebound","Turbo"],"picked":"SKIP","floor":21.0},{"not_picked":["Streamline+1","Leap"],"picked":"Auto Shields+1","floor":22.0},{"not_picked":["Reprogram+1","Compile Driver+1"],"picked":"White Noise","floor":24.0},{"not_picked":["Coolheaded","Fusion","Rebound"],"picked":"SKIP","floor":28.0},{"not_picked":["Barrage","Conserve Battery+1"],"picked":"Loop","floor":31.0},{"not_picked":["Sunder","Leap"],"picked":"Redo+1","floor":35.0},{"not_picked":["Hologram","Steam"],"picked":"Lockon+1","floor":38.0},{"not_picked":["Steam","Auto Shields+1"],"picked":"Stack+1","floor":39.0},{"not_picked":["Chaos+1","Double Energy+1","Coolheaded+1"],"picked":"SKIP","floor":42},{"not_picked":["Compile Driver","Turbo"],"picked":"Capacitor+1","floor":46},{"not_picked":["Hologram","Blizzard","Heatsinks+1"],"picked":"SKIP","floor":47}],"player_experience":77599,"relics_obtained":[{"floor":6.0,"key":"DataDisk"},{"floor":26.0,"key":"Akabeko"},{"floor":43,"key":"Lantern"}],"event_choices":[{"damage_healed":0.0,"max_hp_gain":0.0,"max_hp_loss":0.0,"gold_gain":0.0,"event_name":"Wheel of Change","player_choice":"Cursed","floor":4.0,"gold_loss":0.0,"damage_taken":0.0,"cards_obtained":["Decay"]},{"damage_healed":0.0,"max_hp_gain":0.0,"max_hp_loss":0.0,"gold_gain":0.0,"event_name":"Scrap Ooze","player_choice":"Success","floor":11.0,"gold_loss":0.0,"damage_taken":3.0,"relics_obtained":["Oddly Smooth Stone"]},{"damage_healed":0.0,"max_hp_gain":0.0,"max_hp_loss":0.0,"gold_gain":78.0,"event_name":"Golden Wing","player_choice":"Gained Gold","floor":13.0,"gold_loss":0.0,"damage_taken":0.0},{"damage_healed":0.0,"max_hp_gain":0.0,"max_hp_loss":0.0,"gold_gain":0.0,"event_name":"Liars Game","player_choice":"Ignored","floor":14.0,"gold_loss":0.0,"damage_taken":0.0},{"damage_healed":0.0,"max_hp_gain":0.0,"max_hp_loss":0.0,"gold_gain":0.0,"event_name":"Beggar","player_choice":"Ignored","floor":19.0,"gold_loss":0.0,"damage_taken":0.0},{"damage_healed":0.0,"max_hp_gain":0.0,"max_hp_loss":0.0,"gold_gain":0.0,"event_name":"Back to Basics","player_choice":"Simplicity","floor":20.0,"gold_loss":0.0,"damage_taken":0.0,"cards_upgraded":["Strike_B","Strike_B","Strike_B","Strike_B","Defend_B","Defend_B","Defend_B","Defend_B"]},{"damage_healed":0.0,"max_hp_gain":0.0,"max_hp_loss":0.0,"gold_gain":0.0,"event_name":"Vampires","player_choice":"Ignored","floor":27.0,"gold_loss":0.0,"damage_taken":0.0},{"cards_removed":["Strike_B"],"damage_healed":0.0,"max_hp_gain":0.0,"max_hp_loss":0.0,"gold_gain":0.0,"event_name":"Falling","player_choice":"Removed Attack","floor":36.0,"gold_loss":0.0,"damage_taken":0.0},{"damage_healed":0.0,"max_hp_gain":0.0,"max_hp_loss":0.0,"gold_gain":0.0,"event_name":"Upgrade Shrine","player_choice":"Upgraded","floor":37.0,"gold_loss":0.0,"damage_taken":0.0,"cards_upgraded":["Loop"]},{"damage_healed":66.0,"max_hp_gain":0.0,"max_hp_loss":9.0,"gold_gain":0.0,"event_name":"The Moai Head","player_choice":"Heal","floor":40.0,"gold_loss":0.0,"damage_taken":0.0}],"is_beta":false,"boss_relics":[{"not_picked":["Cursed Key","Fusion Hammer"],"picked":"Nuclear Battery"},{"not_picked":["Velvet Choker","Empty Cage"],"picked":"SacredBark"}],"items_purged_floors":[5],"is_endless":false,"potions_floor_spawned":[6,7,18,24,31,33,46,47],"ascension_level":1}}