{"host":"0azimyi6n3ugndj4","time":1608305156,"event":{"mods":["BaseMod","Bestiary","Conspire","Curses Come First","Defuse TimeMaze Blight","Hyrulean Relics","Infinite Spire","Minty Spire (QoL Compilation)","Relic Sorter","Relic Stats","Replay The Spire","StSLib","SuperFastMode","Uncapped","¡¼?Úª?ø«¡½REMEMod"],"gold_per_floor":[99,132,132,132,168,267,267,267,267],"floor_reached":8,"playtime":102,"items_purged":[],"score":258,"play_id":"89c2ff24-8f0a-4bd7-ab8e-a31ebef43d6f","local_time":"20201219002556","daily_mods":["Draft","Hoarder","Chimera","Shiny","Specialized","Vintage","ControlledChaos","Allstar","Diverse","Colorless Cards","Heirloom","Time Dilation","Flight","Binary","Elite Swarm","Lethality","Midas","Binary"],"is_ascension_mode":true,"campfire_choices":[],"circlet_count":0,"master_deck":["Demon Form","Wraith Form v2","Echo Form","DevaForm","AscendersBane","Bash","Survivor","Zap","Eruption","Strike_R","Strike_G","Strike_B","Defend_R","Defend_G","Defend_P","Brilliance","Devotion","Replay:AllIn","LessonLearned","Vault","Alpha","Establishment","REME_WorshipGod","Replay:LoomingThreat","DeusExMachina","Judgement","ConjureBlade","REME_EmptyShield","MasterReality","Blasphemy","Ragnarok","REME_CRH","Scrawl","Wish","Omniscience","SpiritShield","DevaForm","Hyperbeam","REME_ForAll","Machine Learning","Buffer","Mirror Shield","Seek","Echo Form","All For One","Reboot","Core Surge","Multi-Cast","Thunder Strike","Biased Cognition","REME_Shoggoth","Electrodynamics","ReplayRNGCard","ReplayTheSpireMod:Omega Cannon","Rainbow","Meteor Strike","ReplayTheSpireMod:Fabricate Wheel","Amplify","Creative AI","REME_ShadowForm","ReplayTheSpireMod:Necrosis","Corpse Explosion","Die Die Die","Atom Bomb","ReplayTheSpireMod:From All Sides","Adrenaline","Envenom","Doppelganger","Burst","Wraith Form v2","REME_SpectralBlade","Tools of the Trade","REME_CopyPotion","After Image","Poison Darts","A Thousand Cuts","Venomology","Replay:Bag of Tricks","Malaise","Phantasmal Killer","Night Terror","infinitespire:Neurotoxin","Unload","REME_GrazeFinale","Bullet Time","Storm of Steel","Glass Knife","Grand Finale","Double Tap","Demon Form","REME_ACTH","Fiend Fire","Eclipse","conspire:Purge","Berserk","Impervious","Juggernaut","Brutality","Demonic Infusion","conspire:HitWhereItHurts","Exhume","Offering","REME_Fury","Bludgeon","Feed","Replay:Many Hands","Limit Break","Corruption","Barricade","Hemogenesis","REME_TheLastStrike","Reaper","Immolate","Thinking Ahead","Metamorphosis","Master of Strategy","Magnetism","Chrysalis","Mayhem","REME_PuzzleBox","Secret Weapon","Midas Touch","ReplayTheSpireMod:Brewmster","REME_AllRoundStrike","Poisoned Strike","Sadistic Nature","Replay:Dark Deal","REME_Flogging","ReplayUltimateDefense","Transmutation","REME_BattleFury","HandOfGreed","ReplayTheSpireMod:Necrogeddon","Apotheosis","Panache","Violence","Secret Technique","The Bomb","Crow Ritual","REME_BuildACard","REME_ProfessionalPlagiarism","Lockon","Lockon","Lockon","Lockon","Lockon","Lockon","Lockon","Lockon","Lockon","Lockon","Lockon","Lockon","Lockon","Lockon","Lockon","ReplayTheSpireMod:Reroute Power","ReplayTheSpireMod:Reroute Power","ReplayTheSpireMod:Reroute Power","Shrug It Off","Shrug It Off","Shrug It Off","Wild Strike","Wild Strike","Wild Strike","Acrobatics","Acrobatics","Acrobatics","Underhanded Strike","Underhanded Strike","Underhanded Strike","BasicCrystalCard","BasicCrystalCard","BasicCrystalCard","Bane","Bane","Bane","Body Slam","Body Slam","Body Slam","Gash","Gash","Gash","Entrench","Entrench","Entrench","White Noise","White Noise","White Noise","Deflect","Deflect","Deflect","Warcry","Warcry","Warcry","Footwork","Footwork","Footwork","Quick Slash","Quick Slash","Quick Slash","Rainbow","Rainbow","Rainbow","Alpha+1","Alpha+1","Alpha+1","Berserk","Berserk","Berserk","infinitespire:Pacifist","infinitespire:Pacifist","infinitespire:Pacifist"],"relics":["Cracked Core","Frozen Eye","Busted Crown","REME_ComplimentaryCards","Durian","Question Card","Geode","zeldaRelics:CouragePiece","Ring of Hypnosis","Ring of Shattering"],"acts_visited":["Exordium"],"potions_floor_usage":[8,8],"damage_taken":[{"damage":30,"enemies":"Small Slimes","floor":2,"turns":3},{"damage":0,"enemies":"Cultist","floor":5,"turns":2},{"damage":23,"enemies":"Lagavulin","floor":6,"turns":3},{"damage":20,"enemies":"3 Sentries","floor":8,"turns":2}],"seed_played":"-7519018162921302390","potions_obtained":[{"floor":5,"key":"Strength Potion"},{"floor":6,"key":"EssenceOfSteel"}],"is_trial":true,"path_per_floor":["?","M","$","$","M","E","?","E"],"character_chosen":"DEFECT","items_purchased":[],"campfire_rested":0,"item_purchase_floors":[],"current_hp_per_floor":[69,39,39,39,39,16,16,0,0],"gold":267,"neow_bonus":"","is_daily":false,"chose_seed":false,"campfire_upgraded":0,"win_rate":0.0,"timestamp":1608305156,"path_taken":["?","M","?","$","M","E","?","E"],"items_purchased_type":[],"build_version":"2020-12-13","purchased_purges":0,"victory":false,"max_hp_per_floor":[76,76,76,76,76,76,76,76,76],"relic_stats":{"Busted Crown":6,"counters":[4,10],"Question Card":3,"obtain_stats":[{"Frozen Eye":0,"Busted Crown":0,"Ring of Hypnosis":7,"Ring of Shattering":7,"Durian":0,"Geode":5,"zeldaRelics:CouragePiece":6,"Cracked Core":0,"Question Card":2,"REME_ComplimentaryCards":0},{"Frozen Eye":0,"Busted Crown":0,"Ring of Hypnosis":3,"Ring of Shattering":3,"Durian":0,"Geode":2,"zeldaRelics:CouragePiece":3,"Cracked Core":0,"Question Card":1,"REME_ComplimentaryCards":0},{"Frozen Eye":0,"Busted Crown":0,"Ring of Hypnosis":8,"Ring of Shattering":8,"Durian":0,"Geode":5,"zeldaRelics:CouragePiece":8,"Cracked Core":0,"Question Card":3,"REME_ComplimentaryCards":0}]},"card_choices":[{"not_picked":["Underhanded Strike","Beam Cell"],"picked":"ReplayTheSpireMod:Reroute Power","floor":0},{"not_picked":["Wild Strike","Acrobatics"],"picked":"Shrug It Off","floor":0},{"not_picked":["ReplayTheSpireMod:Muscle Training","Cold Snap"],"picked":"Wild Strike","floor":0},{"not_picked":["FlurryOfBlows","Consecrate"],"picked":"Acrobatics","floor":0},{"not_picked":["Indignation","ReplayTheSpireMod:Trickstab"],"picked":"Underhanded Strike","floor":0},{"not_picked":["Panic Button","ReplayTheSpireMod:The Works"],"picked":"BasicCrystalCard","floor":0},{"not_picked":["Sweeping Beam","Replay:BasicMightCard"],"picked":"Bane","floor":0},{"not_picked":["Rip and Tear","Crippling Poison"],"picked":"Body Slam","floor":0},{"not_picked":["Heavy Blade","Replay:Hum"],"picked":"Gash","floor":0},{"not_picked":["Infinite Blades","Compile Driver"],"picked":"Entrench","floor":0},{"not_picked":["PathToVictory","Clothesline"],"picked":"White Noise","floor":0},{"not_picked":["FlurryOfBlows","PathToVictory"],"picked":"Deflect","floor":0},{"not_picked":["ReplaySolidLightProjector","Steam"],"picked":"Warcry","floor":0},{"not_picked":["Havoc","ReplayTheSpireMod:Trickstab"],"picked":"Footwork","floor":0},{"not_picked":["Riddle With Holes","Beam Cell"],"picked":"Quick Slash","floor":0},{"not_picked":[],"picked":"Berserk","floor":6}],"player_experience":1464550,"relics_obtained":[{"floor":2,"key":"Question Card"},{"floor":5,"key":"Geode"},{"floor":6,"key":"zeldaRelics:CouragePiece"},{"floor":7,"key":"Ring of Hypnosis"},{"floor":7,"key":"Ring of Shattering"}],"event_choices":[],"is_beta":false,"boss_relics":[],"items_purged_floors":[],"is_endless":false,"potions_floor_spawned":[5,6],"killed_by":"3 Sentries","ascension_level":20}}