{"host":"nox","time":1608307097,"event":{"mods":["Aspiration","BaseMod","Better Third Choice","Colored Powertips","Conspire","Hubris","Infinite Spire","Minty Spire (QoL Compilation)","Quick Restart","Rare Cards Sparkle","Replay The Spire","Shop Mod","Spikes Relics","StSLib","SuperFastMode","The Alterego","vexMod"],"gold_per_floor":[116,116,132,150,167,194,16,70,96,151,151,206,318,362,362,483,533,569,569,569,585,585,585,617,657,730,761,761,761],"floor_reached":28,"playtime":1266,"items_purged":[],"score":456,"play_id":"722734fb-6fc9-484a-a162-e25fe175ecda","local_time":"20201218225817","is_ascension_mode":true,"campfire_choices":[{"data":"HandOfGreed","floor":11.0,"key":"SMITH"},{"data":"conspire:Charge","floor":15.0,"key":"SMITH"},{"floor":23.0,"key":"RECALL"}],"circlet_count":0,"master_deck":["conspire:GhostlyStrike","conspire:GhostlyStrike","conspire:GhostlyStrike","conspire:GhostlyStrike","conspire:GhostlyStrike","conspire:GhostlyDefend","conspire:GhostlyDefend","conspire:GhostlyDefend","conspire:GhostlyDefend","Bash","Shrug It Off","Iron Wave","Shrug It Off","HandOfGreed+1","conspire:Charge+1","Dual Wield","Double Tap+1","Brutality"],"relics":["Burning Blood","aspiration:Nostalgia","Sizzling Blood","Tiny Chest","PreservedInsect","Smiling Mask","hubris:FunFungus","Tiny House","Pantograph","vexMod:HeadHunter","aspiration:TomeofQuesting","Replay:Bottled Flurry"],"acts_visited":["Exordium","TheCity"],"potions_floor_usage":[],"damage_taken":[{"damage":6.0,"enemies":"conspire:RoseBush","floor":1.0,"turns":5.0},{"damage":7.0,"enemies":"Jaw Worm","floor":3.0,"turns":3.0},{"damage":8.0,"enemies":"Cultist","floor":4.0,"turns":4.0},{"damage":16.0,"enemies":"Blue Slaver","floor":5.0,"turns":3.0},{"damage":15.0,"enemies":"Gremlin Nob","floor":6.0,"turns":4.0},{"damage":15.0,"enemies":"Large Slime","floor":8.0,"turns":7.0},{"damage":29.0,"enemies":"Replay:BlueRogue","floor":10.0,"turns":5.0},{"damage":30.0,"enemies":"Lagavulin","floor":12.0,"turns":5.0},{"damage":37.0,"enemies":"Lots of Slimes","floor":13.0,"turns":7.0},{"damage":6.0,"enemies":"Looter","floor":14.0,"turns":3.0},{"damage":53.0,"enemies":"The Guardian","floor":16.0,"turns":8.0},{"damage":16.0,"enemies":"Shell Parasite","floor":18.0,"turns":7.0},{"damage":36.0,"enemies":"Spheric Guardian","floor":21.0,"turns":5.0},{"damage":32.0,"enemies":"Replay:Snechameleon","floor":24.0,"turns":6.0},{"damage":18.0,"enemies":"Centurion and Healer","floor":25.0,"turns":15.0},{"damage":17.0,"enemies":"Book of Stabbing","floor":27.0,"turns":4.0},{"damage":37,"enemies":"Snecko","floor":28,"turns":3}],"seed_played":"-817574055143246763","potions_obtained":[{"floor":3.0,"key":"Fruit Juice"},{"floor":4.0,"key":"LiquidMemories"},{"floor":10.0,"key":"Toxic Potion"},{"floor":12.0,"key":"FairyPotion"},{"floor":14.0,"key":"HeartOfIron"},{"floor":17.0,"key":"DistilledChaos"},{"floor":21.0,"key":"Adrenaline Potion"}],"is_trial":false,"path_per_floor":["M","?","M","M","M","E","$","M","T","E","R","E","M","M","R","B",null,"M","?","T","M","AVR","R","E","M","T","E","M"],"character_chosen":"IRONCLAD","items_purchased":["HandOfGreed"],"campfire_rested":0,"item_purchase_floors":[7],"current_hp_per_floor":[80,80,88,89,83,78,78,73,73,54,54,34,58,62,62,20,77,73,73,73,52,52,52,32,39,39,33,0,0],"gold":761,"neow_bonus":"NOSTALGIA","is_daily":false,"chose_seed":false,"campfire_upgraded":2,"win_rate":0.0,"timestamp":1608307097,"path_taken":["M","?","M","M","M","E","?","?","T","E","R","E","M","M","R","BOSS","M","?","?","M","AVR","R","E","M","T","E","M"],"items_purchased_type":["Card"],"build_version":"2020-11-17","purchased_purges":0,"victory":false,"max_hp_per_floor":[84,84,89,89,89,89,89,89,89,89,89,89,89,89,89,89,94,94,94,94,94,94,94,94,94,94,94,94,94],"card_choices":[{"not_picked":["hubris:ReadiedAction","Anger"],"picked":"Sword Boomerang","floor":1.0},{"not_picked":["Replay:Undeath\u0027s Touch","Brutality"],"picked":"Shrug It Off","floor":3.0},{"not_picked":["Havoc","Clash"],"picked":"Iron Wave","floor":4.0},{"not_picked":["ReplayTheSpireMod:Strike From Hell","Combust"],"picked":"Shrug It Off","floor":5.0},{"not_picked":["ReplayReversal","Exhume","Shockwave"],"picked":"SKIP","floor":6.0},{"not_picked":["ReplayTheSpireMod:Stacked","Body Slam","Infernal Blade"],"picked":"SKIP","floor":8.0},{"not_picked":["Warcry","Sentinel","Headbutt"],"picked":"SKIP","floor":10.0},{"not_picked":["Sword Boomerang","conspire:Charge","Burning Pact"],"picked":"SKIP","floor":12.0},{"not_picked":["Sword Boomerang","Burning Pact"],"picked":"conspire:Charge","floor":12.0},{"not_picked":["Uppercut","Twin Strike","Searing Blow"],"picked":"SKIP","floor":13.0},{"not_picked":["Clash","Searing Blow"],"picked":"Dual Wield","floor":14.0},{"not_picked":["Brutality","Berserk"],"picked":"Double Tap","floor":16.0},{"not_picked":["infinitespire:OneForAll","Sword Boomerang+1","conspire:ExplosiveBarrier+1"],"picked":"SKIP","floor":18.0},{"not_picked":["Heavy Blade+1","Thunderclap","Havoc"],"picked":"SKIP","floor":21.0},{"not_picked":["Fiend Fire","Feed","Immolate"],"picked":"SKIP","floor":24.0},{"not_picked":["Sever Soul","Headbutt","Thunderclap+1"],"picked":"SKIP","floor":24.0},{"not_picked":["Fiend Fire","Feed","Immolate"],"picked":"SKIP","floor":24.0},{"not_picked":["Sever Soul","Headbutt","Thunderclap+1"],"picked":"SKIP","floor":24.0},{"not_picked":["Flex","Sword Boomerang","Cleave"],"picked":"SKIP","floor":25.0},{"not_picked":["Demon Form","Bludgeon"],"picked":"Brutality","floor":27.0},{"not_picked":["ReplayTheSpireMod:Strike From Hell+1","hubris:SharpeningStone+1","Bludgeon"],"picked":"SKIP","floor":27.0},{"not_picked":["ReplayTheSpireMod:Strike From Hell+1","hubris:SharpeningStone+1","Bludgeon"],"picked":"SKIP","floor":27.0}],"player_experience":183111,"relics_obtained":[{"floor":6.0,"key":"Tiny Chest"},{"floor":9.0,"key":"PreservedInsect"},{"floor":10.0,"key":"Smiling Mask"},{"floor":12.0,"key":"hubris:FunFungus"},{"floor":20.0,"key":"Pantograph"},{"floor":24.0,"key":"aspiration:TomeofQuesting"},{"floor":27.0,"key":"Replay:Bottled Flurry"}],"event_choices":[{"damage_healed":0.0,"max_hp_gain":0.0,"max_hp_loss":0.0,"gold_gain":0.0,"event_name":"conspire:LoneGhost","player_choice":"Agree","floor":2.0,"gold_loss":0.0,"damage_taken":0.0},{"cards_removed":["Sword Boomerang"],"damage_healed":0.0,"max_hp_gain":0.0,"max_hp_loss":0.0,"gold_gain":0.0,"event_name":"betterThird:BetterWriting","player_choice":"Elegance","floor":19.0,"gold_loss":0.0,"damage_taken":0.0}],"is_beta":true,"boss_relics":[{"not_picked":["ChewingGum","hubris:Stopwatch"],"picked":"Tiny House"}],"items_purged_floors":[],"is_endless":false,"potions_floor_spawned":[3,4,10,12,14,21],"killed_by":"Snecko","ascension_level":9}}