{"host":"vumwfieg2b2mnrfl","time":1608329944,"event":{"mods":["AchievementEnabler","BaseMod","Minty Spire (QoL Compilation)","Rare Cards Sparkle","Relic Stats"],"gold_per_floor":[109,122,50,64,64,98,98,118,118,83,99,129,145,145,145,246,246,262,272,291,291,291,291],"floor_reached":22,"playtime":758,"items_purged":[],"score":257,"play_id":"dc92b4d1-d85f-4e67-b392-b8ea0e62f7a1","local_time":"20201218161904","is_ascension_mode":true,"campfire_choices":[{"floor":7,"key":"REST"},{"data":"Demon Form","floor":15,"key":"SMITH"}],"circlet_count":0,"master_deck":["Strike_R","Strike_R","Strike_R","Strike_R","Strike_R","Defend_R","Defend_R","Defend_R","Defend_R","Bash","Dark Shackles","Hemokinesis","Rage","Juggernaut","Inflame","Demon Form+1","Uppercut","Metallicize","Berserk","Decay"],"relics":["Burning Blood","Blue Candle","Bottled Tornado","HornCleat","Juzu Bracelet","InkBottle","Runic Pyramid"],"acts_visited":["Exordium","TheCity"],"potions_floor_usage":[16,16,18],"damage_taken":[{"damage":3,"enemies":"2 Louse","floor":1,"turns":3},{"damage":6,"enemies":"Jaw Worm","floor":2,"turns":4},{"damage":12,"enemies":"Cultist","floor":4,"turns":4},{"damage":38,"enemies":"3 Sentries","floor":6,"turns":9},{"damage":21,"enemies":"Exordium Wildlife","floor":8,"turns":3},{"damage":15,"enemies":"Blue Slaver","floor":11,"turns":3},{"damage":14,"enemies":"Gremlin Nob","floor":12,"turns":4},{"damage":11,"enemies":"Large Slime","floor":13,"turns":4},{"damage":41,"enemies":"Slime Boss","floor":16,"turns":9},{"damage":22,"enemies":"3 Byrds","floor":18,"turns":5},{"damage":9,"enemies":"Chosen","floor":19,"turns":5},{"damage":31,"enemies":"Shelled Parasite and Fungi","floor":20,"turns":6},{"damage":27,"enemies":"Centurion and Healer","floor":22,"turns":4}],"seed_played":"1117702496405933295","potions_obtained":[{"floor":1,"key":"Dexterity Potion"},{"floor":2,"key":"Ancient Potion"},{"floor":6,"key":"ElixirPotion"},{"floor":11,"key":"BloodPotion"},{"floor":16,"key":"BlessingOfTheForge"}],"is_trial":false,"path_per_floor":["M","M","$","M","?","E","R","M","T","?","M","E","M","T","R","B",null,"M","M","M","?","M"],"character_chosen":"IRONCLAD","items_purchased":["Juggernaut"],"campfire_rested":1,"item_purchase_floors":[3],"current_hp_per_floor":[75,75,75,69,57,25,49,34,34,54,45,37,32,32,32,13,63,47,44,19,19,0,0],"gold":291,"neow_bonus":"RANDOM_COLORLESS","is_daily":false,"chose_seed":false,"campfire_upgraded":1,"win_rate":0.0,"timestamp":1608329944,"path_taken":["M","M","$","M","?","E","R","M","T","?","M","E","M","?","R","BOSS","M","M","M","?","M"],"items_purchased_type":["Card"],"build_version":"2020-12-13","purchased_purges":0,"victory":false,"max_hp_per_floor":[80,80,80,80,80,80,80,80,80,80,80,80,80,80,80,80,80,80,80,80,80,80,80],"relic_stats":{"counters":[13,63],"Blue Candle":[1],"Juzu Bracelet":0,"obtain_stats":[{"HornCleat":9,"Blue Candle":5,"Juzu Bracelet":12,"Bottled Tornado":6,"Burning Blood":0,"InkBottle":14,"Runic Pyramid":17},{"HornCleat":5,"Blue Candle":3,"Juzu Bracelet":7,"Bottled Tornado":4,"Burning Blood":0,"InkBottle":8,"Runic Pyramid":9},{"HornCleat":23,"Blue Candle":11,"Juzu Bracelet":30,"Bottled Tornado":20,"Burning Blood":0,"InkBottle":34,"Runic Pyramid":43}],"Burning Blood":72,"InkBottle":[8]},"card_choices":[{"not_picked":["Forethought","Discovery"],"picked":"Dark Shackles","floor":0},{"not_picked":["Heavy Blade","Wild Strike"],"picked":"Hemokinesis","floor":1},{"not_picked":["Anger","Twin Strike"],"picked":"Rage","floor":2},{"not_picked":["Heavy Blade","Perfected Strike","Hemokinesis"],"picked":"SKIP","floor":4},{"not_picked":["Clothesline","Headbutt","Warcry"],"picked":"SKIP","floor":6},{"not_picked":["Armaments","Warcry"],"picked":"Inflame","floor":8},{"not_picked":["Fire Breathing","Flex"],"picked":"Demon Form","floor":11},{"not_picked":["Body Slam","Cleave"],"picked":"Uppercut","floor":12},{"not_picked":["Havoc","True Grit"],"picked":"Metallicize","floor":13},{"not_picked":["Demon Form","Fiend Fire"],"picked":"Berserk","floor":16},{"not_picked":["Perfected Strike","Iron Wave","Twin Strike"],"picked":"SKIP","floor":18},{"not_picked":["Combust","Dropkick","Sever Soul+1"],"picked":"SKIP","floor":19},{"not_picked":["Warcry","Havoc","Power Through"],"picked":"SKIP","floor":20}],"player_experience":245017,"relics_obtained":[{"floor":6,"key":"Bottled Tornado"},{"floor":9,"key":"HornCleat"},{"floor":12,"key":"Juzu Bracelet"},{"floor":14,"key":"InkBottle"}],"event_choices":[{"damage_healed":0,"gold_gain":0,"player_choice":"Success","damage_taken":12,"relics_obtained":["Blue Candle"],"max_hp_gain":0,"max_hp_loss":0,"event_name":"Scrap Ooze","floor":5,"gold_loss":0},{"damage_healed":20,"gold_gain":0,"player_choice":"Healed","damage_taken":0,"max_hp_gain":0,"max_hp_loss":0,"event_name":"The Cleric","floor":10,"gold_loss":35},{"damage_healed":0,"gold_gain":0,"player_choice":"Smashed Altar","damage_taken":0,"max_hp_gain":0,"max_hp_loss":0,"event_name":"Forgotten Altar","floor":21,"gold_loss":0,"cards_obtained":["Decay"]}],"is_beta":false,"boss_relics":[{"not_picked":["Runic Cube","Ectoplasm"],"picked":"Runic Pyramid"}],"items_purged_floors":[],"is_endless":false,"potions_floor_spawned":[1,2,6,11,16],"killed_by":"Centurion and Healer","ascension_level":6}}