{"host":"8vqjvqze17j4iyaj","time":1608320410,"event":{"mods":["Act Like it!","BaseMod","Chen","Colored Powertips","Duelist Mod","Elementarium","Gensokyo","GifTheSpireLib","Infinite Spire","Jorbs\u0027s Wanderer Trilogy","Koishi","Marisa????????","Minty Spire (QoL Compilation)","Rare Cards Sparkle","Reimu??????","Remilia??????","Replay The Spire","StSLib","The Animator","The Cursed","The Forsaken","The Servant 0.9.4","Wandering Minibosses"],"gold_per_floor":[109,109,109,27,27,27,82,140,140,10,43,43,43,57,57,160,160,176,176,176,216,234,284,284,298,353,353,353],"floor_reached":27,"playtime":1920,"items_purged":["Pain"],"score":231,"play_id":"6e8566ac-9391-4d98-8d2d-bed69a29442c","local_time":"20201218124010","is_ascension_mode":false,"campfire_choices":[{"data":"theForsaken:LightRoll","floor":6,"key":"SMITH"},{"floor":12,"key":"REST"},{"floor":15,"key":"DIG"},{"data":"theForsaken:WrathOfGod","floor":24,"key":"SMITH"}],"circlet_count":0,"master_deck":["theForsaken:TheForsaken_Strike","theForsaken:TheForsaken_Strike","theForsaken:TheForsaken_Strike","theForsaken:TheForsaken_Defend+1","theForsaken:TheForsaken_Defend","theForsaken:TheForsaken_Defend","theForsaken:TheForsaken_Defend","theForsaken:Smite","theForsaken:Penitence","HandOfGreed","theForsaken:LightRoll+1","theForsaken:Riposte","theForsaken:Bolster","theForsaken:WrathOfGod+1","theForsaken:Bolster","theForsaken:Bolster","Doubt","theForsaken:WrathOfGod","theForsaken:StoreUp"],"relics":["theForsaken:JudgementScales","WarpedTongs","ReplayTheSpireMod:Shallot","Question Card","Replay:Mystery Machine","Busted Crown","Mirror","Dream Catcher"],"acts_visited":["Exordium","Elementarium:Elementarium"],"potions_floor_usage":[23,25,25],"damage_taken":[{"damage":7,"enemies":"Small Slimes","floor":1,"turns":3},{"damage":35,"enemies":"Gremlin Nob","floor":7,"turns":5},{"damage":1,"enemies":"2 Louse","floor":8,"turns":6},{"damage":0,"enemies":"Cultist","floor":11,"turns":6},{"damage":0,"enemies":"2 Fungi Beasts","floor":14,"turns":4},{"damage":13,"enemies":"Hexaghost","floor":16,"turns":17},{"damage":23,"enemies":"Elementarium:VoidCorruption","floor":18,"turns":11},{"damage":8,"enemies":"Elementarium:Cyclone","floor":21,"turns":8},{"damage":5,"enemies":"Elementarium:RubyGolem","floor":22,"turns":9},{"damage":4,"enemies":"Elementarium:WarGolem","floor":23,"turns":7},{"damage":18,"enemies":"Elementarium:Hydrostalker","floor":25,"turns":8},{"damage":6,"enemies":"Elementarium:VoidBeast","floor":27,"turns":7}],"seed_played":"-511932825377966398","potions_obtained":[{"floor":1,"key":"SkillPotion"},{"floor":7,"key":"Explosive Potion"},{"floor":21,"key":"SkillPotion"},{"floor":25,"key":"Death Potion"}],"is_trial":false,"path_per_floor":["M","?","?","$","?","R","E","M","T","$","M","R","?","M","R","B",null,"M","?","?","M","M","E","R","M","T","M"],"character_chosen":"THE_FORSAKEN","items_purchased":["theForsaken:Riposte","theForsaken:Bolster"],"campfire_rested":1,"item_purchase_floors":[4,10],"current_hp_per_floor":[59,59,59,59,59,59,27,26,26,26,26,45,45,45,45,38,65,42,31,31,29,24,20,20,2,2,0,0],"gold":353,"neow_bonus":"RANDOM_COLORLESS_2","is_daily":false,"chose_seed":false,"campfire_upgraded":2,"win_rate":0.0,"timestamp":1608320410,"path_taken":["M","?","?","$","?","R","E","M","T","$","?","R","?","M","R","BOSS","M","?","?","M","M","E","R","M","T","?"],"items_purchased_type":["Card","Card"],"build_version":"2020-12-13","purchased_purges":1,"victory":false,"max_hp_per_floor":[65,65,65,65,65,65,65,65,65,65,65,65,65,65,65,65,65,65,70,70,70,70,70,70,70,70,70,70],"card_choices":[{"not_picked":["ReplayTheSpireMod:Necrogeddon","Secret Technique"],"picked":"HandOfGreed","floor":0},{"not_picked":["theForsaken:BattleHymn","theForsaken:Parry"],"picked":"theForsaken:LightRoll","floor":1},{"not_picked":["theForsaken:SacrificeSoul","theForsaken:Temperance"],"picked":"theForsaken:Bolster","floor":7},{"not_picked":["theForsaken:QuickAttack","theForsaken:ShieldBash"],"picked":"theForsaken:WrathOfGod","floor":8},{"not_picked":["theForsaken:CleansingLight","theForsaken:CreepingInfection","theForsaken:WordsOfPestilence","theForsaken:ChargeAttack"],"picked":"SKIP","floor":11},{"not_picked":["theForsaken:ScorchingSunlight","theForsaken:CreepingInfection","theForsaken:Preservation","theForsaken:ChargeAttack"],"picked":"SKIP","floor":14},{"not_picked":["theForsaken:Eulogy","theForsaken:Horror"],"picked":"SKIP","floor":18},{"not_picked":["theForsaken:ShieldCharge+1"],"picked":"theForsaken:StoreUp","floor":21},{"not_picked":["theForsaken:DarkBarrier+1","theForsaken:NobleSacrifice"],"picked":"SKIP","floor":22},{"not_picked":["theForsaken:SacredOath","theForsaken:LightRoll"],"picked":"SKIP","floor":23},{"not_picked":["theForsaken:HymnOfPatience","theForsaken:Preservation+1"],"picked":"SKIP","floor":25}],"player_experience":255914,"relics_obtained":[{"floor":7,"key":"ReplayTheSpireMod:Shallot"},{"floor":9,"key":"Question Card"},{"floor":15,"key":"Replay:Mystery Machine"},{"floor":23,"key":"Mirror"},{"floor":26,"key":"Dream Catcher"}],"event_choices":[{"cards_removed":["Injury"],"damage_healed":0,"gold_gain":0,"player_choice":"Forget","damage_taken":0,"max_hp_gain":0,"max_hp_loss":0,"event_name":"Living Wall","floor":3,"gold_loss":0},{"damage_healed":0,"gold_gain":0,"player_choice":"Rummage","damage_taken":0,"relics_obtained":["WarpedTongs"],"max_hp_gain":0,"max_hp_loss":0,"event_name":"Accursed Blacksmith","floor":5,"gold_loss":0,"cards_obtained":["Pain"]},{"damage_healed":0,"gold_gain":0,"player_choice":"Sacrifice","damage_taken":16,"max_hp_gain":5,"max_hp_loss":0,"event_name":"Elementarium:RadiantAltar","floor":19,"gold_loss":0},{"damage_healed":0,"gold_gain":0,"player_choice":"Embrace","damage_taken":0,"max_hp_gain":0,"max_hp_loss":0,"event_name":"Elementarium:VoidShrine","floor":20,"gold_loss":0,"cards_obtained":["Doubt","theForsaken:WrathOfGod"]}],"is_beta":false,"boss_relics":[{"not_picked":["Calling Bell","ReplayTheSpireMod:DimensionalGlitch"],"picked":"Busted Crown"}],"items_purged_floors":[10],"is_endless":false,"potions_floor_spawned":[1,7,21,25],"killed_by":"Elementarium:VoidBeast","ascension_level":0}}