{"host":"og6lam4kt3nibbw0","time":1608253966,"event":{"mods":["AchievementEnabler","BaseMod","Colored Map","DeckTracker","Highlight Path","Keyboard Shortcuts","Minty Spire (QoL Compilation)","Permanent Neow","Quick Restart","StSLib","SuperFastMode"],"gold_per_floor":[117,131,131,148,159,159,184,22,48,48,59,59,101,26,26,112,184,197,221,241,65,65,65,109,109,133,133,133,175,175,194,194,194,194],"floor_reached":33,"playtime":1599,"items_purged":["ClearTheMind","Cold Snap"],"score":636,"play_id":"61d1cd17-f8cf-47a7-a561-cb2cfc8e60e3","local_time":"20201218101246","is_ascension_mode":true,"campfire_choices":[{"data":"Darkness","floor":6,"key":"SMITH"},{"data":"Coolheaded","floor":12,"key":"SMITH"},{"floor":15,"key":"REST"},{"floor":23,"key":"REST"},{"floor":25,"key":"RECALL"},{"floor":28,"key":"REST"},{"data":"Warcry","floor":30,"key":"SMITH"},{"floor":32,"key":"REST"}],"circlet_count":0,"master_deck":["AscendersBane","Zap","Dualcast","Apotheosis+1","Leap","Darkness+1","Coolheaded+1","Streamline","Hologram","ForeignInfluence","Venomology","Recycle","Streamline","Redo","Leap","Genetic Algorithm","Thunder Strike","Backstab+1","Chill","Venomology","Warcry+1","Turbo"],"relics":["Cracked Core","PreservedInsect","PrismaticShard","Toy Ornithopter","CeramicFish","Pandora\u0027s Box","Gremlin Horn","Bag of Preparation","Lantern"],"acts_visited":["Exordium","TheCity"],"potions_floor_usage":[11,18,19,20,24,29,29,29,31,33,33,33,33,33,33],"damage_taken":[{"damage":12.0,"enemies":"Jaw Worm","floor":1.0,"turns":3.0},{"damage":1.0,"enemies":"Cultist","floor":2.0,"turns":3.0},{"damage":4.0,"enemies":"Small Slimes","floor":4.0,"turns":3.0},{"damage":7,"enemies":"Exordium Wildlife","floor":5,"turns":4},{"damage":0,"enemies":"Lagavulin","floor":7,"turns":7},{"damage":0,"enemies":"Lots of Slimes","floor":11,"turns":1},{"damage":20,"enemies":"3 Sentries","floor":13,"turns":6},{"damage":42,"enemies":"Hexaghost","floor":16,"turns":11},{"damage":9,"enemies":"2 Thieves","floor":18,"turns":4},{"damage":21,"enemies":"3 Byrds","floor":19,"turns":4},{"damage":6,"enemies":"Sentry and Sphere","floor":20,"turns":4},{"damage":20,"enemies":"Slavers","floor":24,"turns":5},{"damage":17,"enemies":"Book of Stabbing","floor":29,"turns":4},{"damage":13,"enemies":"Snecko","floor":31,"turns":5},{"damage":99,"enemies":"Collector","floor":33,"turns":9}],"seed_played":"1211353158570820447","potions_obtained":[{"floor":2.0,"key":"Ancient Potion"},{"floor":4.0,"key":"PowerPotion"},{"floor":13,"key":"Fire Potion"},{"floor":19,"key":"PowerPotion"}],"is_trial":false,"path_per_floor":["M","M","?","M","M","R","E","$","T","?","M","R","E","$","R","B",null,"M","M","M","$","?","R","E","R","T","?","R","E","R","M","R","B"],"character_chosen":"DEFECT","items_purchased":["PrismaticShard","Chill"],"campfire_rested":4,"item_purchase_floors":[8,21],"current_hp_per_floor":[52,51,51,47,40,40,40,40,40,40,45,45,25,25,44,2,49,45,29,28,28,28,47,32,32,32,32,51,49,49,41,60,0,0],"gold":194,"neow_bonus":"RANDOM_COLORLESS_2","is_daily":false,"chose_seed":false,"campfire_upgraded":3,"win_rate":0.0,"timestamp":1608253966,"path_taken":["M","M","?","M","?","R","E","?","T","?","M","R","E","?","R","BOSS","M","?","M","$","?","R","E","R","T","?","R","E","R","M","R","BOSS"],"items_purchased_type":["Relic","Card"],"build_version":"2020-12-13","purchased_purges":2,"victory":false,"max_hp_per_floor":[64,64,64,64,64,64,64,64,64,64,64,64,64,64,64,64,64,64,64,64,64,64,64,64,64,64,64,64,64,64,64,64,64,64],"card_choices":[{"not_picked":["Thinking Ahead","Secret Weapon"],"picked":"Apotheosis","floor":0.0},{"not_picked":["Barrage","Steam"],"picked":"Leap","floor":1.0},{"not_picked":["Meteor Strike","Cold Snap"],"picked":"Darkness","floor":2.0},{"not_picked":["Compile Driver","Sweeping Beam"],"picked":"Coolheaded","floor":4.0},{"not_picked":["Capacitor","Recycle"],"picked":"Streamline","floor":5},{"not_picked":["Gash","Thunder Strike"],"picked":"Hologram","floor":7},{"not_picked":["Leap","Prostrate"],"picked":"ClearTheMind","floor":11},{"not_picked":["Ghostly Armor","PathToVictory"],"picked":"ForeignInfluence","floor":13},{"not_picked":["Electrodynamics","Chrysalis"],"picked":"Venomology","floor":16},{"not_picked":["Steam","Havoc","Deflect"],"picked":"SKIP","floor":18},{"not_picked":["Deadly Poison","Swivel"],"picked":"Backstab+1","floor":19},{"not_picked":["Beam Cell","Steam Power","Coolheaded"],"picked":"SKIP","floor":20},{"not_picked":["PathToVictory","Sword Boomerang"],"picked":"Venomology","floor":24},{"not_picked":["Perfected Strike","Deflect"],"picked":"Warcry","floor":29},{"not_picked":["DeceiveReality","Consecrate"],"picked":"Turbo","floor":31}],"player_experience":787517,"relics_obtained":[{"floor":7,"key":"PreservedInsect"},{"floor":9,"key":"Toy Ornithopter"},{"floor":13,"key":"CeramicFish"},{"floor":24,"key":"Gremlin Horn"},{"floor":26,"key":"Bag of Preparation"},{"floor":29,"key":"Lantern"}],"event_choices":[{"damage_healed":0.0,"max_hp_gain":0.0,"max_hp_loss":0.0,"gold_gain":0.0,"event_name":"Upgrade Shrine","player_choice":"Upgraded","floor":3.0,"gold_loss":0.0,"damage_taken":0.0,"cards_upgraded":["Apotheosis"]},{"damage_healed":0,"gold_gain":0,"player_choice":"Ignored","damage_taken":0,"max_hp_gain":0,"max_hp_loss":0,"event_name":"Liars Game","floor":10,"gold_loss":0},{"cards_removed":["Ball Lightning"],"damage_healed":0,"gold_gain":0,"player_choice":"Elegance","damage_taken":0,"max_hp_gain":0,"max_hp_loss":0,"event_name":"Back to Basics","floor":22,"gold_loss":0},{"damage_healed":0,"gold_gain":0,"player_choice":"Ignored","damage_taken":0,"max_hp_gain":0,"max_hp_loss":0,"event_name":"Ghosts","floor":27,"gold_loss":0}],"is_beta":false,"boss_relics":[{"not_picked":["Philosopher\u0027s Stone","Busted Crown"],"picked":"Pandora\u0027s Box"}],"items_purged_floors":[14,21],"is_endless":false,"potions_floor_spawned":[2,4,7,13,19,31],"killed_by":"Collector","ascension_level":20}}