{"host":"br1k745010e75u9o","time":1608316054,"event":{"mods":["BaseMod","CCEM","Conspire","Downfall","Friendly Minions","Hermit","Hubris","Infinite Spire","Mari Mod (Legacy)","Mari\u0027s V1 Patch","Minty Spire (QoL Compilation)","Rare Cards Sparkle","Replay The Spire","StSLib","The Cursed","Yohane!"],"gold_per_floor":[110,128,142,161,38,38,63,63,63,63,77,93,108,108,108,212,262,279,279,290,290,290,290,324,338,362,381,381,381],"floor_reached":28,"playtime":905,"items_purged":["Strike_R"],"score":242,"play_id":"51cdcdb5-2b1a-4e22-9f00-162b1bcbaa47","local_time":"20201218182734","is_ascension_mode":false,"campfire_choices":[{"data":"Inflame","floor":6,"key":"SMITH"},{"data":"conspire:HitWhereItHurts","floor":10,"key":"SMITH"},{"data":"Rampage","floor":15,"key":"SMITH"},{"data":"hubris:Fate","floor":23,"key":"SMITH"}],"circlet_count":0,"master_deck":["Strike_R","Strike_R","Strike_R","Strike_R","Defend_R","Defend_R+1","Defend_R","Defend_R","Bash","Inflame+1","Flex","Flex","Flex","conspire:HitWhereItHurts+1","Rampage+1","Cleave","Berserk","Clash","hubris:Fate+1","Slimebound:Icky","Blind","Shockwave+1"],"relics":["Burning Blood","CaptainsWheel","hubris:Towel","Pocketwatch","Tiny House","CCEMRelics:Pendulum","Smiling Mask"],"acts_visited":["Exordium","TheCity"],"potions_floor_usage":[12,24],"damage_taken":[{"damage":0,"enemies":"Small Slimes","floor":1,"turns":3},{"damage":4,"enemies":"2 Louse","floor":2,"turns":4},{"damage":1,"enemies":"Cultist","floor":3,"turns":4},{"damage":10,"enemies":"Looter","floor":4,"turns":3},{"damage":24,"enemies":"Gremlin Nob","floor":7,"turns":4},{"damage":16,"enemies":"Large Slime","floor":11,"turns":2},{"damage":6,"enemies":"Gremlin Gang","floor":12,"turns":2},{"damage":11,"enemies":"Red Slaver","floor":13,"turns":3},{"damage":18,"enemies":"Slime Boss","floor":16,"turns":9},{"damage":27,"enemies":"2 Thieves","floor":18,"turns":3},{"damage":0,"enemies":"Spheric Guardian","floor":20,"turns":1},{"damage":10,"enemies":"Gremlin Leader","floor":24,"turns":2},{"damage":43,"enemies":"Snake Plant","floor":25,"turns":6},{"damage":30,"enemies":"Centurion and Healer","floor":27,"turns":5},{"damage":25,"enemies":"Cultist and Chosen","floor":28,"turns":5}],"seed_played":"2681386012874410797","potions_obtained":[{"floor":3,"key":"SpeedPotion"},{"floor":7,"key":"Ancient Potion"},{"floor":11,"key":"ColorlessPotion"},{"floor":12,"key":"Regen Potion"},{"floor":16,"key":"BlessingOfTheForge"}],"is_trial":false,"path_per_floor":["M","M","M","M","$","R","E","?","T","R","M","M","M","?","R","B",null,"M","?","M","?","?","R","E","M","T","M","M"],"character_chosen":"IRONCLAD","items_purchased":["Flex"],"campfire_rested":0,"item_purchase_floors":[5],"current_hp_per_floor":[88,88,88,84,84,84,66,66,66,66,56,56,51,51,51,39,93,72,50,56,87,87,87,83,46,46,22,0,0],"gold":381,"neow_bonus":"TEN_PERCENT_HP_BONUS","is_daily":false,"chose_seed":false,"campfire_upgraded":4,"win_rate":0.0,"timestamp":1608316054,"path_taken":["M","M","M","M","$","R","E","?","T","R","M","M","M","?","R","BOSS","M","?","M","?","?","R","E","M","T","M","?"],"items_purchased_type":["Card"],"build_version":"2020-12-13","purchased_purges":1,"victory":false,"max_hp_per_floor":[88,88,88,88,88,88,88,88,88,88,88,88,88,88,88,88,93,93,93,93,93,93,93,93,93,93,93,93,93],"card_choices":[{"not_picked":["Flame Barrier","hubris:ReadiedAction"],"picked":"Inflame","floor":1},{"not_picked":["hubris:ReadiedAction","Shrug It Off","Pommel Strike"],"picked":"SKIP","floor":2},{"not_picked":["Wild Strike","Iron Wave"],"picked":"Flex","floor":3},{"not_picked":["Cleave","Entrench"],"picked":"Flex","floor":4},{"not_picked":["Battle Trance","Feel No Pain"],"picked":"conspire:HitWhereItHurts","floor":7},{"not_picked":["Armaments","Cleave"],"picked":"Rampage","floor":11},{"not_picked":["True Grit","ReplayTheSpireMod:Stacked","Hemokinesis"],"picked":"SKIP","floor":12},{"not_picked":["Dual Wield","Clothesline"],"picked":"Cleave","floor":13},{"not_picked":["Bludgeon","Reaper"],"picked":"Berserk","floor":16},{"not_picked":["Evolve","Replay:Undeath\u0027s Touch"],"picked":"Clash","floor":17},{"not_picked":["Clothesline","Replay:Undeath\u0027s Touch","Dual Wield"],"picked":"SKIP","floor":18},{"not_picked":["infinitespire:FinalStrike","infinitespire:UltimateForm"],"picked":"hubris:Fate","floor":19},{"not_picked":["Intimidate+1","ReplayTheSpireMod:Strike From Hell","Dark Embrace"],"picked":"SKIP","floor":20},{"not_picked":["Clothesline","Metallicize","Pummel"],"picked":"SKIP","floor":24},{"not_picked":["Massacre","hubris:ReadiedAction"],"picked":"Shockwave+1","floor":25},{"not_picked":["Sword Boomerang","Battle Trance","conspire:Purge"],"picked":"SKIP","floor":27}],"player_experience":58427,"relics_obtained":[{"floor":7,"key":"CaptainsWheel"},{"floor":9,"key":"Pocketwatch"},{"floor":24,"key":"CCEMRelics:Pendulum"},{"floor":26,"key":"Smiling Mask"}],"event_choices":[{"damage_healed":0,"gold_gain":0,"player_choice":"Bought 0 Potions","damage_taken":0,"max_hp_gain":0,"max_hp_loss":0,"event_name":"The Woman in Blue","floor":14,"gold_loss":0},{"damage_healed":31,"gold_gain":0,"player_choice":"Heal","damage_taken":0,"max_hp_gain":0,"max_hp_loss":0,"event_name":"The Library","floor":21,"gold_loss":0},{"damage_healed":0,"gold_gain":0,"player_choice":"2 cards matched","damage_taken":0,"max_hp_gain":0,"max_hp_loss":0,"event_name":"Match and Keep!","floor":22,"gold_loss":0,"cards_obtained":["Slimebound:Icky","Blind"]}],"is_beta":false,"boss_relics":[{"not_picked":["Black Star","Cursed Key"],"picked":"Tiny House"}],"items_purged_floors":[5],"is_endless":false,"potions_floor_spawned":[3,7,11,12,16,18],"killed_by":"Cultist and Chosen","ascension_level":0}}