{"host":"tst5pjz7m60hr0pr","time":1608309538,"event":{"mods":["AchievementEnabler","Act Like it!","Aspiration","BaseMod","Beaked The Cultist","Better Altar","Better Match","Better Note","Better Sensory Stone","Better Skull","Better Third Choice","BetterRewards","CCEM","Clawfect","Colored Map","Conspire","Downfall","GifTheSpireLib","Halation","Hallownest","Hermit","Highlight Path","Hubris","Infinite Spire","Jedi Mod","Marisa????????","Mimic Mod","Minty Spire (QoL Compilation)","Permanent Neow","Replay The Spire","Shade Mod","Shop Mod","Spicy Shops","StSLib","Stuff the Spire","The Administrix","The Blackbeard","The Bug Knight","The Cursed","The Disciple","The IronCluck","The Jungle","The Mystic","The Necromancer","The Problem Sleuth","The Runesmith","The Servant 0.9.4","The Spell Scribe","Unceasing Turn Reminder","everything is the same but u backflip on backflip","slay the spire mod where everything is the same but ironclad has a cowboy hat"],"gold_per_floor":[99,99,117,146,165,198,237,162,162,162,173,189,204,46,58,153,153,253,263,283,283,283,283,310,339,339,366,351,351,368,469,494,589,589,514,514,514],"floor_reached":36,"playtime":3586,"items_purged":[],"score":460,"play_id":"89f4aae5-a698-48dd-81cb-1909c4955a87","local_time":"20201218103858","is_ascension_mode":false,"campfire_choices":[{"floor":1.0,"key":"RECALL"},{"floor":8.0,"key":"REST"},{"data":"hexamod:Float","floor":10.0,"key":"SMITH"},{"data":"hexamod:SuperheatedStrike","floor":21.0,"key":"SMITH"},{"data":"hexamod:RainOfEmbers","floor":21.0,"key":"SMITH"},{"floor":23.0,"key":"REST"}],"circlet_count":0,"master_deck":["hexamod:Strike","hexamod:Strike","hexamod:Strike+1","hexamod:Strike+1","hexamod:Defend","hexamod:Defend","hexamod:Defend","hexamod:Sear+1","hexamod:Float+1","hexamod:SuperheatedStrike+1","hexamod:RainOfEmbers+1","hexamod:AdvancingGuard+1","hexamod:BurningTouch","hexamod:FastForward","hexamod:SpectralSpark","hexamod:ExtraCrispy+1","hexamod:PowerFromBeyond","hexamod:CrushingStance","hexamod:FourthSeal","hexamod:SixthSeal","hexamod:Incineration+1","hexamod:EmpoweredFlame+1","infinitespire:FutureSight","hexamod:RadiantFlame","hexamod:GhostLash","hexamod:Rewind","hexamod:InspiringFlames+1","hexamod:SecondSeal","hexamod:Again","hexamod:FifthSeal","Slimebound:Darklings"],"relics":["hexamod:SpiritBrand","hubris:TinFlute","hubris:OldNail","Vajra","downfall:HeartBlessingRed","Replay:Arrowhead","Snecko Eye","aspiration:TomeofQuesting","jedi:angrymask","halation:BlackBeret","Black Star","halation:Pancakes","hubris:Potato","StuffTheSpire:OldFever","Replay:Fungal Core","downfall:HeartBlessingGreen"],"acts_visited":["Exordium","TheCity","TheBeyond"],"potions_floor_usage":[28,33],"damage_taken":[{"damage":0.0,"enemies":"Jaw Worm","floor":3.0,"turns":3.0},{"damage":10.0,"enemies":"Gremlin Nob","floor":4.0,"turns":3.0},{"damage":0.0,"enemies":"Cultist","floor":5.0,"turns":3.0},{"damage":13.0,"enemies":"Replay:BlueRogue","floor":6.0,"turns":5.0},{"damage":0.0,"enemies":"infinitespire:Voidling","floor":7.0,"turns":5.0},{"damage":7.0,"enemies":"infinitespire:Voidling","floor":11.0,"turns":3.0},{"damage":4.0,"enemies":"2 Fungi Beasts","floor":12.0,"turns":3.0},{"damage":5.0,"enemies":"Large Slime","floor":13.0,"turns":3.0},{"damage":4.0,"enemies":"downfall:FleeingMerchant","floor":14.0,"turns":4.0},{"damage":0.0,"enemies":"Gremlin Gang","floor":15.0,"turns":4.0},{"damage":33.0,"enemies":"downfall:Silent","floor":16.0,"turns":6.0},{"damage":28.0,"enemies":"conspire:FuzzyDice","floor":19.0,"turns":4.0},{"damage":0.0,"enemies":"Spheric Guardian","floor":20.0,"turns":3.0},{"damage":21.0,"enemies":"Nightmare","floor":25.0,"turns":5.0},{"damage":40.0,"enemies":"conspire:SneckoGhost","floor":27.0,"turns":6.0},{"damage":6.0,"enemies":"downfall:FleeingMerchant","floor":28.0,"turns":4.0},{"damage":12,"enemies":"3 Cultists","floor":30,"turns":4},{"damage":21,"enemies":"Centurion and Healer","floor":32,"turns":5},{"damage":22,"enemies":"downfall:Defect","floor":33,"turns":9},{"damage":31,"enemies":"3 Darklings","floor":36,"turns":3}],"seed_played":"-5517935294955156930","potions_obtained":[{"floor":3.0,"key":"Block Potion"},{"floor":6.0,"key":"jedi:tentaclejuice"},{"floor":13.0,"key":"jedi:StrikingPotion"},{"floor":15.0,"key":"Milkshake"},{"floor":16.0,"key":"Venom Potion"},{"floor":19.0,"key":"Energy Potion"},{"floor":20.0,"key":"Fruit Juice"},{"floor":22.0,"key":"SpeedPotion"},{"floor":22.0,"key":"LiquidBronze"},{"floor":27.0,"key":"EssenceOfSteel"},{"floor":28,"key":"Fruit Juice"},{"floor":30,"key":"LiquidBronze"},{"floor":32,"key":"ColorlessPotion"},{"floor":33,"key":"Block Potion"}],"is_trial":false,"path_per_floor":["R","?","M","E","M","E","MIM","R","?","R","M","M","M","$","M","B",null,"R_BF","M","M","R","?","R","T","NM","AVR","E","$","?","M","?","M","B",null,"R_BF","M"],"character_chosen":"THE_SPIRIT","items_purchased":["Replay:Arrowhead"],"campfire_rested":2,"item_purchase_floors":[14],"current_hp_per_floor":[70,80,80,70,70,57,57,80,80,80,73,69,64,60,60,27,80,80,52,57,57,57,82,82,61,61,69,68,68,56,56,35,13,90,90,59,59],"gold":514,"neow_bonus":"ONE_RANDOM_RARE_CARD","is_daily":false,"chose_seed":false,"campfire_upgraded":3,"win_rate":0.0,"timestamp":1608309538,"path_taken":["R","?","?","E","M","E","MIM","R","?","R","M","?","M","$","M","BOSS","R_BF","M","M","R","?","R","T","NM","AVR","E","$","?","?","?","M","BOSS","R_BF","M"],"items_purchased_type":["Relic"],"build_version":"2020-12-13","purchased_purges":0,"victory":false,"max_hp_per_floor":[70,80,80,80,80,80,80,80,80,80,80,80,80,80,80,80,80,80,80,85,85,85,85,85,85,85,85,90,90,90,90,90,90,90,90,90,90],"card_choices":[{"not_picked":["hexamod:GhostOfSpirePresent","hexamod:ShieldOfDarkness"],"picked":"hexamod:SuperheatedStrike","floor":3.0},{"not_picked":["hexamod:InspiringFlames","hexamod:GhostOfSpirePast"],"picked":"hexamod:RainOfEmbers","floor":4.0},{"not_picked":["hexamod:ShieldOfDarkness","hexamod:HauntingEcho"],"picked":"hexamod:AdvancingGuard","floor":5.0},{"not_picked":["hexamod:AdvancingGuard","hexamod:GhostOfSpireFuture"],"picked":"hexamod:BurningTouch","floor":6.0},{"not_picked":["hexamod:SkipABeat","hexamod:SwordOfDarkness"],"picked":"hexamod:FastForward","floor":7.0},{"not_picked":["hexamod:RadiantFlame","hexamod:RainOfEmbers"],"picked":"hexamod:SpectralSpark","floor":11.0},{"not_picked":["hexamod:InspiringFlames","hexamod:GhostOfSpirePresent"],"picked":"hexamod:ExtraCrispy","floor":12.0},{"not_picked":["hexamod:SpectralSpark","hexamod:PhantomCloak"],"picked":"hexamod:PowerFromBeyond","floor":13.0},{"not_picked":["hexamod:SwordOfDarkness","hexamod:ShieldOfDarkness"],"picked":"hexamod:CrushingStance","floor":14.0},{"not_picked":["hexamod:SkipABeat","hexamod:BurningTouch"],"picked":"hexamod:FourthSeal","floor":15.0},{"not_picked":["hexamod:EmpoweringStance","hexamod:GhostflameInferno"],"picked":"hexamod:SixthSeal","floor":16.0},{"not_picked":["hexamod:BacktrackSmack","hexamod:ChargedBarrage"],"picked":"hexamod:Incineration","floor":19.0},{"not_picked":["hexamod:HauntingEcho+1","hexamod:NightmareStrike","hexamod:SwordOfDarkness"],"picked":"SKIP","floor":20.0},{"not_picked":["hexamod:Firestarter+1","hexamod:HauntingEcho"],"picked":"hexamod:EmpoweredFlame+1","floor":25.0},{"not_picked":["hexamod:SuperheatedStrike","hexamod:NightmareGuise"],"picked":"hexamod:RadiantFlame","floor":27.0},{"not_picked":["hexamod:ApocalypseNow","hexamod:BacktrackSmack"],"picked":"hexamod:GhostLash","floor":28},{"not_picked":["hexamod:FourthSeal","hexamod:RadiantFlame+1"],"picked":"hexamod:Rewind","floor":30},{"not_picked":["hexamod:HauntingEcho","hexamod:NightmareStrike"],"picked":"hexamod:InspiringFlames+1","floor":31},{"not_picked":["hexamod:FlamesFromBeyond","hexamod:Hexaguard"],"picked":"hexamod:SecondSeal","floor":31},{"not_picked":["hexamod:PhantomCloak+1","hexamod:GhostOfSpirePresent"],"picked":"hexamod:Again","floor":32},{"not_picked":["hexamod:HexaLevel","hexamod:GhostflameInferno"],"picked":"hexamod:FifthSeal","floor":33}],"player_experience":275537,"relics_obtained":[{"floor":4.0,"key":"hubris:TinFlute"},{"floor":6.0,"key":"hubris:OldNail"},{"floor":7.0,"key":"Vajra"},{"floor":24.0,"key":"aspiration:TomeofQuesting"},{"floor":25.0,"key":"jedi:angrymask"},{"floor":27.0,"key":"halation:Pancakes"},{"floor":27.0,"key":"hubris:Potato"},{"floor":31,"key":"StuffTheSpire:OldFever"}],"event_choices":[{"cards_removed":["hexamod:GhostflameInferno"],"damage_healed":0.0,"max_hp_gain":10.0,"max_hp_loss":0.0,"gold_gain":0.0,"event_name":"Bonfire Elementals","player_choice":"Offered Rare","floor":2.0,"gold_loss":0.0,"damage_taken":0.0},{"cards_removed":["hexamod:Defend"],"damage_healed":0.0,"max_hp_gain":0.0,"max_hp_loss":0.0,"gold_gain":0.0,"event_name":"Wheel of Change","player_choice":"Card Removal","floor":9.0,"gold_loss":0.0,"damage_taken":0.0},{"damage_healed":0.0,"max_hp_gain":0.0,"max_hp_loss":0.0,"gold_gain":0.0,"event_name":"Lab","player_choice":"Got Potions","floor":22.0,"gold_loss":0.0,"damage_taken":0.0},{"damage_healed":0,"gold_gain":0,"player_choice":"Ignored","damage_taken":0,"max_hp_gain":0,"max_hp_loss":0,"event_name":"betterNote:BetterNote","floor":29,"gold_loss":0,"cards_obtained":["hermit:Strike_Hermit"]}],"is_beta":false,"boss_relics":[{"not_picked":["aspiration:SilentSkillbook","Philosopher\u0027s Stone"],"picked":"Snecko Eye"},{"not_picked":["hubris:CrackedHourglass","Runic Dome"],"picked":"Replay:Fungal Core"}],"items_purged_floors":[],"is_endless":false,"potions_floor_spawned":[3,6,13,15,16,30,32,33],"killed_by":"3 Darklings","ascension_level":0}}