{"host":"jh7kh5nqtgzr3auj","time":1608268422,"event":{"mods":["AchievementEnabler","Act Like it!","BaseMod","CapriCore","Highlight Path","Minty Spire (QoL Compilation)","Pale of the Ancients","Quick Restart","Robot Space Explorer","StSLib","TestMod"],"gold_per_floor":[113,130,530,530,530,573,587,630,630,646,659,698,698,711,711,839,839,858,858,858,872,380,413,613,657,681,681,695,695,212,253,253,381,381,407,95,112,188,208,249,275,328,328,383,425,459,185,185,185,203,239,273,273,133,133,158,158,185,185,206],"floor_reached":61,"playtime":5660,"items_purged":["RobotSpaceExplorer:Defend","RobotSpaceExplorer:Strike","RobotSpaceExplorer:Defend","RobotSpaceExplorer:PowerGlove+1","RobotSpaceExplorer:StunGrenade+1"],"score":1885,"play_id":"f6378be2-de40-424e-8b86-9354b8e880ca","local_time":"20201218131342","is_ascension_mode":true,"campfire_choices":[{"data":"RobotSpaceExplorer:MiniLasers","floor":13.0,"key":"SMITH"},{"data":"RobotSpaceExplorer:PowerGlove","floor":15.0,"key":"SMITH"},{"data":"RobotSpaceExplorer:ChargingLaser","floor":32.0,"key":"SMITH"},{"data":"Secret Technique","floor":49.0,"key":"SMITH"},{"data":"RobotSpaceExplorer:FranticSearch","floor":55,"key":"SMITH"},{"data":"RobotSpaceExplorer:Multitool","floor":57,"key":"SMITH"}],"circlet_count":0,"master_deck":["RobotSpaceExplorer:Scan","RobotSpaceExplorer:MiniLasers+1","RobotSpaceExplorer:ScrapToss","RobotSpaceExplorer:MiniDrones+1","RobotSpaceExplorer:JunkDive","RobotSpaceExplorer:ScrapMissile","RobotSpaceExplorer:ScrapShield+1","RobotSpaceExplorer:FranticSearch+1","RobotSpaceExplorer:SwiftStep","RobotSpaceExplorer:Multitool+1","RobotSpaceExplorer:GlueShot+1","RobotSpaceExplorer:Pulsar+1","RobotSpaceExplorer:Autoloader+1","RobotSpaceExplorer:ScrapMissile","RobotSpaceExplorer:BigMissile+1","RobotSpaceExplorer:DoubleFind","RobotSpaceExplorer:Fix","RobotSpaceExplorer:ScrapMissile","testmod-PerfectCombo","RobotSpaceExplorer:ChargingLaser+1","RobotSpaceExplorer:Accelerator","testmod-BackupPower","Magnetism","RobotSpaceExplorer:SelfCleaning","RobotSpaceExplorer:Fix+1","Secret Technique+1","Purity","Madness+1","Madness","RobotSpaceExplorer:SwiftStep+1"],"relics":["RobotSpaceExplorer:Reprocessor","testmod-EqualTreatment","Golden Idol","Letter Opener","Regal Pillow","Tiny Chest","Astrolabe","testmod-ArcanaOfDestiny","Mummified Hand","Strange Spoon","Pantograph","Turnip","Ancient Tea Set","Pocketwatch","Enchiridion","testmod-AssaultLearning","Whetstone","The Courier","testmod-DeterminationOfClimber","Ice Cream","testmod-Hope","Orichalcum","testmod-ObsoleteBoomerang","RobotSpaceExplorer:FoglandsKnife","Shuriken","paleoftheancients:Timepiece","paleoftheancients:KeyRelic","Coffee Dripper","CultistMask","paleoftheancients:SoulOfTheShowman","testmod-Antiphasic"],"acts_visited":["Exordium","TheCity","TheBeyond","paleoftheancients:PaleOfTheAncients"],"potions_floor_usage":[50],"damage_taken":[{"damage":0.0,"enemies":"2 Louse","floor":1.0,"turns":3.0},{"damage":5.0,"enemies":"Cultist","floor":2.0,"turns":4.0},{"damage":1.0,"enemies":"Gremlin Nob","floor":6.0,"turns":3.0},{"damage":0.0,"enemies":"Small Slimes","floor":7.0,"turns":3.0},{"damage":0.0,"enemies":"3 Sentries","floor":8.0,"turns":6.0},{"damage":0.0,"enemies":"Exordium Wildlife","floor":10.0,"turns":2.0},{"damage":1.0,"enemies":"Large Slime","floor":11.0,"turns":2.0},{"damage":4.0,"enemies":"Gremlin Nob","floor":12.0,"turns":3.0},{"damage":0.0,"enemies":"Gremlin Gang","floor":14.0,"turns":1.0},{"damage":12.0,"enemies":"Hexaghost","floor":16.0,"turns":5.0},{"damage":0.0,"enemies":"Shell Parasite","floor":18.0,"turns":6.0},{"damage":0.0,"enemies":"2 Thieves","floor":21.0,"turns":2.0},{"damage":9.0,"enemies":"Slavers","floor":23.0,"turns":4.0},{"damage":0.0,"enemies":"Book of Stabbing","floor":25.0,"turns":3.0},{"damage":7.0,"enemies":"Snake Plant","floor":28.0,"turns":4.0},{"damage":0.0,"enemies":"Gremlin Leader","floor":31.0,"turns":3.0},{"damage":0.0,"enemies":"Champ","floor":33.0,"turns":4.0},{"damage":0.0,"enemies":"3 Darklings","floor":35.0,"turns":2.0},{"damage":0.0,"enemies":"Orb Walker","floor":37.0,"turns":1.0},{"damage":0.0,"enemies":"2 Orb Walkers","floor":38.0,"turns":1.0},{"damage":0.0,"enemies":"Jaw Worm Horde","floor":39.0,"turns":1.0},{"damage":0.0,"enemies":"Reptomancer","floor":40.0,"turns":1.0},{"damage":3.0,"enemies":"Sphere and 2 Shapes","floor":41.0,"turns":1.0},{"damage":0.0,"enemies":"Giant Head","floor":42.0,"turns":1.0},{"damage":0.0,"enemies":"Nemesis","floor":45.0,"turns":1.0},{"damage":0.0,"enemies":"Maw","floor":46.0,"turns":1.0},{"damage":0,"enemies":"Time Eater","floor":50,"turns":3},{"damage":0,"enemies":"Time Eater","floor":51,"turns":1},{"damage":0,"enemies":"Time Eater","floor":52,"turns":2},{"damage":0,"enemies":"Time Eater","floor":56,"turns":1},{"damage":0,"enemies":"paleoftheancients:N","floor":60,"turns":2}],"seed_played":"5187385366888841284","potions_obtained":[{"floor":1.0,"key":"GamblersBrew"},{"floor":2.0,"key":"Strength Potion"},{"floor":6.0,"key":"DuplicationPotion"},{"floor":12.0,"key":"SkillPotion"},{"floor":18.0,"key":"testmod-TestPotion"},{"floor":23.0,"key":"Fire Potion"},{"floor":25.0,"key":"Strength Potion"},{"floor":33.0,"key":"Swift Potion"},{"floor":37.0,"key":"RobotSpaceExplorer:PlasmaFlask"},{"floor":39.0,"key":"DistilledChaos"},{"floor":41.0,"key":"DuplicationPotion"},{"floor":45.0,"key":"Energy Potion"},{"floor":52,"key":"Block Potion"}],"is_trial":false,"path_per_floor":["M","M","?","?","?","E","M","E","T","M","M","E","R","M","R","B",null,"M","?","?","M","$","E","?","E","T","T","M","?","$","E","R","B",null,"M","$","M","?","M","E","M","E","T","T","E","M","$","?","R","B","M","M","?","$","R","M","R","T","?","B",null],"character_chosen":"RobotSpaceExplorer","items_purchased":["Mummified Hand","Strange Spoon","testmod-AssaultLearning","Whetstone","testmod-PerfectCombo","testmod-BackupPower","Magnetism","Secret Technique"],"campfire_rested":0,"item_purchase_floors":[22,22,30,30,30,36,36,47],"current_hp_per_floor":[75,70,70,52,52,51,51,51,51,51,50,46,46,46,46,34,75,75,75,75,75,75,66,66,70,70,70,63,47,47,47,47,72,75,75,75,75,75,75,75,75,75,75,75,75,75,75,65,65,75,75,75,75,75,75,75,75,75,75,75],"gold":206,"neow_bonus":"BOSS_RELIC","is_daily":false,"chose_seed":false,"campfire_upgraded":6,"win_rate":0.0,"timestamp":1608268422,"path_taken":["M","M","?","?","?","E","M","E","T","?","M","E","R","M","R","BOSS","M","?","?","M","$","E","?","E","T","?","?","?","$","E","R","BOSS","M","$","M","?","M","E","M","E","T","?","E","M","$","?","R","BOSS","M","M","?","$","R","M","R","T","?","BOSS"],"items_purchased_type":["Relic","Relic","Relic","Relic","Card","Card","Card","Card"],"build_version":"2020-12-13","purchased_purges":5,"victory":true,"max_hp_per_floor":[75,75,75,75,75,75,75,75,75,75,75,75,75,75,75,75,75,75,75,75,75,75,75,75,75,75,75,75,75,75,75,75,75,75,75,75,75,75,75,75,75,75,75,75,75,75,75,75,75,75,75,75,75,75,75,75,75,75,75,75],"card_choices":[{"not_picked":["RobotSpaceExplorer:ShovelStrike","RobotSpaceExplorer:SurgingStrike"],"picked":"RobotSpaceExplorer:ScrapToss","floor":1.0},{"not_picked":["RobotSpaceExplorer:FrostMissile","RobotSpaceExplorer:LaserBurst"],"picked":"RobotSpaceExplorer:MiniDrones","floor":2.0},{"not_picked":["RobotSpaceExplorer:ToxicBomb","RobotSpaceExplorer:SlimeMissile"],"picked":"RobotSpaceExplorer:StunGrenade","floor":6.0},{"not_picked":["RobotSpaceExplorer:StunGrenade","RobotSpaceExplorer:LaserBurst"],"picked":"RobotSpaceExplorer:JunkDive","floor":7.0},{"not_picked":["RobotSpaceExplorer:Counterblock","RobotSpaceExplorer:ShovelStrike"],"picked":"RobotSpaceExplorer:ScrapMissile","floor":8.0},{"not_picked":["RobotSpaceExplorer:ScrapMissile","RobotSpaceExplorer:MakeshiftVolley"],"picked":"RobotSpaceExplorer:PowerGlove","floor":10.0},{"not_picked":["RobotSpaceExplorer:Autoloader","RobotSpaceExplorer:SwiftStep"],"picked":"RobotSpaceExplorer:ScrapShield","floor":11.0},{"not_picked":["RobotSpaceExplorer:Fix","RobotSpaceExplorer:ScrapMissile"],"picked":"RobotSpaceExplorer:FranticSearch","floor":12.0},{"not_picked":["RobotSpaceExplorer:Counterblock","RobotSpaceExplorer:RigExplosive"],"picked":"RobotSpaceExplorer:SwiftStep","floor":14.0},{"not_picked":["RobotSpaceExplorer:Blaster","RobotSpaceExplorer:TrailblazerForm"],"picked":"RobotSpaceExplorer:Multitool","floor":16.0},{"not_picked":["RobotSpaceExplorer:ImprovisedAttack+1","RobotSpaceExplorer:TurboDodge"],"picked":"RobotSpaceExplorer:ScrapMissile","floor":18.0},{"not_picked":["RobotSpaceExplorer:Pulsar","RobotSpaceExplorer:StarLightning","RobotSpaceExplorer:ScrapShield"],"picked":"SKIP","floor":21.0},{"not_picked":["RobotSpaceExplorer:SlimeMissile","RobotSpaceExplorer:StarLightning"],"picked":"RobotSpaceExplorer:Fix","floor":23.0},{"not_picked":["RobotSpaceExplorer:ShockKick","RobotSpaceExplorer:Ammunition"],"picked":"RobotSpaceExplorer:ScrapMissile","floor":25.0},{"not_picked":["RobotSpaceExplorer:FrostMissile","RobotSpaceExplorer:GearShield+1","RobotSpaceExplorer:FranticSearch"],"picked":"SKIP","floor":28.0},{"not_picked":["RobotSpaceExplorer:SwiftStep","RobotSpaceExplorer:ScrapShield"],"picked":"RobotSpaceExplorer:ChargingLaser","floor":31.0},{"not_picked":["RobotSpaceExplorer:Autoloader","RobotSpaceExplorer:HighVoltage"],"picked":"RobotSpaceExplorer:Accelerator","floor":33.0},{"not_picked":["RobotSpaceExplorer:SurgingShield+1","RobotSpaceExplorer:ShovelStrike+1","RobotSpaceExplorer:ShockKick+1"],"picked":"SKIP","floor":35.0},{"not_picked":["RobotSpaceExplorer:Counterblock+1","RobotSpaceExplorer:DoubleBlock","RobotSpaceExplorer:Electroshield"],"picked":"SKIP","floor":37.0},{"not_picked":["RobotSpaceExplorer:SurgingShield+1","RobotSpaceExplorer:Electroshield"],"picked":"RobotSpaceExplorer:SelfCleaning","floor":39.0},{"not_picked":["RobotSpaceExplorer:SurgingStrike+1","RobotSpaceExplorer:PowerCollector"],"picked":"RobotSpaceExplorer:Fix+1","floor":40.0},{"not_picked":["RobotSpaceExplorer:Asteroid","RobotSpaceExplorer:StunGrenade","RobotSpaceExplorer:Ammunition"],"picked":"SKIP","floor":41.0},{"not_picked":["RobotSpaceExplorer:PowerGlove","RobotSpaceExplorer:LuckyStrike","RobotSpaceExplorer:SlimeMissile+1"],"picked":"SKIP","floor":42.0},{"not_picked":["RobotSpaceExplorer:Smokescreen","RobotSpaceExplorer:StarDust","RobotSpaceExplorer:LaserBurst+1"],"picked":"SKIP","floor":45.0},{"not_picked":["RobotSpaceExplorer:SurgingShield+1","RobotSpaceExplorer:SwiftStep+1","RobotSpaceExplorer:Electropulse"],"picked":"SKIP","floor":46.0},{"not_picked":["Secret Weapon","testmod-HandmadeProducts"],"picked":"Purity","floor":48.0},{"not_picked":["Panacea","testmod-DisillusionmentEcho"],"picked":"Madness","floor":48.0},{"not_picked":["Enlightenment","Mind Blast"],"picked":"Madness","floor":48.0},{"not_picked":["RobotSpaceExplorer:ImprovisedAttack","RobotSpaceExplorer:SurgingStrike","RobotSpaceExplorer:Electroshield"],"picked":"SKIP","floor":51},{"not_picked":["RobotSpaceExplorer:FrostMissile+1","RobotSpaceExplorer:ScrapMissile+1"],"picked":"RobotSpaceExplorer:SwiftStep+1","floor":52},{"not_picked":["RobotSpaceExplorer:MetalStrike+1","RobotSpaceExplorer:ShovelStrike+1","RobotSpaceExplorer:Asteroid"],"picked":"SKIP","floor":56}],"player_experience":269345,"relics_obtained":[{"floor":6.0,"key":"Letter Opener"},{"floor":8.0,"key":"Regal Pillow"},{"floor":12.0,"key":"Tiny Chest"},{"floor":23.0,"key":"Pantograph"},{"floor":25.0,"key":"Turnip"},{"floor":26.0,"key":"Ancient Tea Set"},{"floor":27.0,"key":"Pocketwatch"},{"floor":29.0,"key":"Enchiridion"},{"floor":31.0,"key":"The Courier"},{"floor":38.0,"key":"Ice Cream"},{"floor":40.0,"key":"testmod-Hope"},{"floor":42.0,"key":"Orichalcum"},{"floor":43.0,"key":"testmod-ObsoleteBoomerang"},{"floor":44.0,"key":"RobotSpaceExplorer:FoglandsKnife"},{"floor":45.0,"key":"Shuriken"},{"floor":51,"key":"paleoftheancients:SoulOfTheShowman"},{"floor":58,"key":"testmod-Antiphasic"}],"event_choices":[{"damage_healed":0.0,"max_hp_gain":0.0,"max_hp_loss":0.0,"gold_gain":400.0,"event_name":"恩洛斯的盘子","player_choice":"Sell","floor":3.0,"relics_lost":["testmod-TestBox"],"gold_loss":0.0,"damage_taken":0.0},{"damage_healed":0.0,"max_hp_gain":0.0,"max_hp_loss":0.0,"gold_gain":0.0,"event_name":"Golden Idol","player_choice":"Take Damage","floor":4.0,"gold_loss":0.0,"damage_taken":18.0,"relics_obtained":["Golden Idol"]},{"damage_healed":0.0,"max_hp_gain":0.0,"max_hp_loss":0.0,"gold_gain":0.0,"event_name":"Accursed Blacksmith","player_choice":"Forge","floor":5.0,"gold_loss":0.0,"damage_taken":0.0,"cards_upgraded":["RobotSpaceExplorer:MiniDrones"]},{"damage_healed":0.0,"max_hp_gain":0.0,"max_hp_loss":0.0,"gold_gain":0.0,"cards_transformed":["RobotSpaceExplorer:Defend","RobotSpaceExplorer:Defend"],"event_name":"Drug Dealer","player_choice":"Became Test Subject","floor":19.0,"gold_loss":0.0,"damage_taken":0.0,"cards_obtained":["RobotSpaceExplorer:BigMissile","RobotSpaceExplorer:DoubleFind"]},{"damage_healed":0.0,"max_hp_gain":0.0,"max_hp_loss":0.0,"gold_gain":0.0,"event_name":"The Mausoleum","player_choice":"Opened","floor":20.0,"gold_loss":0.0,"damage_taken":0.0,"relics_obtained":["testmod-ArcanaOfDestiny"]},{"damage_healed":0.0,"max_hp_gain":0.0,"max_hp_loss":0.0,"gold_gain":200.0,"event_name":"Wheel of Change","player_choice":"Gold","floor":24.0,"gold_loss":0.0,"damage_taken":0.0},{"damage_healed":0.0,"max_hp_gain":0.0,"max_hp_loss":0.0,"gold_gain":0.0,"event_name":"Cursed Tome","player_choice":"Obtained Book","floor":29.0,"gold_loss":0.0,"damage_taken":16.0},{"damage_healed":0.0,"max_hp_gain":0.0,"max_hp_loss":0.0,"gold_gain":0.0,"event_name":"Mysterious Sphere","player_choice":"Fight","floor":38.0,"gold_loss":0.0,"damage_taken":0.0},{"damage_healed":0.0,"max_hp_gain":0.0,"max_hp_loss":0.0,"gold_gain":0.0,"event_name":"SensoryStone","player_choice":"Memory 3","floor":48.0,"gold_loss":0.0,"damage_taken":10.0},{"damage_healed":0,"gold_gain":0,"player_choice":"Swap Relic","damage_taken":0,"relics_obtained":["War Paint"],"max_hp_gain":0,"max_hp_loss":0,"event_name":"给自己的盒子","floor":53,"relics_lost":["War Paint"],"gold_loss":0}],"is_beta":false,"boss_relics":[{"not_picked":["testmod-BloodSacrificeSpiritualization","RobotSpaceExplorer:SearchSpecs"],"picked":"Astrolabe"},{"not_picked":["Runic Dome","Cursed Key"],"picked":"testmod-DeterminationOfClimber"}],"items_purged_floors":[22,30,36,47,54],"is_endless":false,"potions_floor_spawned":[1,2,6,12,18,23,25,33,37,38,39,41,45,46,52,60],"ascension_level":1}}