{"host":"onmzcmq5a68cxj3d","time":1608252996,"event":{"mods":["BaseMod","Colored Map","Minty Spire (QoL Compilation)","Remove Card Discount Mod"],"gold_per_floor":[116,127,138,157,157,107,107,107,153,153,153,153,145,145,145,277,277,305,305,350,54,63,63,107,107,181,181,206,206,206,229,229,362,362,377,145,18,18,39,39,39,39,39,39,39,39,53,77,77,77],"floor_reached":51,"playtime":2234,"items_purged":["Strike_B","Strike_B","Strike_B","Dualcast"],"score":645,"play_id":"7398ca0d-7e9e-42a2-a9ee-4c64c7c25640","local_time":"20201217175636","daily_mods":["Heirloom","Time Dilation","Flight"],"is_ascension_mode":false,"campfire_choices":[{"data":"DevaForm","floor":7,"key":"SMITH"},{"data":"Echo Form","floor":8,"key":"SMITH"},{"data":"Demon Form","floor":10,"key":"SMITH"},{"data":"Streamline","floor":11,"key":"SMITH"},{"data":"Streamline","floor":12,"key":"SMITH"},{"floor":15,"key":"REST"},{"data":"Electrodynamics","floor":23,"key":"SMITH"},{"data":"Self Repair","floor":25,"key":"SMITH"},{"floor":27,"key":"REST"},{"floor":29,"key":"REST"},{"data":"Undo","floor":32,"key":"SMITH"},{"data":"Creative AI","floor":40,"key":"SMITH"},{"data":"Zap","floor":41,"key":"SMITH"},{"data":"Defend_B","floor":42,"key":"SMITH"},{"data":"Defend_B","floor":44,"key":"SMITH"},{"data":"Defend_B","floor":45,"key":"SMITH"},{"floor":49,"key":"REST"}],"circlet_count":0,"master_deck":["Demon Form+1","Echo Form+1","DevaForm+1","Strike_B+1","Defend_B+1","Defend_B+1","Defend_B+1","Zap+1","Sweeping Beam+1","Streamline+1","Streamline+1","Electrodynamics+1","Self Repair+1","Undo+1","Creative AI+1"],"relics":["Unceasing Top","CaptainsWheel","Golden Idol","CeramicFish","SlaversCollar","Whetstone","Anchor","Tiny Chest","Regal Pillow","Bottled Tornado","Art of War","Nuclear Battery","Membership Card","DataDisk","Mummified Hand","Meat on the Bone"],"acts_visited":["Exordium","TheCity","TheBeyond"],"potions_floor_usage":[16,24,33,48,48,50],"damage_taken":[{"damage":5,"enemies":"Jaw Worm","floor":1,"turns":6},{"damage":7,"enemies":"Small Slimes","floor":2,"turns":5},{"damage":6,"enemies":"2 Louse","floor":3,"turns":3},{"damage":4,"enemies":"Exordium Thugs","floor":4,"turns":4},{"damage":2,"enemies":"Slime Boss","floor":16,"turns":6},{"damage":24,"enemies":"Chosen","floor":18,"turns":5},{"damage":43,"enemies":"Slavers","floor":24,"turns":4},{"damage":30,"enemies":"2 Thieves","floor":28,"turns":4},{"damage":39,"enemies":"Collector","floor":33,"turns":7},{"damage":8,"enemies":"3 Shapes","floor":35,"turns":5},{"damage":0,"enemies":"Orb Walker","floor":39,"turns":4},{"damage":4,"enemies":"4 Shapes","floor":47,"turns":4},{"damage":16,"enemies":"3 Darklings","floor":48,"turns":5},{"damage":39,"enemies":"Donu and Deca","floor":50,"turns":8}],"seed_played":"-1814998770815861933","potions_obtained":[{"floor":3,"key":"LiquidBronze"},{"floor":4,"key":"LiquidBronze"},{"floor":28,"key":"FocusPotion"},{"floor":33,"key":"EssenceOfSteel"},{"floor":39,"key":"Block Potion"},{"floor":47,"key":"Swift Potion"}],"is_trial":true,"path_per_floor":["M","M","M","M","?","?","R","R","T","R","R","R","$","?","R","B",null,"M","?","T","$","?","R","E","R","T","R","M","R","?","T","R","B",null,"M","$","$","?","M","R","R","R","T","R","R","$","M","M","R","B",null],"character_chosen":"DEFECT","items_purchased":["Anchor","Tiny Chest","Membership Card","DataDisk","Mummified Hand"],"campfire_rested":4,"item_purchase_floors":[21,21,36,36,37],"current_hp_per_floor":[70,63,57,53,35,35,35,35,35,35,35,35,35,35,57,55,75,51,51,51,51,51,51,22,22,22,59,29,66,66,66,66,37,75,75,75,75,75,75,75,75,75,75,75,75,75,75,69,75,58],"gold":77,"neow_bonus":"","is_daily":false,"chose_seed":false,"campfire_upgraded":13,"win_rate":0.0,"timestamp":1608252996,"path_taken":["M","M","M","M","?","?","R","R","T","R","R","R","$","?","R","BOSS","M","?","?","$","?","R","E","R","T","R","?","R","?","?","R","BOSS","M","$","$","?","?","R","R","R","T","R","R","$","M","M","R","BOSS"],"items_purchased_type":["Relic","Relic","Relic","Relic","Relic"],"build_version":"2020-12-13","purchased_purges":4,"victory":true,"max_hp_per_floor":[75,75,75,75,75,75,75,75,75,75,75,75,75,75,75,75,75,75,75,75,75,75,75,75,75,75,75,75,75,75,75,75,75,75,75,75,75,75,75,75,75,75,75,75,75,75,75,75,75,75],"card_choices":[{"not_picked":["Glacier","Steam"],"picked":"Sweeping Beam","floor":1},{"not_picked":["Blizzard","Stack"],"picked":"Streamline","floor":2},{"not_picked":["Steam","Leap"],"picked":"Streamline","floor":3},{"not_picked":["Stack","Thunder Strike","Compile Driver"],"picked":"SKIP","floor":4},{"not_picked":["Seek","Hyperbeam"],"picked":"Electrodynamics","floor":16},{"not_picked":["Go for the Eyes","Conserve Battery"],"picked":"Self Repair","floor":18},{"not_picked":["Redo","Doom and Gloom","White Noise"],"picked":"SKIP","floor":24},{"not_picked":["Redo","Cold Snap+1","Coolheaded"],"picked":"SKIP","floor":28},{"not_picked":["Hyperbeam","Biased Cognition"],"picked":"Creative AI","floor":33},{"not_picked":["Loop","Go for the Eyes","Scrape"],"picked":"SKIP","floor":35},{"not_picked":["Redo+1","Beam Cell+1","Sweeping Beam"],"picked":"SKIP","floor":39},{"not_picked":["Leap+1","Coolheaded+1","Rip and Tear+1"],"picked":"SKIP","floor":47},{"not_picked":["Hologram","Buffer","Glacier+1"],"picked":"SKIP","floor":48}],"player_experience":430562,"relics_obtained":[{"floor":9,"key":"CeramicFish"},{"floor":20,"key":"Whetstone"},{"floor":24,"key":"Regal Pillow"},{"floor":26,"key":"Bottled Tornado"},{"floor":31,"key":"Art of War"},{"floor":43,"key":"Meat on the Bone"}],"event_choices":[{"damage_healed":0,"gold_gain":0,"player_choice":"Take Damage","damage_taken":18,"relics_obtained":["Golden Idol"],"max_hp_gain":0,"max_hp_loss":0,"event_name":"Golden Idol","floor":5,"gold_loss":0},{"cards_removed":["Wraith Form v2"],"damage_healed":0,"gold_gain":0,"player_choice":"Card Removal","damage_taken":0,"max_hp_gain":0,"max_hp_loss":0,"event_name":"The Cleric","floor":6,"gold_loss":50},{"damage_healed":0,"gold_gain":0,"player_choice":"Ignored","damage_taken":0,"max_hp_gain":0,"max_hp_loss":0,"event_name":"Liars Game","floor":14,"gold_loss":0},{"damage_healed":0,"gold_gain":0,"player_choice":"Ignored","damage_taken":0,"max_hp_gain":0,"max_hp_loss":0,"event_name":"Vampires","floor":19,"gold_loss":0},{"damage_healed":0,"gold_gain":0,"player_choice":"1 cards matched","damage_taken":0,"max_hp_gain":0,"max_hp_loss":0,"event_name":"Match and Keep!","floor":22,"gold_loss":0,"cards_obtained":["Undo"]},{"cards_removed":["Defend_B"],"damage_healed":0,"gold_gain":0,"player_choice":"Card Removal","damage_taken":0,"max_hp_gain":0,"max_hp_loss":0,"event_name":"Wheel of Change","floor":30,"gold_loss":0},{"damage_healed":0,"gold_gain":0,"player_choice":"Full Heal","damage_taken":0,"max_hp_gain":0,"max_hp_loss":0,"event_name":"Wheel of Change","floor":38,"gold_loss":0}],"is_beta":false,"boss_relics":[{"not_picked":["Coffee Dripper","Fusion Hammer"],"picked":"SlaversCollar"},{"not_picked":["Runic Pyramid","Tiny House"],"picked":"Nuclear Battery"}],"items_purged_floors":[13,13,13,13],"is_endless":false,"potions_floor_spawned":[3,4,28,33,39,47],"ascension_level":0}}