{"host":"hgkb2zpbo2dcws21","time":1608294178,"event":{"mods":["AchievementEnabler","BaseMod","Colored Map","Colored Powertips","Custom Start","DeckTracker","KOR Keyword Fix","Minty Spire (QoL Compilation)","StSLib","SuperFastMode"],"gold_per_floor":[112,112,129,129,141,141,155,155,182,207,223,240,1,1,1,80,80,80,80],"floor_reached":18,"playtime":401,"items_purged":[],"score":308,"play_id":"6db1713a-36ee-4829-a855-fa9c6d0cab69","local_time":"20201218212258","is_ascension_mode":true,"campfire_choices":[{"data":"Calculated Gamble","floor":6,"key":"SMITH"},{"floor":8,"key":"REST"},{"floor":15,"key":"REST"}],"circlet_count":0,"master_deck":["AscendersBane","Strike_G","Strike_G","Strike_G","Defend_G","Defend_G","Defend_G","Defend_G","Survivor","Neutralize","Deadly Poison","Calculated Gamble+1","Acrobatics","PiercingWail","Deflect","A Thousand Cuts","Bane","Well Laid Plans","Dash","Grand Finale"],"relics":["Ring of the Snake","NeowsBlessing","Bag of Marbles","Potion Belt","Medical Kit","Runic Dome"],"acts_visited":["Exordium","TheCity"],"potions_floor_usage":[10,10,13],"damage_taken":[{"damage":0,"enemies":"Jaw Worm","floor":1,"turns":1},{"damage":0,"enemies":"2 Louse","floor":3,"turns":1},{"damage":0,"enemies":"Cultist","floor":5,"turns":1},{"damage":36,"enemies":"Large Slime","floor":7,"turns":7},{"damage":17,"enemies":"Lagavulin","floor":10,"turns":4},{"damage":9,"enemies":"Red Slaver","floor":11,"turns":5},{"damage":3,"enemies":"3 Louse","floor":12,"turns":3},{"damage":9,"enemies":"The Guardian","floor":16,"turns":14},{"damage":63,"enemies":"3 Byrds","floor":18,"turns":4}],"seed_played":"4417201367993862697","potions_obtained":[{"floor":3,"key":"CunningPotion"},{"floor":7,"key":"DistilledChaos"},{"floor":11,"key":"Fruit Juice"},{"floor":12,"key":"GamblersBrew"}],"is_trial":false,"path_per_floor":["M","?","M","?","M","R","M","R","T","E","M","M","$","?","R","B",null,"M"],"character_chosen":"THE_SILENT","items_purchased":["Medical Kit","Well Laid Plans"],"campfire_rested":2,"item_purchase_floors":[13,13],"current_hp_per_floor":[59,52,52,52,52,52,16,35,35,18,9,6,11,11,32,23,59,0,0],"gold":80,"neow_bonus":"THREE_ENEMY_KILL","is_daily":false,"chose_seed":false,"campfire_upgraded":1,"win_rate":0.0,"timestamp":1608294178,"path_taken":["M","?","M","?","M","R","?","R","T","E","M","M","$","?","R","BOSS","M"],"items_purchased_type":["Relic","Card"],"build_version":"2020-12-13","purchased_purges":0,"victory":false,"max_hp_per_floor":[66,66,66,66,66,66,66,66,66,66,66,66,71,71,71,71,71,71,71],"card_choices":[{"not_picked":["Prepared","Blur"],"picked":"Deadly Poison","floor":1},{"not_picked":["Slice","Quick Slash"],"picked":"Calculated Gamble","floor":3},{"not_picked":["Escape Plan","Poisoned Stab"],"picked":"Acrobatics","floor":5},{"not_picked":["Heel Hook","Dash"],"picked":"PiercingWail","floor":7},{"not_picked":["Dagger Spray","Outmaneuver"],"picked":"Deflect","floor":10},{"not_picked":["Dagger Spray","Acrobatics"],"picked":"A Thousand Cuts","floor":11},{"not_picked":["Outmaneuver","Backflip"],"picked":"Bane","floor":12},{"not_picked":["Doppelganger","Tools of the Trade"],"picked":"Grand Finale","floor":16}],"player_experience":1082686,"relics_obtained":[{"floor":9,"key":"Bag of Marbles"},{"floor":10,"key":"Potion Belt"}],"event_choices":[{"cards_removed":["Defend_G"],"damage_healed":0,"gold_gain":0,"player_choice":"Card Removal","damage_taken":7,"max_hp_gain":0,"max_hp_loss":0,"event_name":"Golden Wing","floor":2,"gold_loss":0},{"cards_removed":["Strike_G"],"damage_healed":0,"gold_gain":0,"player_choice":"Offered Basic","damage_taken":0,"max_hp_gain":0,"max_hp_loss":0,"event_name":"Bonfire Elementals","floor":4,"gold_loss":0},{"damage_healed":0,"gold_gain":0,"cards_transformed":["Strike_G"],"player_choice":"Transformed","damage_taken":0,"max_hp_gain":0,"max_hp_loss":0,"event_name":"Transmorgrifier","floor":14,"gold_loss":0,"cards_obtained":["Dash"]}],"is_beta":false,"boss_relics":[{"not_picked":["WristBlade","Black Star"],"picked":"Runic Dome"}],"items_purged_floors":[],"is_endless":false,"potions_floor_spawned":[3,7,11,12],"killed_by":"3 Byrds","ascension_level":18}}