{"host":"qwttrqaysb380yri","time":1608323129,"event":{"mods":["BaseMod","Custom Start","Minty Spire (QoL Compilation)","Permanent Neow","Puzzle Mod","Relic Stats","StSLib","The Cursed","The Hierophant"],"gold_per_floor":[119,132,132,142,154,154,183,196,222,222,222,68,85,111,111,209,209,225,225,225,27,27,27,39,39,39],"floor_reached":25,"playtime":660,"items_purged":["Go for the Eyes"],"score":338,"play_id":"91c37bc0-4e16-494c-8c56-c1bf4e6c93b4","local_time":"20201218212529","is_ascension_mode":true,"campfire_choices":[{"data":"Dualcast","floor":6.0,"key":"SMITH"},{"floor":10.0,"key":"REST"},{"floor":15,"key":"REST"},{"floor":23,"key":"REST"}],"circlet_count":0,"master_deck":["AscendersBane","Strike_B","Strike_B","Strike_B","Defend_B","Defend_B","Defend_B","Defend_B","Zap","Dualcast+1","Clumsy","Compile Driver","Compile Driver","White Noise","Cold Snap","Defragment","Conserve Battery","Melter","Doom and Gloom","Coolheaded","Multi-Cast","Ball Lightning"],"relics":["Cracked Core","Du-Vu Doll","Tiny Chest","Akabeko","Smiling Mask","Boot","Snecko Eye","Toxic Egg 2","Ornamental Fan","Chemical X"],"acts_visited":["Exordium","TheCity"],"potions_floor_usage":[16,16],"damage_taken":[{"damage":0.0,"enemies":"Small Slimes","floor":1.0,"turns":2.0},{"damage":6.0,"enemies":"Cultist","floor":2.0,"turns":3.0},{"damage":7.0,"enemies":"2 Louse","floor":4.0,"turns":3.0},{"damage":6.0,"enemies":"Looter","floor":5.0,"turns":3.0},{"damage":20.0,"enemies":"Lagavulin","floor":7.0,"turns":6.0},{"damage":11.0,"enemies":"Exordium Wildlife","floor":8.0,"turns":4.0},{"damage":3.0,"enemies":"Large Slime","floor":13.0,"turns":4.0},{"damage":20,"enemies":"3 Sentries","floor":14,"turns":5},{"damage":2,"enemies":"Slime Boss","floor":16,"turns":5},{"damage":45,"enemies":"2 Thieves","floor":18,"turns":4},{"damage":27,"enemies":"Shell Parasite","floor":24,"turns":4},{"damage":0,"enemies":"Slavers","floor":25,"turns":1}],"seed_played":"5841187971420825662","potions_obtained":[{"floor":1.0,"key":"FocusPotion"},{"floor":5.0,"key":"Fire Potion"},{"floor":8.0,"key":"EssenceOfDarkness"},{"floor":24,"key":"CultistPotion"}],"is_trial":false,"path_per_floor":["M","M","?","M","M","R","E","M","T","R","?","$","M","E","R","B",null,"M","?","T","$","?","R","M","E"],"character_chosen":"DEFECT","items_purchased":["Defragment","Conserve Battery","Melter","Chemical X"],"campfire_rested":3,"item_purchase_floors":[12,12,12,21],"current_hp_per_floor":[68,62,62,55,49,49,29,18,18,40,33,33,30,10,32,30,64,19,19,19,19,19,41,14,14,14],"gold":39,"neow_bonus":"ONE_RARE_RELIC","is_daily":false,"chose_seed":false,"campfire_upgraded":1,"win_rate":0.0,"timestamp":1608323129,"path_taken":["M","M","?","M","M","R","E","?","T","R","?","$","M","E","R","BOSS","M","?","?","$","?","R","M","E"],"items_purchased_type":["Card","Card","Card","Relic"],"build_version":"2020-12-13","purchased_purges":1,"victory":false,"max_hp_per_floor":[75,75,75,75,75,75,75,75,75,75,75,75,75,75,75,75,75,75,75,75,75,75,75,75,75,75],"relic_stats":{"counters":[12,44],"Ornamental Fan":[4],"Snecko Eye":[19,16,11,20],"Tiny Chest":1,"Chemical X":[2],"Smiling Mask":25,"Boot":[0],"obtain_stats":[{"Du-Vu Doll":0,"Ornamental Fan":20,"Snecko Eye":17,"Tiny Chest":3,"Chemical X":21,"Toxic Egg 2":19,"Cracked Core":0,"Smiling Mask":9,"Boot":14,"Akabeko":7},{"Du-Vu Doll":0,"Ornamental Fan":10,"Snecko Eye":9,"Tiny Chest":2,"Chemical X":10,"Toxic Egg 2":10,"Cracked Core":0,"Smiling Mask":6,"Boot":8,"Akabeko":5},{"Du-Vu Doll":0,"Ornamental Fan":39,"Snecko Eye":35,"Tiny Chest":5,"Chemical X":39,"Toxic Egg 2":39,"Cracked Core":0,"Smiling Mask":21,"Boot":30,"Akabeko":17}]},"card_choices":[{"not_picked":["Barrage","Turbo"],"picked":"Compile Driver","floor":1.0},{"not_picked":["Conserve Battery","Rebound"],"picked":"Go for the Eyes","floor":2.0},{"not_picked":["Coolheaded","Scrape"],"picked":"Go for the Eyes","floor":4.0},{"not_picked":["Steam","Creative AI"],"picked":"Compile Driver","floor":5.0},{"not_picked":["Barrage","Scrape"],"picked":"White Noise","floor":7.0},{"not_picked":["Static Discharge","Streamline"],"picked":"Cold Snap","floor":8.0},{"not_picked":["Aggregate","Lockon"],"picked":"Doom and Gloom","floor":13},{"not_picked":["White Noise","Cold Snap"],"picked":"Coolheaded","floor":14},{"not_picked":["Meteor Strike","Hyperbeam"],"picked":"Multi-Cast","floor":16},{"not_picked":["Leap","Hello World"],"picked":"Ball Lightning","floor":18},{"not_picked":["Beam Cell","Barrage","Ball Lightning"],"picked":"SKIP","floor":24}],"player_experience":1879515,"relics_obtained":[{"floor":7.0,"key":"Akabeko"},{"floor":9.0,"key":"Smiling Mask"},{"floor":14,"key":"Boot"},{"floor":20,"key":"Ornamental Fan"}],"event_choices":[{"cards_removed":["Go for the Eyes"],"damage_healed":0.0,"max_hp_gain":0.0,"max_hp_loss":0.0,"gold_gain":0.0,"event_name":"WeMeetAgain","player_choice":"Gave Card","floor":3.0,"gold_loss":0.0,"damage_taken":0.0,"relics_obtained":["Tiny Chest"]},{"cards_removed":["Strike_B"],"damage_healed":0.0,"max_hp_gain":0.0,"max_hp_loss":0.0,"gold_gain":0.0,"event_name":"Golden Wing","player_choice":"Card Removal","floor":11.0,"gold_loss":0.0,"damage_taken":7.0},{"damage_healed":0,"gold_gain":0,"player_choice":"Opened","damage_taken":0,"relics_obtained":["Toxic Egg 2"],"max_hp_gain":0,"max_hp_loss":0,"event_name":"The Mausoleum","floor":19,"gold_loss":0},{"damage_healed":0,"gold_gain":0,"player_choice":"Ignored","damage_taken":0,"max_hp_gain":0,"max_hp_loss":0,"event_name":"Vampires","floor":22,"gold_loss":0}],"is_beta":false,"boss_relics":[{"not_picked":["Fusion Hammer","Busted Crown"],"picked":"Snecko Eye"}],"items_purged_floors":[21],"is_endless":false,"potions_floor_spawned":[1,5,8,13,14,24],"killed_by":"Slavers","ascension_level":12}}