{"host":"aj7el8l5kufbk20z","time":1608280652,"event":{"mods":["AchievementEnabler","BaseMod","Colored Map","Colored Powertips","Curses Come First","Highlight Path","Minty Spire (QoL Compilation)","Quick Restart","Rare Cards Sparkle","Relic Stats","StSLib","SuperFastMode"],"gold_per_floor":[117,42,42,3,15,15,40,40,40,60,109,121,121,21,21,117,117,130,1450,1450,1142,1154,1154,1165,1165,1165,1176,1176,1196,599,599,599],"floor_reached":31,"playtime":1269,"items_purged":["Strike_R","Strike_R","Strike_R","Strike_R"],"score":297,"play_id":"669ec10d-1da8-4460-9ecf-35ac1fca1c8b","local_time":"20201218163732","is_ascension_mode":true,"campfire_choices":[{"data":"Entrench","floor":6,"key":"SMITH"},{"data":"Entrench","floor":8,"key":"SMITH"},{"data":"Rampage","floor":15,"key":"SMITH"},{"data":"Barricade","floor":23,"key":"SMITH"},{"data":"Demon Form","floor":28,"key":"SMITH"}],"circlet_count":0,"master_deck":["Defend_R+1","Defend_R+1","Defend_R+1","Bash","Entrench+1","Immolate","Clothesline","Entrench+1","Headbutt","Ghostly Armor","Rampage+1","Body Slam","Barricade+1","Dropkick","Ghostly Armor","Demon Form+1","Rupture"],"relics":["Burning Blood","NeowsBlessing","Bag of Marbles","InkBottle","Vajra","Velvet Choker","StrikeDummy","War Paint","Red Skull","Orichalcum","Potion Belt","Sling"],"acts_visited":["Exordium","TheCity"],"potions_floor_usage":[],"damage_taken":[{"damage":0,"enemies":"2 Louse","floor":1,"turns":1},{"damage":0,"enemies":"Cultist","floor":5,"turns":1},{"damage":0,"enemies":"3 Sentries","floor":7,"turns":2},{"damage":0,"enemies":"Jaw Worm","floor":10,"turns":1},{"damage":8,"enemies":"Large Slime","floor":12,"turns":3},{"damage":16,"enemies":"Slime Boss","floor":16,"turns":9},{"damage":31,"enemies":"Shell Parasite","floor":18,"turns":10},{"damage":29,"enemies":"Spheric Guardian","floor":22,"turns":6},{"damage":5,"enemies":"Snecko","floor":24,"turns":4},{"damage":4,"enemies":"Cultist and Chosen","floor":27,"turns":7},{"damage":4,"enemies":"Snake Plant","floor":29,"turns":4},{"damage":39,"enemies":"Gremlin Leader","floor":31,"turns":5}],"seed_played":"-9129667074113381343","potions_obtained":[{"floor":1,"key":"Explosive Potion"},{"floor":12,"key":"Swift Potion"},{"floor":24,"key":"AttackPotion"},{"floor":27,"key":"EssenceOfSteel"}],"is_trial":false,"path_per_floor":["M","$","?","$","M","R","E","R","T","M","T","M","?","$","R","B",null,"M","?","?","$","M","R","M","?","T","M","R","M","$","E"],"character_chosen":"IRONCLAD","items_purchased":["Entrench","Ghostly Armor","War Paint","Orichalcum","Potion Belt","Sling"],"campfire_rested":0,"item_purchase_floors":[4,21,21,30,30,30],"current_hp_per_floor":[80,80,80,80,80,80,80,80,80,80,80,78,62,62,62,52,80,55,55,55,55,32,32,33,33,33,35,35,37,37,0,0],"gold":599,"neow_bonus":"THREE_ENEMY_KILL","is_daily":false,"chose_seed":false,"campfire_upgraded":5,"win_rate":0.0,"timestamp":1608280652,"path_taken":["M","$","?","?","M","R","E","R","T","M","?","M","?","?","R","BOSS","M","?","?","$","?","R","M","?","T","M","R","M","$","E"],"items_purchased_type":["Card","Card","Relic","Relic","Relic","Relic"],"build_version":"2020-12-13","purchased_purges":4,"victory":false,"max_hp_per_floor":[80,80,80,80,80,80,80,80,80,80,80,80,80,80,80,80,80,80,80,80,80,80,80,80,80,80,80,80,80,80,80,80],"relic_stats":{"counters":[12,53],"War Paint":["Defend_R","Defend_R"],"Orichalcum":[6],"obtain_stats":[{"Potion Belt":30,"NeowsBlessing":0,"Vajra":11,"Velvet Choker":17,"Bag of Marbles":7,"War Paint":21,"Orichalcum":30,"StrikeDummy":19,"Sling":30,"Burning Blood":0,"InkBottle":9,"Red Skull":26},{"Potion Belt":11,"NeowsBlessing":0,"Vajra":4,"Velvet Choker":6,"Bag of Marbles":3,"War Paint":7,"Orichalcum":11,"StrikeDummy":7,"Sling":11,"Burning Blood":0,"InkBottle":3,"Red Skull":9},{"Potion Belt":48,"NeowsBlessing":0,"Vajra":5,"Velvet Choker":17,"Bag of Marbles":4,"War Paint":27,"Orichalcum":48,"StrikeDummy":27,"Sling":48,"Burning Blood":0,"InkBottle":4,"Red Skull":37}],"Burning Blood":42,"InkBottle":[13]},"card_choices":[{"not_picked":["Thunderclap","Warcry"],"picked":"Entrench","floor":1},{"not_picked":["Perfected Strike","Flex"],"picked":"Headbutt","floor":5},{"not_picked":["Carnage","Clash"],"picked":"Ghostly Armor","floor":7},{"not_picked":["Burning Pact","Armaments"],"picked":"Rampage","floor":10},{"not_picked":["Rupture","Reaper"],"picked":"Body Slam","floor":12},{"not_picked":["Immolate","Limit Break"],"picked":"Barricade","floor":16},{"not_picked":["Carnage","Iron Wave"],"picked":"Dropkick","floor":18},{"not_picked":["Pommel Strike","Flex+1","Pummel"],"picked":"SKIP","floor":22},{"not_picked":["Warcry+1","Disarm","Havoc+1"],"picked":"SKIP","floor":24},{"not_picked":["Power Through","Shrug It Off","Bloodletting"],"picked":"SKIP","floor":27},{"not_picked":["Headbutt","Disarm","Warcry"],"picked":"SKIP","floor":29}],"player_experience":276649,"relics_obtained":[{"floor":7,"key":"Bag of Marbles"},{"floor":9,"key":"InkBottle"},{"floor":11,"key":"Vajra"},{"floor":26,"key":"Red Skull"}],"event_choices":[{"damage_healed":0,"gold_gain":0,"player_choice":"2 cards matched","damage_taken":0,"max_hp_gain":0,"max_hp_loss":0,"event_name":"Match and Keep!","floor":3,"gold_loss":0,"cards_obtained":["Immolate","Clothesline"]},{"damage_healed":0,"gold_gain":0,"player_choice":"2 cards matched","damage_taken":0,"max_hp_gain":0,"max_hp_loss":0,"event_name":"Match and Keep!","floor":3,"gold_loss":0,"cards_obtained":["Immolate","Clothesline"]},{"damage_healed":0,"gold_gain":0,"player_choice":"Entered Light","damage_taken":16,"max_hp_gain":0,"max_hp_loss":0,"event_name":"Shining Light","floor":13,"gold_loss":0,"cards_upgraded":["Defend_R","Defend_R"]},{"damage_healed":0,"gold_gain":0,"player_choice":"Obtained Relic","damage_taken":0,"relics_obtained":["StrikeDummy"],"max_hp_gain":0,"max_hp_loss":0,"event_name":"Addict","floor":19,"gold_loss":85},{"damage_healed":0,"gold_gain":0,"player_choice":"Bought 0 Potions","damage_taken":0,"max_hp_gain":0,"max_hp_loss":0,"event_name":"The Woman in Blue","floor":20,"gold_loss":0},{"damage_healed":0,"gold_gain":0,"cards_transformed":["Strike_R","Defend_R"],"player_choice":"Became Test Subject","damage_taken":0,"max_hp_gain":0,"max_hp_loss":0,"event_name":"Drug Dealer","floor":25,"gold_loss":0,"cards_obtained":["Demon Form","Rupture"]}],"is_beta":false,"boss_relics":[{"not_picked":["Cursed Key","Coffee Dripper"],"picked":"Velvet Choker"}],"items_purged_floors":[2,14,21,30],"is_endless":false,"potions_floor_spawned":[1,12,24,27],"killed_by":"Gremlin Leader","ascension_level":3}}