{"host":"oc5h2hqz0xgb0igf","time":1608303931,"event":{"mods":["AchievementEnabler","BaseMod","Card Forge","Colored Map","Colored Powertips","Minty Spire (QoL Compilation)","Prisma Mod","Rare Cards Sparkle","StSLib"],"gold_per_floor":[112,112,36,111,125,160,160,110,133,133,133,168,183,183,183,313,313,313,313],"floor_reached":18,"playtime":1349,"items_purged":[],"score":191,"play_id":"fdb6af22-c236-4c20-8a97-125854beb203","local_time":"20201218070531","is_ascension_mode":false,"campfire_choices":[{"data":"PrismaMod:ChloeGaeBolg","floor":7.0,"key":"SMITH"},{"data":"PrismaMod:ChloeRitsuka","floor":11.0,"key":"SMITH"},{"data":"PrismaMod:ChloeDoubleRelicSpeed","floor":15.0,"key":"SMITH"}],"circlet_count":0,"master_deck":["PrismaMod:ChloeAnyAttackTrace+1","PrismaMod:ChloeAnyCommonTrace+1","PrismaMod:ChloeAnyPowerTrace+1","PrismaMod:ChloeAnyRareTrace+1","PrismaMod:ChloeAnySkillTrace+1","PrismaMod:ChloeAnyUncommonTrace+1","PrismaMod:ChloeCreateableTraceCard+1","PrismaMod:ChloeUnlimitedBladeWorks+1"],"relics":["PrismaMod:PrismaTraceOn","Hammer of Thor","Seething Fire","Anvil of the Gods","NeowsBlessing","Pantograph","Golden Idol","Potion Belt","HornCleat","Black Star"],"acts_visited":["Exordium","TheCity"],"potions_floor_usage":[18],"damage_taken":[{"damage":0.0,"enemies":"Small Slimes","floor":1.0,"turns":1.0},{"damage":0.0,"enemies":"2 Louse","floor":5.0,"turns":1.0},{"damage":0.0,"enemies":"3 Sentries","floor":6.0,"turns":1.0},{"damage":4.0,"enemies":"Lagavulin","floor":12.0,"turns":10.0},{"damage":0.0,"enemies":"Jaw Worm","floor":13.0,"turns":3.0},{"damage":3.0,"enemies":"Hexaghost","floor":16.0,"turns":10.0},{"damage":0,"enemies":"Chosen","floor":18,"turns":2}],"seed_played":"-3264466550263884145","potions_obtained":[{"floor":5.0,"key":"Block Potion"},{"floor":12.0,"key":"Fruit Juice"},{"floor":13.0,"key":"Block Potion"}],"is_trial":false,"path_per_floor":["M","?","$","?","M","E","R","?","T","?","R","E","M","T","R","B",null,"M"],"character_chosen":"CHLOE","items_purchased":["PrismaMod:ChloeGaeBolg"],"campfire_rested":0,"item_purchase_floors":[3],"current_hp_per_floor":[75,68,68,57,57,57,57,57,57,39,39,35,40,40,40,62,80,80,80],"gold":313,"neow_bonus":"THREE_ENEMY_KILL","is_daily":false,"chose_seed":false,"campfire_upgraded":3,"win_rate":0.0,"timestamp":1608303931,"path_taken":["M","?","$","?","M","E","R","?","T","?","R","E","M","?","R","BOSS","M"],"items_purchased_type":["Card"],"build_version":"2020-12-13","purchased_purges":0,"victory":false,"max_hp_per_floor":[75,75,75,75,75,75,75,75,75,75,75,75,80,80,80,80,80,80,80],"card_choices":[{"not_picked":["PrismaMod:ChloeCheapAttack","PrismaMod:ChloeCheapDefendTwo"],"picked":"PrismaMod:ChloeRitsuka","floor":1.0},{"not_picked":["PrismaMod:ChloeChristmas","PrismaMod:ChloeCommonAOEAttack","PrismaMod:ChloeDiscardRecovery"],"picked":"SKIP","floor":5.0},{"not_picked":["PrismaMod:ChloeHalloween","PrismaMod:ChloeBetterTracePools"],"picked":"PrismaMod:ChloeDoubleRelicSpeed","floor":6.0},{"not_picked":["PrismaMod:ChloeRhongomyniad","PrismaMod:ChloeDiscardRecovery"],"picked":"PrismaMod:ChloeCheapDefendTwo","floor":12.0},{"not_picked":["PrismaMod:ChloeCheapDefend","PrismaMod:ChloeCheapAttack"],"picked":"PrismaMod:ChloeExhaustOne","floor":13.0},{"not_picked":["PrismaMod:ChloeAnyAttackTrace","PrismaMod:ChloeCarnivalAttack"],"picked":"PrismaMod:ChloeCarnivalDefend","floor":16.0}],"player_experience":122972,"relics_obtained":[{"floor":6.0,"key":"Pantograph"},{"floor":12.0,"key":"Potion Belt"},{"floor":14.0,"key":"HornCleat"}],"event_choices":[{"cards_removed":["PrismaMod:ChloeCommonAttack"],"damage_healed":0.0,"max_hp_gain":0.0,"max_hp_loss":0.0,"gold_gain":0.0,"event_name":"Golden Wing","player_choice":"Card Removal","floor":2.0,"gold_loss":0.0,"damage_taken":7.0},{"damage_healed":0.0,"max_hp_gain":0.0,"max_hp_loss":0.0,"gold_gain":75.0,"event_name":"World of Goop","player_choice":"Gather Gold","floor":4.0,"gold_loss":0.0,"damage_taken":11.0},{"cards_removed":["PrismaMod:ChloeCommonAttack"],"damage_healed":0.0,"max_hp_gain":0.0,"max_hp_loss":0.0,"gold_gain":0.0,"event_name":"The Cleric","player_choice":"Card Removal","floor":8.0,"gold_loss":50.0,"damage_taken":0.0},{"damage_healed":0.0,"max_hp_gain":0.0,"max_hp_loss":0.0,"gold_gain":0.0,"event_name":"Golden Idol","player_choice":"Take Damage","floor":10.0,"gold_loss":0.0,"damage_taken":18.0,"relics_obtained":["Golden Idol"]}],"is_beta":false,"boss_relics":[{"not_picked":["Tiny House","Astrolabe"],"picked":"Black Star"}],"items_purged_floors":[],"is_endless":false,"potions_floor_spawned":[5,12,13],"killed_by":"Chosen","ascension_level":0}}