{"host":"esx1hwjnbftf3eqj","time":1608322502,"event":{"mods":["BaseMod","Colored Map","Minty Spire (QoL Compilation)","StSLib","The Jungle"],"gold_per_floor":[112,287,237,256,104,138,138,171,171,202,202,46,65,15,15,145,145,168,68,88,104,118,28,28,28,28,62,182,182,217,237,237,358,358,381,402,108,108,37,68,68,112,112,194,194,194,210,254,254,254],"floor_reached":51,"playtime":4928,"items_purged":["Strike_R","Strike_R"],"score":994,"play_id":"3c2e7ea6-9220-40c0-bb28-3d848edcbd4a","local_time":"20201218121502","is_ascension_mode":true,"campfire_choices":[{"data":"Shockwave","floor":11,"key":"SMITH"},{"data":"Juggernaut","floor":15,"key":"SMITH"},{"data":"Dual Wield","floor":24,"key":"SMITH"},{"data":"Uppercut","floor":29,"key":"SMITH"},{"data":"Rage","floor":32,"key":"SMITH"},{"data":"Flame Barrier","floor":41,"key":"SMITH"},{"data":"Flame Barrier","floor":45,"key":"SMITH"},{"data":"Battle Trance","floor":49,"key":"SMITH"}],"circlet_count":0,"master_deck":["Strike_R+1","Strike_R+1","Strike_R+1","Defend_R+1","Defend_R+1","Defend_R+1","Defend_R+1","Bash+1","Battle Trance+1","Thunderclap","Shockwave+1","Flame Barrier+1","Headbutt","Uppercut+1","Juggernaut+1","Shrug It Off+1","Flame Barrier+1","Metallicize+1","Shrug It Off+1","Juggernaut+1","Berserk+1","Havoc+1","Rage+1","Flame Barrier+1","Dual Wield+1","Reaper+1","Cleave+1","Barricade+1","Uppercut+1","Havoc+1","Metallicize+1","Master of Strategy","Juggernaut+1"],"relics":["Burning Blood","Orrery","Frozen Egg 2","Golden Idol","StoneCalendar","Bottled Tornado","Matryoshka","Sozu","theJungle:ParSnip","theJungle:WildPear","Blood Vial","Molten Egg 2","Art of War","War Paint","Coffee Dripper","Anchor","Lantern","Juzu Bracelet","InkBottle","Centennial Puzzle","Question Card","Letter Opener","Paper Frog"],"acts_visited":["Exordium","Exordium","TheBeyond"],"potions_floor_usage":[10,10,16,22],"damage_taken":[{"damage":2,"enemies":"2 Louse","floor":1,"turns":3},{"damage":0,"enemies":"Small Slimes","floor":4,"turns":3},{"damage":29,"enemies":"Lagavulin","floor":6,"turns":10},{"damage":29,"enemies":"3 Sentries","floor":8,"turns":8},{"damage":3,"enemies":"Gremlin Nob","floor":10,"turns":3},{"damage":2,"enemies":"Jaw Worm","floor":13,"turns":7},{"damage":4,"enemies":"Slime Boss","floor":16,"turns":7},{"damage":2,"enemies":"theJungle:MUSHROOMGANG","floor":18,"turns":4},{"damage":13,"enemies":"theJungle:5_Spyders","floor":20,"turns":7},{"damage":24,"enemies":"theJungle:Lyon","floor":21,"turns":4},{"damage":24,"enemies":"theJungle:2_Snecko_Cultists","floor":22,"turns":4},{"damage":0,"enemies":"theJungle:2_Phrogs","floor":27,"turns":6},{"damage":21,"enemies":"theJungle:MamaSnecko","floor":30,"turns":7},{"damage":12,"enemies":"theJungle:2_Flameangoes","floor":31,"turns":5},{"damage":1,"enemies":"theJungle:FunGuy","floor":33,"turns":7},{"damage":5,"enemies":"Orb Walker","floor":35,"turns":5},{"damage":17,"enemies":"3 Shapes","floor":36,"turns":6},{"damage":0,"enemies":"Giant Head","floor":40,"turns":7},{"damage":12,"enemies":"Nemesis","floor":42,"turns":7},{"damage":6,"enemies":"Maw","floor":47,"turns":6},{"damage":28,"enemies":"Reptomancer","floor":48,"turns":5},{"damage":35,"enemies":"Donu and Deca","floor":50,"turns":8}],"seed_played":"-1516322595515285077","potions_obtained":[{"floor":4,"key":"SkillPotion"},{"floor":6,"key":"AttackPotion"},{"floor":16,"key":"AttackPotion"}],"is_trial":false,"path_per_floor":["M","?","?","M","$","E","?","E","T","E","R","$","M","$","R","B",null,"M","$","M","M","M","?","R","?","T","E","?","R","E","M","R","B",null,"M","M","$","?","$","E","R","E","T","T","R","?","M","E","R","B",null],"character_chosen":"IRONCLAD","items_purchased":["Orrery","Metallicize+1","Shrug It Off","AttackPotion","Anchor","Lantern","Metallicize+1"],"campfire_rested":0,"item_purchase_floors":[5,12,12,14,37,37,39],"current_hp_per_floor":[88,88,88,88,88,65,43,20,20,23,23,23,27,27,27,29,88,88,88,81,63,45,45,45,55,55,63,49,49,41,49,49,61,98,98,92,92,92,92,98,98,92,92,92,92,92,98,82,82,63],"gold":254,"neow_bonus":"TEN_PERCENT_HP_BONUS","is_daily":false,"chose_seed":false,"campfire_upgraded":8,"win_rate":0.0,"timestamp":1608322502,"path_taken":["M","?","?","M","$","E","?","E","T","E","R","?","M","$","R","BOSS","M","$","M","M","M","?","R","?","T","E","?","R","E","M","R","BOSS","M","M","$","?","$","E","R","E","T","?","R","?","M","E","R","BOSS"],"items_purchased_type":["Relic","Card","Card","Potion","Relic","Relic","Card"],"build_version":"2020-12-13","purchased_purges":2,"victory":true,"max_hp_per_floor":[88,88,88,88,88,88,88,88,88,88,88,88,88,88,88,88,88,88,88,88,88,88,88,88,98,98,98,98,98,98,98,98,98,98,98,98,98,98,98,98,98,98,98,98,98,98,98,98,98,98],"card_choices":[{"not_picked":["Pommel Strike","Perfected Strike"],"picked":"Battle Trance","floor":1},{"not_picked":["Dark Embrace","Sword Boomerang"],"picked":"Thunderclap","floor":4},{"not_picked":["Disarm","Intimidate"],"picked":"Shockwave","floor":5},{"not_picked":["Anger","Whirlwind"],"picked":"Flame Barrier","floor":5},{"not_picked":["Thunderclap","Perfected Strike"],"picked":"Headbutt","floor":5},{"not_picked":["Fiend Fire","Headbutt"],"picked":"Uppercut","floor":5},{"not_picked":["Heavy Blade","True Grit"],"picked":"Juggernaut","floor":5},{"not_picked":["Battle Trance","Perfected Strike"],"picked":"Shrug It Off","floor":6},{"not_picked":["Sword Boomerang","Clothesline"],"picked":"Flame Barrier","floor":8},{"not_picked":["Sword Boomerang","Infernal Blade","Perfected Strike"],"picked":"SKIP","floor":10},{"not_picked":["Thunderclap","Shockwave"],"picked":"Juggernaut+1","floor":13},{"not_picked":["Feed","Exhume"],"picked":"Berserk+1","floor":16},{"not_picked":["Dual Wield","Twin Strike+1"],"picked":"Havoc+1","floor":18},{"not_picked":["Anger","Clothesline"],"picked":"Rage","floor":20},{"not_picked":["Heavy Blade+1","Warcry"],"picked":"Flame Barrier+1","floor":21},{"not_picked":["Pommel Strike","Shrug It Off"],"picked":"Dual Wield","floor":22},{"not_picked":["True Grit+1","Second Wind"],"picked":"Reaper+1","floor":27},{"not_picked":["Reckless Charge+1","Sword Boomerang+1"],"picked":"Cleave+1","floor":30},{"not_picked":["Perfected Strike+1","Rupture+1"],"picked":"Thunderclap+1","floor":31},{"not_picked":["Brutality+1","Corruption+1"],"picked":"Barricade+1","floor":33},{"not_picked":["Carnage+1","Infernal Blade+1"],"picked":"Uppercut+1","floor":35},{"not_picked":["Sword Boomerang+1","Rage"],"picked":"Havoc+1","floor":36},{"not_picked":["Second Wind","Perfected Strike+1","Barricade+1"],"picked":"SKIP","floor":40},{"not_picked":["Cleave+1","Clothesline+1","Warcry"],"picked":"SKIP","floor":42},{"not_picked":["Swift Strike+1","The Bomb","Good Instincts"],"picked":"Master of Strategy","floor":46},{"not_picked":["Warcry","Sword Boomerang+1","Havoc","Twin Strike+1"],"picked":"SKIP","floor":47},{"not_picked":["True Grit","Thunderclap+1","Warcry"],"picked":"Juggernaut+1","floor":48}],"player_experience":451086,"relics_obtained":[{"floor":6,"key":"Frozen Egg 2"},{"floor":8,"key":"StoneCalendar"},{"floor":9,"key":"Bottled Tornado"},{"floor":10,"key":"Matryoshka"},{"floor":26,"key":"Blood Vial"},{"floor":26,"key":"Molten Egg 2"},{"floor":27,"key":"Art of War"},{"floor":30,"key":"War Paint"},{"floor":40,"key":"Juzu Bracelet"},{"floor":42,"key":"InkBottle"},{"floor":43,"key":"Centennial Puzzle"},{"floor":43,"key":"Question Card"},{"floor":44,"key":"Letter Opener"},{"floor":48,"key":"Paper Frog"}],"event_choices":[{"damage_healed":0,"gold_gain":175,"player_choice":"AGREE","damage_taken":0,"max_hp_gain":0,"max_hp_loss":0,"event_name":"Liars Game","floor":2,"gold_loss":0,"cards_obtained":["Doubt"]},{"cards_removed":["Doubt"],"damage_healed":0,"gold_gain":0,"player_choice":"Card Removal","damage_taken":0,"max_hp_gain":0,"max_hp_loss":0,"event_name":"The Cleric","floor":3,"gold_loss":50},{"damage_healed":0,"gold_gain":0,"player_choice":"Take Damage","damage_taken":22,"relics_obtained":["Golden Idol"],"max_hp_gain":0,"max_hp_loss":0,"event_name":"Golden Idol","floor":7,"gold_loss":0},{"cards_removed":["Thunderclap"],"damage_healed":0,"gold_gain":0,"player_choice":"Removed Attack","damage_taken":0,"max_hp_gain":0,"max_hp_loss":0,"event_name":"Falling","floor":38,"gold_loss":0},{"damage_healed":0,"gold_gain":0,"player_choice":"Memory 1","damage_taken":0,"max_hp_gain":0,"max_hp_loss":0,"event_name":"SensoryStone","floor":46,"gold_loss":0}],"is_beta":false,"boss_relics":[{"not_picked":["Ectoplasm","Velvet Choker"],"picked":"Sozu"},{"not_picked":["Pandora\u0027s Box","Runic Dome"],"picked":"Coffee Dripper"}],"items_purged_floors":[12,19],"is_endless":false,"potions_floor_spawned":[4,6,16,18,20,27,36,47,48],"ascension_level":4}}