{"host":"bnbc66jny2i0hx0x","time":1608261364,"event":{"mods":["AchievementEnabler","BaseMod","Minty Spire (QoL Compilation)","Relic Sorter","StSLib"],"gold_per_floor":[369,80,96,246,14,44,9,9,9,40,40,40,84,107,107,197,197,215,229,252,252,17,17,61,61,84,124,163,177,215,236,236,331,331,351,351,351,370,19,60,78,103,130,149,187,187,220,233,233,233],"floor_reached":51,"playtime":2270,"items_purged":["Doubt"],"score":1454,"play_id":"4e946f97-1576-4e25-9be2-1277bff6562f","local_time":"20201217191604","is_ascension_mode":true,"campfire_choices":[{"data":"Heavy Blade","floor":8.0,"key":"SMITH"},{"data":"Inflame","floor":15.0,"key":"SMITH"},{"data":"Bash","floor":23.0,"key":"SMITH"},{"data":"Sword Boomerang","floor":25.0,"key":"SMITH"},{"floor":32.0,"key":"REST"},{"floor":46,"key":"REST"},{"floor":49,"key":"REST"}],"circlet_count":0,"master_deck":["AscendersBane","Strike_R","Strike_R","Defend_R","Defend_R","Defend_R","Defend_R","Bash+1","Cleave","Inflame+1","Heavy Blade+1","Battle Trance","Sword Boomerang+1","Offering+1","Armaments+1","Enlightenment+1","Exhume+1","True Grit+1","Offering+1","Impervious+1","Twin Strike+1","Combust+1","Master of Strategy+1","Flash of Steel","Flash of Steel","Dual Wield+1","Spot Weakness+1"],"relics":["Burning Blood","FossilizedHelix","Sling","Sundial","Kunai","Du-Vu Doll","Bottled Flame","Golden Idol","Toxic Egg 2","Sozu","Lee\u0027s Waffle","Lizard Tail","Red Skull","Akabeko","Red Mask","Mango","Astrolabe","Dead Branch","Champion Belt","Juzu Bracelet","Molten Egg 2","Bird Faced Urn"],"acts_visited":["Exordium","TheCity","TheBeyond"],"potions_floor_usage":[],"damage_taken":[{"damage":14.0,"enemies":"Jaw Worm","floor":1.0,"turns":3.0},{"damage":8.0,"enemies":"2 Louse","floor":3.0,"turns":2.0},{"damage":15.0,"enemies":"Lagavulin","floor":6.0,"turns":6.0},{"damage":22.0,"enemies":"Gremlin Nob","floor":10.0,"turns":4.0},{"damage":10.0,"enemies":"3 Sentries","floor":13.0,"turns":5.0},{"damage":0.0,"enemies":"Small Slimes","floor":14.0,"turns":2.0},{"damage":38.0,"enemies":"The Guardian","floor":16.0,"turns":11.0},{"damage":6.0,"enemies":"Chosen","floor":18.0,"turns":3.0},{"damage":16.0,"enemies":"Shell Parasite","floor":19.0,"turns":4.0},{"damage":33.0,"enemies":"Snake Plant","floor":20.0,"turns":3.0},{"damage":37.0,"enemies":"Slavers","floor":24.0,"turns":5.0},{"damage":22.0,"enemies":"Book of Stabbing","floor":27.0,"turns":3.0},{"damage":0.0,"enemies":"Masked Bandits","floor":28.0,"turns":2.0},{"damage":0.0,"enemies":"Cultist and Chosen","floor":29.0,"turns":3.0},{"damage":5.0,"enemies":"Slavers","floor":30.0,"turns":3.0},{"damage":6.0,"enemies":"Shelled Parasite and Fungi","floor":31.0,"turns":2.0},{"damage":40.0,"enemies":"Champ","floor":33.0,"turns":6.0},{"damage":3.0,"enemies":"3 Shapes","floor":35.0,"turns":4.0},{"damage":7.0,"enemies":"Orb Walker","floor":38.0,"turns":3.0},{"damage":12,"enemies":"Reptomancer","floor":40,"turns":5},{"damage":0,"enemies":"Jaw Worm Horde","floor":41,"turns":2},{"damage":20,"enemies":"Transient","floor":42,"turns":5},{"damage":10,"enemies":"3 Darklings","floor":44,"turns":3},{"damage":27,"enemies":"Nemesis","floor":45,"turns":4},{"damage":17,"enemies":"Giant Head","floor":47,"turns":6},{"damage":1,"enemies":"Maw","floor":48,"turns":8},{"damage":43,"enemies":"Awakened One","floor":50,"turns":7}],"seed_played":"3649991052758212136","potions_obtained":[{"floor":13.0,"key":"BloodPotion"}],"is_trial":false,"path_per_floor":["M","$","M","?","$","E","?","R","T","E","T","?","E","M","R","B",null,"M","M","M","?","$","R","E","R","T","E","?","M","E","M","R","B",null,"M","?","?","M","$","E","M","M","T","M","E","R","E","M","R","B",null],"character_chosen":"IRONCLAD","items_purchased":["FossilizedHelix","Sling","Lee\u0027s Waffle","Enlightenment+1","Dead Branch","Spot Weakness+1"],"campfire_rested":3,"item_purchase_floors":[2,5,22,22,39,39],"current_hp_per_floor":[42,42,40,40,40,31,49,49,49,33,33,33,29,35,35,16,55,55,45,18,18,75,75,44,44,44,28,34,40,55,55,81,47,79,82,82,72,71,71,65,71,57,57,53,32,57,46,53,78,51],"gold":233,"neow_bonus":"TWO_FIFTY_GOLD","is_daily":false,"chose_seed":false,"campfire_upgraded":4,"win_rate":0.0,"timestamp":1608261364,"path_taken":["M","$","M","?","$","E","?","R","T","E","?","?","E","M","R","BOSS","M","M","M","?","$","R","E","R","T","E","?","M","E","M","R","BOSS","M","?","?","M","$","E","M","M","T","M","E","R","E","M","R","BOSS"],"items_purchased_type":["Relic","Relic","Relic","Card","Relic","Card"],"build_version":"2020-12-13","purchased_purges":1,"victory":true,"max_hp_per_floor":[75,75,75,75,75,75,75,75,75,75,75,68,68,68,68,68,68,68,68,68,68,75,75,75,75,75,75,75,75,89,89,89,89,89,89,85,85,85,85,85,85,85,85,85,85,85,85,85,85,85],"card_choices":[{"not_picked":["Shockwave","Perfected Strike"],"picked":"Cleave","floor":1.0},{"not_picked":["Body Slam","Anger"],"picked":"Inflame","floor":3.0},{"not_picked":["Blood for Blood","Body Slam"],"picked":"Heavy Blade","floor":6.0},{"not_picked":["Pommel Strike","Brutality"],"picked":"Battle Trance","floor":10.0},{"not_picked":["Dropkick","Iron Wave"],"picked":"Sword Boomerang","floor":13.0},{"not_picked":["Wild Strike","Perfected Strike","Headbutt"],"picked":"SKIP","floor":14.0},{"not_picked":["Brutality","Impervious+1"],"picked":"Offering+1","floor":16.0},{"not_picked":["Thunderclap","Body Slam","Warcry+1"],"picked":"SKIP","floor":18.0},{"not_picked":["Perfected Strike","Headbutt"],"picked":"Armaments+1","floor":19.0},{"not_picked":["Clash","Thunderclap","Sword Boomerang"],"picked":"SKIP","floor":20.0},{"not_picked":["Iron Wave","Heavy Blade+1"],"picked":"Exhume+1","floor":24.0},{"not_picked":["Cleave","Anger","Perfected Strike"],"picked":"SKIP","floor":27.0},{"not_picked":["Ghostly Armor+1","Sword Boomerang"],"picked":"True Grit+1","floor":29.0},{"not_picked":["Headbutt","Hemokinesis","Wild Strike"],"picked":"SKIP","floor":30.0},{"not_picked":["Rage+1","Wild Strike","Dark Embrace"],"picked":"SKIP","floor":31.0},{"not_picked":["Berserk","Corruption"],"picked":"Offering+1","floor":33.0},{"not_picked":["Rampage","Twin Strike+1","Perfected Strike+1"],"picked":"SKIP","floor":35.0},{"not_picked":["Sadistic Nature","Madness+1"],"picked":"Master of Strategy+1","floor":37.0},{"not_picked":["Panacea+1","Secret Weapon+1"],"picked":"Flash of Steel","floor":37.0},{"not_picked":["Panacea+1","Good Instincts+1"],"picked":"Flash of Steel","floor":37.0},{"not_picked":["Havoc+1","Perfected Strike"],"picked":"Dual Wield+1","floor":38},{"not_picked":["Berserk","Havoc+1","Armaments+1"],"picked":"SKIP","floor":40},{"not_picked":["Rampage","Pommel Strike+1","Havoc+1"],"picked":"SKIP","floor":41},{"not_picked":["True Grit+1","Armaments+1","Cleave"],"picked":"SKIP","floor":42},{"not_picked":["Cleave","Clothesline+1","Heavy Blade"],"picked":"SKIP","floor":44},{"not_picked":["Blood for Blood+1","Headbutt+1","Iron Wave+1"],"picked":"SKIP","floor":45},{"not_picked":["Metallicize","Brutality","Armaments+1"],"picked":"SKIP","floor":47},{"not_picked":["Clothesline+1","Armaments+1","Clash+1"],"picked":"SKIP","floor":48}],"player_experience":1254966,"relics_obtained":[{"floor":6.0,"key":"Sundial"},{"floor":9.0,"key":"Kunai"},{"floor":10.0,"key":"Du-Vu Doll"},{"floor":11.0,"key":"Bottled Flame"},{"floor":13.0,"key":"Toxic Egg 2"},{"floor":24.0,"key":"Lizard Tail"},{"floor":26.0,"key":"Red Skull"},{"floor":27.0,"key":"Akabeko"},{"floor":28.0,"key":"Red Mask"},{"floor":30.0,"key":"Mango"},{"floor":40,"key":"Champion Belt"},{"floor":43,"key":"Juzu Bracelet"},{"floor":45,"key":"Molten Egg 2"},{"floor":47,"key":"Bird Faced Urn"}],"event_choices":[{"damage_healed":0.0,"max_hp_gain":0.0,"max_hp_loss":0.0,"gold_gain":150.0,"event_name":"Liars Game","player_choice":"AGREE","floor":4.0,"gold_loss":0.0,"damage_taken":0.0,"cards_obtained":["Doubt"]},{"damage_healed":18.0,"max_hp_gain":0.0,"max_hp_loss":0.0,"gold_gain":0.0,"event_name":"The Cleric","player_choice":"Healed","floor":7.0,"gold_loss":35.0,"damage_taken":0.0},{"damage_healed":0.0,"max_hp_gain":0.0,"max_hp_loss":7.0,"gold_gain":0.0,"event_name":"Golden Idol","player_choice":"Lose Max HP","floor":12.0,"gold_loss":0.0,"damage_taken":0.0,"relics_obtained":["Golden Idol"]},{"damage_healed":0.0,"max_hp_gain":0.0,"max_hp_loss":0.0,"gold_gain":0.0,"event_name":"Ghosts","player_choice":"Ignored","floor":21.0,"gold_loss":0.0,"damage_taken":0.0},{"damage_healed":0.0,"max_hp_gain":0.0,"max_hp_loss":0.0,"gold_gain":0.0,"event_name":"Masked Bandits","player_choice":"Fought Bandits","floor":28.0,"gold_loss":0.0,"damage_taken":0.0},{"damage_healed":0.0,"max_hp_gain":0.0,"max_hp_loss":4.0,"gold_gain":0.0,"event_name":"Winding Halls","player_choice":"Max HP","floor":36.0,"gold_loss":0.0,"damage_taken":0.0},{"damage_healed":0.0,"max_hp_gain":0.0,"max_hp_loss":0.0,"gold_gain":0.0,"event_name":"SensoryStone","player_choice":"Memory 3","floor":37.0,"gold_loss":0.0,"damage_taken":10.0}],"is_beta":false,"boss_relics":[{"not_picked":["Coffee Dripper","Calling Bell"],"picked":"Sozu"},{"not_picked":["Busted Crown","Fusion Hammer"],"picked":"Astrolabe"}],"items_purged_floors":[5],"is_endless":false,"potions_floor_spawned":[13,18,24,29,30,33,40,44,45,47],"ascension_level":15}}