{"host":"KYO","time":1608283987,"event":{"mods":["BaseMod","BetterRewards","Minty Spire (QoL Compilation)","Robot Space Explorer","StSLib","SuperFastMode","[IsaacMod]ÒÔÈö¼âËþ"],"gold_per_floor":[110,110,120,136,149,180,227,177,177,201,201,221,234,14,14,122,122,138,155,217,235,244,275,275,295,295,295,48,48,0,30,30,125,125,154,174,174,174,0,0,34,34,34,82,82,100,119,153,153,153,153,153,3,32,32],"floor_reached":56,"playtime":2976,"items_purged":["RobotSpaceExplorer:Defend","Writhe"],"score":1495,"play_id":"55a4d0ed-5be8-4efb-bfa9-b53b5c9945cd","local_time":"20201218173307","is_ascension_mode":false,"campfire_choices":[{"data":"RobotSpaceExplorer:TurboDodge","floor":11.0,"key":"SMITH"},{"data":"RobotSpaceExplorer:MiniLasers","floor":15.0,"key":"SMITH"},{"data":"RobotSpaceExplorer:DroneSwarm","floor":24.0,"key":"SMITH"},{"data":"RobotSpaceExplorer:GearShield","floor":27.0,"key":"SMITH"},{"data":"RobotSpaceExplorer:Scan","floor":29.0,"key":"SMITH"},{"data":"RobotSpaceExplorer:Strike","floor":32.0,"key":"SMITH"},{"floor":40.0,"key":"RECALL"},{"data":"RobotSpaceExplorer:Strike","floor":42.0,"key":"SMITH"},{"data":"RobotSpaceExplorer:Defend","floor":45.0,"key":"SMITH"},{"data":"RobotSpaceExplorer:Strike","floor":49.0,"key":"SMITH"}],"circlet_count":0,"master_deck":["RobotSpaceExplorer:Strike+1","RobotSpaceExplorer:Strike+1","RobotSpaceExplorer:Strike+1","RobotSpaceExplorer:Defend+1","RobotSpaceExplorer:Defend+1","RobotSpaceExplorer:Scan+1","RobotSpaceExplorer:MiniLasers+1","RobotSpaceExplorer:TurboDodge+1","RobotSpaceExplorer:DroneSwarm+1","RobotSpaceExplorer:GearShield+1","RobotSpaceExplorer:DroneSwarm+1","RobotSpaceExplorer:MiniDrones+1","RobotSpaceExplorer:MiniBoosters+1"],"relics":["RobotSpaceExplorer:RoboCore","HushsDoor","DeathBook","Singing Bowl","White Beast Statue","CeramicFish","BlankCard","Lee\u0027s Waffle","RobotSpaceExplorer:Reprocessor","DeadEye","DoctorsRemote","RobotSpaceExplorer:PlasmaHourglass","DollysMirror","Meat on the Bone","Coffee Dripper","Red Mask","RobotSpaceExplorer:BottledGravity","StoneCalendar","War Paint","Bronze Scales","Nunchaku"],"acts_visited":["Exordium","TheCity","TheBeyond","TheEnding"],"potions_floor_usage":[55,55,55],"damage_taken":[{"damage":2.0,"enemies":"Small Slimes","floor":1.0,"turns":5.0},{"damage":3.0,"enemies":"Cultist","floor":3.0,"turns":4.0},{"damage":2.0,"enemies":"Jaw Worm","floor":4.0,"turns":4.0},{"damage":10.0,"enemies":"Looter","floor":5.0,"turns":3.0},{"damage":24.0,"enemies":"Lagavulin","floor":6.0,"turns":5.0},{"damage":8.0,"enemies":"Lots of Slimes","floor":10.0,"turns":7.0},{"damage":5.0,"enemies":"Red Slaver","floor":12.0,"turns":5.0},{"damage":5.0,"enemies":"Exordium Wildlife","floor":13.0,"turns":9.0},{"damage":5.0,"enemies":"The Guardian","floor":16.0,"turns":18.0},{"damage":10.0,"enemies":"2 Thieves","floor":18.0,"turns":5.0},{"damage":6.0,"enemies":"Shell Parasite","floor":19.0,"turns":7.0},{"damage":9.0,"enemies":"Snecko","floor":21.0,"turns":7.0},{"damage":5.0,"enemies":"Book of Stabbing","floor":23.0,"turns":6.0},{"damage":6.0,"enemies":"Snake Plant","floor":25.0,"turns":3.0},{"damage":13.0,"enemies":"Gremlin Leader","floor":31.0,"turns":6.0},{"damage":17.0,"enemies":"Champ","floor":33.0,"turns":11.0},{"damage":0.0,"enemies":"3 Darklings","floor":35.0,"turns":3.0},{"damage":0.0,"enemies":"Orb Walker","floor":36.0,"turns":4.0},{"damage":15.0,"enemies":"Reptomancer","floor":41.0,"turns":7.0},{"damage":17.0,"enemies":"2 Orb Walkers","floor":44.0,"turns":4.0},{"damage":1.0,"enemies":"Transient","floor":46.0,"turns":5.0},{"damage":0.0,"enemies":"3 Darklings","floor":47.0,"turns":5.0},{"damage":45.0,"enemies":"Nemesis","floor":48.0,"turns":7.0},{"damage":21.0,"enemies":"Awakened One","floor":50.0,"turns":13.0},{"damage":64.0,"enemies":"Shield and Spear","floor":54.0,"turns":7.0},{"damage":64,"enemies":"The Heart","floor":55,"turns":8}],"seed_played":"-4254823551235540623","potions_obtained":[{"floor":1.0,"key":"GamblersBrew"},{"floor":10.0,"key":"Energy Potion"},{"floor":12.0,"key":"LiquidMemories"},{"floor":13.0,"key":"DistilledChaos"},{"floor":16.0,"key":"Regen Potion"},{"floor":18.0,"key":"ColorlessPotion"},{"floor":19.0,"key":"Energy Potion"},{"floor":23.0,"key":"Strength Potion"},{"floor":25.0,"key":"Regen Potion"},{"floor":31.0,"key":"ColorlessPotion"},{"floor":33.0,"key":"Ancient Potion"},{"floor":35.0,"key":"LiquidBronze"}],"is_trial":false,"path_per_floor":["M","?","M","M","M","E","T","?","T","M","R","M","M","$","R","B",null,"M","M","?","M","?","E","R","M","T","R","$","R","?","E","R","B",null,"M","M","?","?","?","R","E","R","T","?","R","M","M","E","R","B",null,"R","$","E","B",null],"character_chosen":"RobotSpaceExplorer","items_purchased":["Singing Bowl","Lee\u0027s Waffle","DollysMirror","Bronze Scales"],"campfire_rested":0,"item_purchase_floors":[0,14,28,53],"current_hp_per_floor":[75,75,74,74,66,42,42,42,42,34,34,31,28,94,94,89,94,86,82,67,60,60,72,72,66,66,66,66,66,66,69,69,66,106,106,106,106,108,108,108,95,95,95,80,80,81,83,52,52,43,118,118,118,68,16],"gold":32,"neow_bonus":"","is_daily":false,"chose_seed":false,"campfire_upgraded":9,"win_rate":0.0,"timestamp":1608283987,"path_taken":["M","?","M","M","?","E","?","?","T","M","R","?","M","$","R","BOSS","M","M","?","M","?","E","R","?","T","R","$","R","?","E","R","BOSS","M","M","?","?","?","R","E","R","T","?","R","M","M","E","R","BOSS","R","$","E","BOSS"],"items_purchased_type":["Relic","Relic","Relic","Relic"],"build_version":"2020-12-17","purchased_purges":2,"victory":true,"max_hp_per_floor":[77,77,79,81,83,83,83,83,83,83,83,85,87,94,94,94,94,96,98,98,100,100,102,102,102,102,102,102,102,102,104,104,106,106,106,106,106,108,108,108,110,110,110,112,112,114,116,118,118,118,118,118,118,120,120],"card_choices":[{"not_picked":["RobotSpaceExplorer:LaserBurst","RobotSpaceExplorer:StunGrenade","RobotSpaceExplorer:ToxicBomb"],"picked":"Singing Bowl","floor":1.0},{"not_picked":["RobotSpaceExplorer:StunGrenade","RobotSpaceExplorer:Ammunition","RobotSpaceExplorer:Probe"],"picked":"Singing Bowl","floor":3.0},{"not_picked":["RobotSpaceExplorer:Electropulse","RobotSpaceExplorer:PlasmaMissile","RobotSpaceExplorer:Probe"],"picked":"Singing Bowl","floor":4.0},{"not_picked":["RobotSpaceExplorer:Calculate","RobotSpaceExplorer:MetalStrike","RobotSpaceExplorer:ExhaustFan"],"picked":"Singing Bowl","floor":5.0},{"not_picked":["RobotSpaceExplorer:ImprovisedAttack","RobotSpaceExplorer:Pulsar"],"picked":"RobotSpaceExplorer:TurboDodge","floor":6.0},{"not_picked":["RobotSpaceExplorer:PowerGlove","RobotSpaceExplorer:Calculate"],"picked":"Bomb","floor":10.0},{"not_picked":["RobotSpaceExplorer:Smokescreen","RobotSpaceExplorer:Scanner","RobotSpaceExplorer:Pulsar"],"picked":"Singing Bowl","floor":12.0},{"not_picked":["RobotSpaceExplorer:Discharger","RobotSpaceExplorer:FranticSearch","RobotSpaceExplorer:SwiftStep"],"picked":"Singing Bowl","floor":13.0},{"not_picked":["RobotSpaceExplorer:Exploration","RobotSpaceExplorer:Scanner"],"picked":"RobotSpaceExplorer:DroneSwarm","floor":16.0},{"not_picked":["RobotSpaceExplorer:Pulsar+1","RobotSpaceExplorer:GlueShot","RobotSpaceExplorer:TurboDodge"],"picked":"Singing Bowl","floor":18.0},{"not_picked":["RobotSpaceExplorer:Pulsar","RobotSpaceExplorer:SlimeMissile+1","RobotSpaceExplorer:FranticSearch"],"picked":"Singing Bowl","floor":19.0},{"not_picked":["RobotSpaceExplorer:FrostMissile","RobotSpaceExplorer:GlueShot","RobotSpaceExplorer:SurgingShield"],"picked":"Singing Bowl","floor":21.0},{"not_picked":["RobotSpaceExplorer:DoubleFind","RobotSpaceExplorer:Accelerator","RobotSpaceExplorer:Smokescreen"],"picked":"Singing Bowl","floor":23.0},{"not_picked":["RobotSpaceExplorer:FrostMissile+1","RobotSpaceExplorer:SurgingShield+1"],"picked":"RobotSpaceExplorer:GearShield","floor":25.0},{"not_picked":["RobotSpaceExplorer:Calculate","RobotSpaceExplorer:Ammunition","RobotSpaceExplorer:StarDust+1"],"picked":"Singing Bowl","floor":31.0},{"not_picked":["RobotSpaceExplorer:Blaster","RobotSpaceExplorer:BlastShield","RobotSpaceExplorer:Comet"],"picked":"Singing Bowl","floor":33.0},{"not_picked":["RobotSpaceExplorer:SurgingShield+1","RobotSpaceExplorer:ShovelStrike+1"],"picked":"RobotSpaceExplorer:MiniDrones+1","floor":35.0},{"not_picked":["RobotSpaceExplorer:MetalStrike+1","RobotSpaceExplorer:SlimeMissile+1"],"picked":"RobotSpaceExplorer:MiniBoosters+1","floor":36.0},{"not_picked":["Jack Of All Trades","Blind","EpicFetus"],"picked":"Singing Bowl","floor":38.0},{"not_picked":["RobotSpaceExplorer:FreezeRay","RobotSpaceExplorer:Ammunition+1","RobotSpaceExplorer:DoubleFind+1"],"picked":"Singing Bowl","floor":41.0},{"not_picked":["RobotSpaceExplorer:StunGrenade","RobotSpaceExplorer:FreezingShield","RobotSpaceExplorer:SurgingShield+1"],"picked":"Singing Bowl","floor":44.0},{"not_picked":["RobotSpaceExplorer:Electropulse+1","RobotSpaceExplorer:DoubleBlock","RobotSpaceExplorer:ScrapMissile+1"],"picked":"Singing Bowl","floor":46.0},{"not_picked":["RobotSpaceExplorer:ShovelStrike+1","RobotSpaceExplorer:Reload","RobotSpaceExplorer:ImprovisedAttack"],"picked":"Singing Bowl","floor":47.0},{"not_picked":["RobotSpaceExplorer:Pulsar+1","RobotSpaceExplorer:SurgingShield+1","RobotSpaceExplorer:PowerGlove+1"],"picked":"Singing Bowl","floor":48.0},{"not_picked":["RobotSpaceExplorer:Smokescreen","RobotSpaceExplorer:JunkDive+1","RobotSpaceExplorer:Electroshield+1"],"picked":"Singing Bowl","floor":54.0}],"player_experience":545905,"relics_obtained":[{"floor":6.0,"key":"White Beast Statue"},{"floor":7.0,"key":"CeramicFish"},{"floor":9.0,"key":"BlankCard"},{"floor":23.0,"key":"DoctorsRemote"},{"floor":26.0,"key":"RobotSpaceExplorer:PlasmaHourglass"},{"floor":31.0,"key":"Meat on the Bone"},{"floor":41.0,"key":"RobotSpaceExplorer:BottledGravity"},{"floor":44.0,"key":"StoneCalendar"},{"floor":48.0,"key":"War Paint"},{"floor":54.0,"key":"Nunchaku"}],"event_choices":[{"damage_healed":0.0,"max_hp_gain":0.0,"max_hp_loss":0.0,"gold_gain":0.0,"event_name":"Liars Game","player_choice":"Ignored","floor":2.0,"gold_loss":0.0,"damage_taken":0.0},{"cards_removed":["RobotSpaceExplorer:Defend"],"damage_healed":0.0,"max_hp_gain":0.0,"max_hp_loss":0.0,"gold_gain":0.0,"event_name":"The Cleric","player_choice":"Card Removal","floor":8.0,"gold_loss":50.0,"damage_taken":0.0},{"damage_healed":0.0,"max_hp_gain":0.0,"max_hp_loss":0.0,"gold_gain":0.0,"event_name":"The Mausoleum","player_choice":"Opened","floor":22.0,"gold_loss":0.0,"damage_taken":0.0,"relics_obtained":["DeadEye"],"cards_obtained":["Writhe"]},{"damage_healed":0.0,"max_hp_gain":0.0,"max_hp_loss":0.0,"gold_gain":0.0,"event_name":"Masked Bandits","player_choice":"Paid Fearfully","floor":30.0,"gold_loss":48.0,"damage_taken":0.0},{"cards_removed":["RobotSpaceExplorer:Strike"],"damage_healed":0.0,"max_hp_gain":0.0,"max_hp_loss":0.0,"gold_gain":0.0,"event_name":"Falling","player_choice":"Removed Attack","floor":37.0,"gold_loss":0.0,"damage_taken":0.0},{"damage_healed":0.0,"max_hp_gain":0.0,"max_hp_loss":0.0,"gold_gain":0.0,"event_name":"SensoryStone","player_choice":"Memory 1","floor":38.0,"gold_loss":0.0,"damage_taken":0.0},{"damage_healed":0.0,"max_hp_gain":0.0,"max_hp_loss":0.0,"gold_gain":0.0,"event_name":"Tomb of Lord Red Mask","player_choice":"Paid","floor":39.0,"gold_loss":174.0,"damage_taken":0.0,"relics_obtained":["Red Mask"]},{"damage_healed":0.0,"max_hp_gain":0.0,"max_hp_loss":0.0,"gold_gain":0.0,"event_name":"Mysterious Sphere","player_choice":"Fight","floor":44.0,"gold_loss":0.0,"damage_taken":0.0}],"is_beta":true,"boss_relics":[{"not_picked":["Tiny House","Empty Cage"],"picked":"RobotSpaceExplorer:Reprocessor"},{"not_picked":[]},{"not_picked":["Velvet Choker","Snecko Eye"],"picked":"Coffee Dripper"},{"not_picked":[]}],"items_purged_floors":[14,28],"is_endless":false,"potions_floor_spawned":[1,10,12,13,16,18,19,21,23,25,31,33,35,36,41,44,46,47,48,54],"ascension_level":0}}