{"host":"6rmw1q50jy0xmvyl","time":1608284186,"event":{"mods":["BaseMod","BetterRewards","Clockwork Mod","Colored Map","Duelist Mod","Minty Spire (QoL Compilation)","Remove Card Discount Mod","StSLib","??????REMEMod"],"gold_per_floor":[142,4,22,22,33,33,66,66,66,64,79,98,98,98],"floor_reached":13,"playtime":2719,"items_purged":["theDuelist:CastleWalls","theDuelist:CastleWalls","theDuelist:Deskbot004","theDuelist:Deskbot004","theDuelist:Sparks","theDuelist:Sparks","theDuelist:Biofalcon","theDuelist:Deskbot005"],"score":140,"play_id":"5a569659-be56-4fc8-a253-e0a3a16275ad","local_time":"20201218103625","is_ascension_mode":true,"campfire_choices":[{"floor":6,"key":"REST"},{"data":"Clockwork:PerfectForm","floor":8,"key":"SMITH"}],"circlet_count":0,"master_deck":["AscendersBane","theDuelist:Deskbot005","theDuelist:GreenGadget","Clockwork:PerfectForm+1","theDuelist:AncientGearReactorDragon+1","theDuelist:MetalDragon","theDuelist:YellowGadget","theDuelist:MetalDetector","theDuelist:CemetaryBomb"],"relics":["theDuelist:MillenniumPuzzle","theDuelist:CardPoolRelic","theDuelist:CardPoolBasicRelic","theDuelist:BoosterPackPoolRelic","theDuelist:CardPoolAddRelic","theDuelist:CardPoolMinusRelic","theDuelist:CardPoolSaveRelic","theDuelist:CardPoolOptionsRelic","Dream Catcher","Question Card","theDuelist:SummonAnchor"],"acts_visited":["Exordium"],"potions_floor_usage":[7],"damage_taken":[{"damage":10,"enemies":"2 Louse","floor":1,"turns":4},{"damage":0,"enemies":"Cultist","floor":3,"turns":4},{"damage":12,"enemies":"Jaw Worm","floor":5,"turns":3},{"damage":10,"enemies":"3 Sentries","floor":7,"turns":11},{"damage":20,"enemies":"3 Louse","floor":11,"turns":6},{"damage":18,"enemies":"Red Slaver","floor":12,"turns":4},{"damage":38,"enemies":"Gremlin Nob","floor":13,"turns":4}],"seed_played":"-6408800709330851196","potions_obtained":[{"floor":3,"key":"theDuelist:ElectricBrew"},{"floor":7,"key":"theDuelist:BombBottle"},{"floor":11,"key":"theDuelist:SummonFuryPotion"}],"is_trial":false,"path_per_floor":["M","$","M","?","M","R","E","R","T","$","M","M","E"],"character_chosen":"THE_DUELIST","items_purchased":["theDuelist:MetalDragon","theDuelist:YellowGadget"],"campfire_rested":1,"item_purchase_floors":[2,2],"current_hp_per_floor":[62,62,62,62,50,73,65,65,65,65,45,27,0,0],"gold":98,"neow_bonus":"RANDOM_COMMON_RELIC","is_daily":false,"chose_seed":false,"campfire_upgraded":1,"win_rate":0.0,"timestamp":1608284185,"path_taken":["M","$","M","?","M","R","E","R","T","$","M","M","E"],"items_purchased_type":["Card","Card"],"build_version":"2020-12-13","purchased_purges":8,"victory":false,"max_hp_per_floor":[80,80,80,80,77,77,79,79,79,79,79,79,79,79],"card_choices":[{"not_picked":["theDuelist:MachineKingPrototype+1","theDuelist:BreakDraw+1"],"picked":"theDuelist:AncientGearReactorDragon+1","floor":1},{"not_picked":["theDuelist:GravityBlaster","theDuelist:HeavyMechSupportArmor","theDuelist:Deskbot006","theDuelist:HeavyFreightTrainDerricane","theDuelist:GravityAxe"],"picked":"SKIP","floor":3},{"not_picked":["theDuelist:Tuningware","theDuelist:IronDraw","theDuelist:AncientGearWorkshop","theDuelist:ParallelPortArmor"],"picked":"theDuelist:MetalDetector","floor":5},{"not_picked":["theDuelist:BlockGolem","theDuelist:GemElephant","theDuelist:LabyrinthWall","theDuelist:LostGuardian","theDuelist:PowerGiant"],"picked":"SKIP","floor":7},{"not_picked":["theDuelist:GravityBlaster","theDuelist:ArtifactIgnition","theDuelist:ZONE","theDuelist:GravityAxe","theDuelist:BreakDraw"],"picked":"SKIP","floor":11},{"not_picked":["theDuelist:CyberArchfiend","theDuelist:BlastAsmodian","theDuelist:GreenGadget","theDuelist:ArtifactIgnition"],"picked":"theDuelist:CemetaryBomb","floor":12}],"player_experience":571375,"relics_obtained":[{"floor":7,"key":"Question Card"},{"floor":9,"key":"theDuelist:SummonAnchor"}],"event_choices":[{"damage_healed":0,"gold_gain":0,"player_choice":"Scored: 328","duelist":true,"damage_taken":0,"max_hp_gain":0,"max_hp_loss":0,"event_name":"Visit from Anubis","floor":4,"gold_loss":0}],"is_beta":false,"boss_relics":[],"items_purged_floors":[2,2,2,2,2,2,2,10],"is_endless":false,"potions_floor_spawned":[3,7,11],"killed_by":"Gremlin Nob","ascension_level":13}}