{"host":"du0tmy696sp570hs","time":1608270401,"event":{"mods":["BaseMod","Dota2Spire","Downfall","Minty Spire (QoL Compilation)","Reimu£®≤©¿ˆ¡È√Œ£©","Remilia£®¿Ÿ√◊¿Ú—«£©","Replay The Spire","StSLib","WarShipGirlsR/’ΩΩ¢…Ÿ≈ÆR mod","Youmu£®ªÍ∆«—˝√Œ£©","°æ“≈ŒÔø®≈∆°øREMEMod"],"gold_per_floor":[114,114,114,124,135,168,168,197,197,226,239,239,250,250,250,250,250],"floor_reached":16,"playtime":736,"items_purged":[],"score":132,"play_id":"9956eeeb-036b-40c9-9142-129cf5369b15","local_time":"20201218134641","is_ascension_mode":true,"campfire_choices":[{"floor":7,"key":"REST"},{"floor":12,"key":"RECALL"},{"floor":15,"key":"REST"}],"circlet_count":0,"master_deck":["Strike_R","Strike_R","Strike_R","Strike_R","Strike_R","Defend_R","Defend_R","Defend_R","Defend_R","Bash","SubcavityFantasy:ReiMu","Sword Boomerang","ReplayReversal"],"relics":["Burning Blood","REME_ComplimentaryCards","Ring of Searing","Ring of Peace","Anchor","Gremlin Horn","Blue Doll"],"acts_visited":["Exordium"],"potions_floor_usage":[6,10,16,16],"damage_taken":[{"damage":0,"enemies":"2 Louse","floor":1,"turns":3},{"damage":10,"enemies":"Jaw Worm","floor":4,"turns":4},{"damage":21,"enemies":"Small Slimes","floor":5,"turns":7},{"damage":18,"enemies":"Gremlin Nob","floor":6,"turns":4},{"damage":27,"enemies":"Replay:BlueRogue","floor":8,"turns":7},{"damage":34,"enemies":"Gremlin Nob","floor":10,"turns":5},{"damage":0,"enemies":"Looter","floor":11,"turns":3},{"damage":0,"enemies":"Blue Slaver","floor":13,"turns":2},{"damage":65,"enemies":"Slime Boss","floor":16,"turns":7}],"seed_played":"-8968183867749428428","potions_obtained":[{"floor":4,"key":"Strength Potion"},{"floor":6,"key":"LiquidMemories"},{"floor":8,"key":"ColorlessPotion"},{"floor":13,"key":"Adrenaline Potion"}],"is_trial":false,"path_per_floor":["M","?","?","M","M","E","R","E","T","E","M","R","M","?","R","B"],"character_chosen":"IRONCLAD","items_purchased":[],"campfire_rested":2,"item_purchase_floors":[],"current_hp_per_floor":[80,80,80,76,61,49,73,52,52,24,30,30,36,36,60,0,0],"gold":250,"neow_bonus":"UPGRADE_CARD","is_daily":false,"chose_seed":false,"campfire_upgraded":0,"win_rate":0.0,"timestamp":1608270401,"path_taken":["M","?","?","M","M","E","R","E","T","E","M","R","?","?","R","BOSS"],"items_purchased_type":[],"build_version":"2020-12-13","purchased_purges":0,"victory":false,"max_hp_per_floor":[80,80,80,80,80,80,80,80,80,80,80,80,80,80,80,80,80],"card_choices":[{"not_picked":["Twin Strike","ReplayTheSpireMod:LeadingStrike"],"picked":"Sword Boomerang","floor":1},{"not_picked":["Body Slam","ReplayTheSpireMod:Strike From Hell"],"picked":"ReplayReversal","floor":4},{"not_picked":["Blood for Blood","Immolate","Pommel Strike"],"picked":"SKIP","floor":5},{"not_picked":["ReplayTheSpireMod:Strike From Hell","Heavy Blade","Seeing Red"],"picked":"SKIP","floor":6},{"not_picked":["Perfected Strike","Heavy Blade","Sword Boomerang"],"picked":"SKIP","floor":8},{"not_picked":["Perfected Strike","Heavy Blade","Sword Boomerang"],"picked":"SKIP","floor":8},{"not_picked":["Twin Strike","Shockwave","Iron Wave"],"picked":"SKIP","floor":10},{"not_picked":["ReplayTheSpireMod:Limb From Limb","Twin Strike","Armaments"],"picked":"SKIP","floor":11},{"not_picked":["Cleave","Replay:Undeath\u0027s Touch","Thunderclap"],"picked":"SKIP","floor":13}],"player_experience":30608,"relics_obtained":[{"floor":2,"key":"Ring of Searing"},{"floor":2,"key":"Ring of Peace"},{"floor":6,"key":"Anchor"},{"floor":8,"key":"Gremlin Horn"},{"floor":10,"key":"Blue Doll"}],"event_choices":[{"cards_removed":["Spreading Infection"],"damage_healed":0,"gold_gain":0,"player_choice":"Forget","damage_taken":0,"max_hp_gain":0,"max_hp_loss":0,"event_name":"Living Wall","floor":3,"gold_loss":0}],"is_beta":false,"boss_relics":[],"items_purged_floors":[],"is_endless":false,"potions_floor_spawned":[4,6,8,13],"killed_by":"Slime Boss","ascension_level":2}}