{"host":"og6lam4kt3nibbw0","time":1608252348,"event":{"mods":["AchievementEnabler","BaseMod","Colored Map","DeckTracker","Highlight Path","Keyboard Shortcuts","Minty Spire (QoL Compilation)","Permanent Neow","Quick Restart","StSLib","SuperFastMode"],"gold_per_floor":[15,15,25,25,45,45,57,70,123,123,123,123,157,172,172,251,251,264,264,104,119,136,136,136,167,167,181,181,181,201,201,201,201,201],"floor_reached":33,"playtime":1808,"items_purged":["Strike_B"],"score":534,"play_id":"0c687e53-df26-4da4-8a5b-a4414369b476","local_time":"20201218094548","is_ascension_mode":true,"campfire_choices":[{"data":"Zap","floor":6.0,"key":"SMITH"},{"data":"Sunder","floor":10.0,"key":"SMITH"},{"data":"Doom and Gloom","floor":12.0,"key":"SMITH"},{"floor":15.0,"key":"REST"},{"floor":23.0,"key":"REST"},{"floor":32,"key":"REST"}],"circlet_count":0,"master_deck":["AscendersBane","Strike_B","Strike_B","Defend_B","Defend_B","Defend_B","Zap+1","Dualcast","Echo Form","FTL","Steam","Sweeping Beam","Lockon","Doom and Gloom+1","Biased Cognition","Sunder+1","Go for the Eyes","Beam Cell","Seek","Chill","Coolheaded","Skim","Turbo","Leap","Reinforced Body+1"],"relics":["Cracked Core","Strawberry","Shuriken","Inserter","Juzu Bracelet","HornCleat"],"acts_visited":["Exordium","TheCity"],"potions_floor_usage":[29,29,33],"damage_taken":[{"damage":4.0,"enemies":"Jaw Worm","floor":1.0,"turns":4.0},{"damage":6.0,"enemies":"2 Louse","floor":3.0,"turns":3.0},{"damage":0.0,"enemies":"Cultist","floor":5.0,"turns":2.0},{"damage":14.0,"enemies":"Red Slaver","floor":7.0,"turns":3.0},{"damage":12.0,"enemies":"2 Fungi Beasts","floor":8.0,"turns":2.0},{"damage":14.0,"enemies":"3 Sentries","floor":13.0,"turns":4.0},{"damage":7.0,"enemies":"Large Slime","floor":14.0,"turns":2.0},{"damage":20.0,"enemies":"Slime Boss","floor":16.0,"turns":5.0},{"damage":14.0,"enemies":"Chosen","floor":18.0,"turns":4.0},{"damage":2.0,"enemies":"3 Byrds","floor":21.0,"turns":5.0},{"damage":17.0,"enemies":"Centurion and Healer","floor":22.0,"turns":5.0},{"damage":34.0,"enemies":"Slavers","floor":25.0,"turns":6.0},{"damage":6.0,"enemies":"Sentry and Sphere","floor":27.0,"turns":4.0},{"damage":6,"enemies":"Colosseum Slavers","floor":29,"turns":4},{"damage":0,"enemies":"Snake Plant","floor":30,"turns":3},{"damage":39,"enemies":"Automaton","floor":33,"turns":8}],"seed_played":"5734070604389459572","potions_obtained":[{"floor":1.0,"key":"Weak Potion"},{"floor":5.0,"key":"DuplicationPotion"},{"floor":8.0,"key":"LiquidMemories"},{"floor":13.0,"key":"SpeedPotion"},{"floor":21.0,"key":"PowerPotion"},{"floor":27.0,"key":"GamblersBrew"},{"floor":30,"key":"LiquidMemories"}],"is_trial":false,"path_per_floor":["M","?","M","?","M","R","M","M","T","R","$","R","E","M","R","B",null,"M","?","$","M","M","R","?","E","T","M","?","?","M","?","R","B"],"character_chosen":"DEFECT","items_purchased":["Skim"],"campfire_rested":3,"item_purchase_floors":[20],"current_hp_per_floor":[60,60,54,54,54,54,40,28,35,35,35,35,21,14,37,17,63,49,49,49,47,30,53,53,19,19,13,7,1,1,1,24,0,0],"gold":201,"neow_bonus":"THREE_RARE_CARDS","is_daily":false,"chose_seed":false,"campfire_upgraded":3,"win_rate":0.0,"timestamp":1608252348,"path_taken":["M","?","M","?","M","R","M","?","T","R","?","R","E","?","R","BOSS","M","?","$","M","M","R","?","E","T","M","?","?","M","?","R","BOSS"],"items_purchased_type":["Card"],"build_version":"2020-12-13","purchased_purges":1,"victory":false,"max_hp_per_floor":[71,71,71,71,71,71,71,71,78,78,78,78,78,78,78,78,78,78,78,78,78,78,78,78,78,78,78,78,78,78,78,78,78,78],"card_choices":[{"not_picked":["All For One","Fission"],"picked":"Echo Form","floor":0.0},{"not_picked":["Redo","Blizzard"],"picked":"FTL","floor":1.0},{"not_picked":["Melter","Stack"],"picked":"Sweeping Beam","floor":3.0},{"not_picked":["FTL","Leap"],"picked":"Doom and Gloom","floor":5.0},{"not_picked":["Tempest","Genetic Algorithm"],"picked":"Biased Cognition","floor":7.0},{"not_picked":["Redo","Barrage"],"picked":"Sunder","floor":8.0},{"not_picked":["Steam","Leap"],"picked":"Go for the Eyes","floor":13.0},{"not_picked":["Go for the Eyes","Auto Shields"],"picked":"Beam Cell","floor":14.0},{"not_picked":["Buffer","Thunder Strike"],"picked":"Seek","floor":16.0},{"not_picked":["Sweeping Beam","Double Energy"],"picked":"Chill","floor":18.0},{"not_picked":["Beam Cell","Steam Power"],"picked":"Turbo","floor":21.0},{"not_picked":["Redo","Rebound","Cold Snap"],"picked":"SKIP","floor":22.0},{"not_picked":["Gash+1","Capacitor","Ball Lightning+1"],"picked":"SKIP","floor":25.0},{"not_picked":["All For One","Reprogram"],"picked":"Leap","floor":27.0},{"not_picked":["Storm","Coolheaded"],"picked":"Reinforced Body+1","floor":30}],"player_experience":787517,"relics_obtained":[{"floor":9.0,"key":"Strawberry"},{"floor":13.0,"key":"Shuriken"},{"floor":25.0,"key":"Juzu Bracelet"},{"floor":26.0,"key":"HornCleat"}],"event_choices":[{"damage_healed":0.0,"max_hp_gain":0.0,"max_hp_loss":0.0,"gold_gain":0.0,"cards_transformed":["Strike_B"],"event_name":"Living Wall","player_choice":"Change","floor":2.0,"gold_loss":0.0,"damage_taken":0.0,"cards_obtained":["Steam"]},{"damage_healed":0.0,"max_hp_gain":0.0,"max_hp_loss":0.0,"gold_gain":0.0,"cards_transformed":["Defend_B"],"event_name":"Transmorgrifier","player_choice":"Transformed","floor":4.0,"gold_loss":0.0,"damage_taken":0.0,"cards_obtained":["Lockon"]},{"damage_healed":0.0,"max_hp_gain":0.0,"max_hp_loss":0.0,"gold_gain":0.0,"event_name":"The Library","player_choice":"Read","floor":19.0,"gold_loss":0.0,"damage_taken":0.0,"cards_obtained":["Coolheaded"]},{"damage_healed":0.0,"max_hp_gain":0.0,"max_hp_loss":0.0,"gold_gain":0.0,"event_name":"The Mausoleum","player_choice":"Ignored","floor":24.0,"gold_loss":0.0,"damage_taken":0.0},{"damage_healed":0.0,"max_hp_gain":0.0,"max_hp_loss":0.0,"gold_gain":0.0,"event_name":"Knowing Skull","player_choice":"","floor":28.0,"potions_obtained":[],"gold_loss":0.0,"damage_taken":6.0,"cards_obtained":[]},{"damage_healed":0,"gold_gain":0,"player_choice":"Fight","damage_taken":0,"max_hp_gain":0,"max_hp_loss":0,"event_name":"Colosseum","floor":29,"gold_loss":0},{"damage_healed":0,"gold_gain":0,"player_choice":"Fled From Nobs","damage_taken":0,"max_hp_gain":0,"max_hp_loss":0,"event_name":"Colosseum","floor":29,"gold_loss":0},{"damage_healed":0,"gold_gain":0,"player_choice":"Ignored","damage_taken":0,"max_hp_gain":0,"max_hp_loss":0,"event_name":"Ghosts","floor":31,"gold_loss":0}],"is_beta":false,"boss_relics":[{"not_picked":["Sozu","Tiny House"],"picked":"Inserter"}],"items_purged_floors":[20],"is_endless":false,"potions_floor_spawned":[1,5,8,13,18,21,27,30],"killed_by":"Automaton","ascension_level":20}}