{"host":"f5gffvlv6a66yqkd","time":1608290765,"event":{"mods":["2.2 Compatiblity","BaseMod","Colored Map","DeckTracker","Keyboard Shortcuts","Minty Spire (QoL Compilation)","Permanent Neow","Quick Restart","Relic Stats","StSLib","SuperFastMode"],"gold_per_floor":[112,122,137,137,62,62,94,110,110,110,110,110],"floor_reached":11,"playtime":208,"items_purged":["Strike_B"],"score":146,"play_id":"995e0149-de11-4ff0-8736-5628efb756c2","local_time":"20201218202605","is_ascension_mode":true,"campfire_choices":[{"data":"Consume","floor":6.0,"key":"SMITH"}],"circlet_count":0,"master_deck":["AscendersBane","Strike_B","Strike_B","Strike_B","Defend_B","Defend_B","Defend_B","Defend_B","Zap","Dualcast","Finesse","Cold Snap","Ball Lightning","Consume+1","Streamline","Cold Snap"],"relics":["Cracked Core","Tiny Chest","Sundial","Golden Idol"],"acts_visited":["Exordium"],"potions_floor_usage":[8],"damage_taken":[{"damage":4.0,"enemies":"2 Louse","floor":1.0,"turns":3.0},{"damage":5.0,"enemies":"Jaw Worm","floor":2.0,"turns":4.0},{"damage":7.0,"enemies":"Small Slimes","floor":3.0,"turns":3.0},{"damage":7.0,"enemies":"Lagavulin","floor":7.0,"turns":6.0},{"damage":12,"enemies":"Exordium Thugs","floor":8,"turns":4},{"damage":34,"enemies":"Gremlin Nob","floor":11,"turns":3}],"seed_played":"4060243379077879609","potions_obtained":[{"floor":2.0,"key":"Fire Potion"},{"floor":3.0,"key":"Dexterity Potion"}],"is_trial":false,"path_per_floor":["M","M","M","?","$","R","E","M","T","?","E"],"character_chosen":"DEFECT","items_purchased":[],"campfire_rested":0,"item_purchase_floors":[],"current_hp_per_floor":[60,55,48,53,53,53,46,34,34,34,0,0],"gold":110,"neow_bonus":"RANDOM_COLORLESS","is_daily":false,"chose_seed":false,"campfire_upgraded":1,"win_rate":0.0,"timestamp":1608290765,"path_taken":["M","M","M","?","$","R","E","M","T","?","E"],"items_purchased_type":[],"build_version":"2020-12-13","purchased_purges":1,"victory":false,"max_hp_per_floor":[71,71,71,76,76,76,76,76,76,69,69,69],"relic_stats":{"counters":[6,23],"Sundial":[0],"Golden Idol":0,"Tiny Chest":0,"obtain_stats":[{"Sundial":9,"Golden Idol":10,"Tiny Chest":7,"Cracked Core":0},{"Sundial":5,"Golden Idol":5,"Tiny Chest":4,"Cracked Core":0},{"Sundial":20,"Golden Idol":20,"Tiny Chest":16,"Cracked Core":0}]},"card_choices":[{"not_picked":["Trip","Discovery"],"picked":"Finesse","floor":0.0},{"not_picked":["White Noise","Heatsinks"],"picked":"Cold Snap","floor":1.0},{"not_picked":["Reprogram","Compile Driver"],"picked":"Ball Lightning","floor":2.0},{"not_picked":["Redo","Melter"],"picked":"Consume","floor":3.0},{"not_picked":["Multi-Cast","Gash"],"picked":"Streamline","floor":7.0},{"not_picked":["Ball Lightning","Gash"],"picked":"Cold Snap","floor":8}],"player_experience":1460638,"relics_obtained":[{"floor":7.0,"key":"Tiny Chest"},{"floor":9,"key":"Sundial"}],"event_choices":[{"damage_healed":0.0,"max_hp_gain":5.0,"max_hp_loss":0.0,"gold_gain":0.0,"event_name":"Big Fish","player_choice":"Donut","floor":4.0,"gold_loss":0.0,"damage_taken":0.0},{"damage_healed":0,"gold_gain":0,"player_choice":"Lose Max HP","damage_taken":0,"relics_obtained":["Golden Idol"],"max_hp_gain":0,"max_hp_loss":7,"event_name":"Golden Idol","floor":10,"gold_loss":0}],"is_beta":false,"boss_relics":[],"items_purged_floors":[5],"is_endless":false,"potions_floor_spawned":[2,3],"killed_by":"Gremlin Nob","ascension_level":20}}