{"host":"p4v0hquynnreu717","time":1608310253,"event":{"mods":["BaseMod","Better Vampires","DeckTracker","Googly Eyes","Minty Spire (QoL Compilation)","Quick Restart","StSLib","SuperFastMode"],"gold_per_floor":[111,121,133,133,143,143,155,166,193,209,209,57,122,148,148,233,233,259,293,293,293],"floor_reached":20,"playtime":602,"items_purged":["Pain"],"score":382,"play_id":"6b5f1ea7-6a94-460d-ac0d-4cf4fb7ef809","local_time":"20201219005053","is_ascension_mode":true,"campfire_choices":[{"data":"Neutralize","floor":6,"key":"SMITH"},{"data":"Catalyst","floor":11,"key":"SMITH"},{"data":"Noxious Fumes","floor":15,"key":"SMITH"}],"circlet_count":0,"master_deck":["AscendersBane","Strike_G","Strike_G","Strike_G","Strike_G","Defend_G","Defend_G","Defend_G","Defend_G","Survivor","Neutralize+1","Backflip","Dagger Throw","Dash","Poisoned Stab","Catalyst+1","Noxious Fumes+1","Prepared","Catalyst","Adrenaline","Reflex","Predator+1"],"relics":["Empty Cage","WarpedTongs","PreservedInsect","CeramicFish","Runic Dome","Red Mask"],"acts_visited":["Exordium","TheCity"],"potions_floor_usage":[19,19,19],"damage_taken":[{"damage":2,"enemies":"2 Louse","floor":1,"turns":5},{"damage":9,"enemies":"Cultist","floor":2,"turns":5},{"damage":1,"enemies":"Small Slimes","floor":3,"turns":4},{"damage":6,"enemies":"3 Louse","floor":5,"turns":4},{"damage":1,"enemies":"Large Slime","floor":7,"turns":5},{"damage":10,"enemies":"Exordium Thugs","floor":8,"turns":4},{"damage":7,"enemies":"Blue Slaver","floor":10,"turns":3},{"damage":13,"enemies":"3 Sentries","floor":13,"turns":7},{"damage":5,"enemies":"3 Louse","floor":14,"turns":4},{"damage":0,"enemies":"Hexaghost","floor":16,"turns":7},{"damage":2,"enemies":"Chosen","floor":18,"turns":5},{"damage":37,"enemies":"Masked Bandits","floor":19,"turns":5},{"damage":12,"enemies":"3 Byrds","floor":20,"turns":2}],"seed_played":"-6153535273612993018","potions_obtained":[{"floor":1,"key":"SkillPotion"},{"floor":3,"key":"Fire Potion"},{"floor":10,"key":"EntropicBrew"},{"floor":18,"key":"Swift Potion"},{"floor":19,"key":"Weak Potion"}],"is_trial":false,"path_per_floor":["M","M","M","?","M","R","M","M","T","M","R","$","?","M","R","B",null,"M","?","M"],"character_chosen":"THE_SILENT","items_purchased":["Noxious Fumes"],"campfire_rested":0,"item_purchase_floors":[12],"current_hp_per_floor":[57,48,47,47,41,41,40,30,30,23,23,23,10,5,5,5,51,49,12,0,0],"gold":293,"neow_bonus":"BOSS_RELIC","is_daily":false,"chose_seed":false,"campfire_upgraded":3,"win_rate":0.0,"timestamp":1608310253,"path_taken":["M","M","M","?","?","R","M","M","T","M","R","$","?","M","R","BOSS","M","?","M"],"items_purchased_type":["Card"],"build_version":"2020-12-13","purchased_purges":1,"victory":false,"max_hp_per_floor":[66,66,66,66,66,66,66,66,66,66,66,66,66,66,66,66,66,66,66,66,66],"card_choices":[{"not_picked":["Sucker Punch","Flying Knee","Leg Sweep"],"picked":"SKIP","floor":1},{"not_picked":["Quick Slash","Dodge and Roll"],"picked":"Backflip","floor":2},{"not_picked":["Backflip","Infinite Blades"],"picked":"Dagger Throw","floor":3},{"not_picked":["Dagger Throw","Backflip"],"picked":"Dash","floor":5},{"not_picked":["Unload","Dagger Spray"],"picked":"Poisoned Stab","floor":7},{"not_picked":["Dodge and Roll","Dash","Expertise"],"picked":"SKIP","floor":8},{"not_picked":["PiercingWail","Blade Dance"],"picked":"Catalyst","floor":10},{"not_picked":["Sucker Punch","Poisoned Stab"],"picked":"Prepared","floor":13},{"not_picked":["Predator","Dash"],"picked":"Catalyst","floor":14},{"not_picked":["Bullet Time","Die Die Die"],"picked":"Adrenaline","floor":16},{"not_picked":["PiercingWail","Dodge and Roll"],"picked":"Reflex","floor":18},{"not_picked":["Flying Knee","Slice"],"picked":"Predator+1","floor":19}],"player_experience":741964,"relics_obtained":[{"floor":9,"key":"PreservedInsect"},{"floor":13,"key":"CeramicFish"},{"floor":19,"key":"Red Mask"}],"event_choices":[{"damage_healed":0,"gold_gain":0,"player_choice":"Rummage","damage_taken":0,"relics_obtained":["WarpedTongs"],"max_hp_gain":0,"max_hp_loss":0,"event_name":"Accursed Blacksmith","floor":4,"gold_loss":0,"cards_obtained":["Pain"]},{"damage_healed":0,"gold_gain":0,"player_choice":"Searched \u00271\u0027 times","damage_taken":0,"max_hp_gain":0,"max_hp_loss":0,"event_name":"Dead Adventurer","floor":13,"gold_loss":0},{"damage_healed":0,"gold_gain":0,"player_choice":"Fought Bandits","damage_taken":0,"max_hp_gain":0,"max_hp_loss":0,"event_name":"Masked Bandits","floor":19,"gold_loss":0}],"is_beta":false,"boss_relics":[{"not_picked":["Ectoplasm","Snecko Eye"],"picked":"Runic Dome"}],"items_purged_floors":[12],"is_endless":false,"potions_floor_spawned":[1,3,10,14,16,18,19],"killed_by":"3 Byrds","ascension_level":15}}