{"host":"k5dhp0bkccqfauyu","time":1608292210,"event":{"mods":["BaseMod","Better Note","Better Skull","Better Vampires","Colored Map","Colored Powertips","DeckTracker","Minty Spire (QoL Compilation)","Permanent Neow","StSLib","SuperFastMode"],"gold_per_floor":[121,149,178,197,41,41,81,81,158,158,158,158,158,158,158,158,158],"floor_reached":16,"playtime":455,"items_purged":["Strike_G"],"score":196,"play_id":"100a0a92-4502-497f-98e7-4d4b76cba97a","local_time":"20201218225010","is_ascension_mode":true,"campfire_choices":[{"data":"Burst","floor":6,"key":"SMITH"},{"data":"Well Laid Plans","floor":8,"key":"SMITH"},{"data":"Bouncing Flask","floor":10,"key":"SMITH"},{"floor":12,"key":"REST"},{"data":"Dagger Spray","floor":15,"key":"SMITH"}],"circlet_count":0,"master_deck":["AscendersBane","Strike_G","Strike_G","Strike_G","Defend_G+1","Defend_G","Defend_G+1","Defend_G","Defend_G","Survivor","Neutralize","Quick Slash","Burst+1","Bouncing Flask+1","Dagger Spray+1","Leg Sweep","PiercingWail","Well Laid Plans+1"],"relics":["Ring of the Snake","CeramicFish","Tough Bandages","Ninja Scroll"],"acts_visited":["Exordium"],"potions_floor_usage":[7,16],"damage_taken":[{"damage":1,"enemies":"2 Louse","floor":1,"turns":3},{"damage":3,"enemies":"Jaw Worm","floor":2,"turns":5},{"damage":6,"enemies":"Small Slimes","floor":3,"turns":5},{"damage":4,"enemies":"Looter","floor":4,"turns":4},{"damage":8,"enemies":"Gremlin Nob","floor":7,"turns":3},{"damage":36,"enemies":"Slime Boss","floor":16,"turns":7}],"seed_played":"8409190640833293165","potions_obtained":[{"floor":4,"key":"Explosive Potion"},{"floor":7,"key":"ColorlessPotion"}],"is_trial":false,"path_per_floor":["M","M","M","M","$","R","E","R","T","R","?","R","?","?","R","B"],"character_chosen":"THE_SILENT","items_purchased":["Leg Sweep","PiercingWail"],"campfire_rested":1,"item_purchase_floors":[5,5],"current_hp_per_floor":[58,55,49,45,45,45,37,37,37,37,17,36,41,34,34,0,0],"gold":158,"neow_bonus":"RANDOM_COMMON_RELIC","is_daily":false,"chose_seed":false,"campfire_upgraded":4,"win_rate":0.0,"timestamp":1608292210,"path_taken":["M","M","M","M","$","R","E","R","T","R","?","R","?","?","R","BOSS"],"items_purchased_type":["Card","Card"],"build_version":"2020-12-13","purchased_purges":1,"victory":false,"max_hp_per_floor":[66,66,66,66,66,66,66,66,66,66,66,66,71,71,71,71,71],"card_choices":[{"not_picked":["Cloak And Dagger","Prepared"],"picked":"Quick Slash","floor":1},{"not_picked":["Masterful Stab","Expertise"],"picked":"Burst","floor":2},{"not_picked":["Finisher","Dagger Spray"],"picked":"Bouncing Flask","floor":3},{"not_picked":["Poisoned Stab","Backflip"],"picked":"Dagger Spray","floor":4},{"not_picked":["Bane","Dagger Throw"],"picked":"Well Laid Plans","floor":7}],"player_experience":1777919,"relics_obtained":[{"floor":7,"key":"Tough Bandages"},{"floor":9,"key":"Ninja Scroll"}],"event_choices":[{"damage_healed":0,"gold_gain":0,"player_choice":"Entered Light","damage_taken":20,"max_hp_gain":0,"max_hp_loss":0,"event_name":"Shining Light","floor":11,"gold_loss":0,"cards_upgraded":["Defend_G","Defend_G"]},{"damage_healed":0,"gold_gain":0,"player_choice":"Donut","damage_taken":0,"max_hp_gain":5,"max_hp_loss":0,"event_name":"Big Fish","floor":13,"gold_loss":0},{"cards_removed":["Strike_G"],"damage_healed":0,"gold_gain":0,"player_choice":"Card Removal","damage_taken":7,"max_hp_gain":0,"max_hp_loss":0,"event_name":"Golden Wing","floor":14,"gold_loss":0}],"is_beta":false,"boss_relics":[],"items_purged_floors":[5],"is_endless":false,"potions_floor_spawned":[4,7],"killed_by":"Slime Boss","ascension_level":20}}