{"host":"liqblz7tpw2jrdl0","time":1608298547,"event":{"mods":["BaseMod","Better-Laid Plans","Colored Map","HololiveMod","Minty Spire (QoL Compilation)","Relic Stats","óô»ðÖ¸ÄÏ"],"gold_per_floor":[82,82,92,92,139,164,180,210,286,125,153,163,63,77,77,181,181,200,233,233,148,2,35,35,73,73,94,94,19,19,35,35,145,145,163,214,232,34,62,62,91,91,91,117,117,117,130,161,161,161],"floor_reached":51,"playtime":1839,"items_purged":["Regret","Hololive_Strike","Hololive_Defend"],"score":1538,"play_id":"81c71581-ab2f-4c33-afdb-07721bae00f6","local_time":"20201218213546","is_ascension_mode":true,"campfire_choices":[{"floor":15,"key":"REST"},{"data":"Hololive_CallOkamiMio","floor":28,"key":"SMITH"},{"data":"Hololive_CallHoushouMarine","floor":30,"key":"SMITH"},{"data":"Hololive_CallTokinoSora","floor":32,"key":"SMITH"},{"floor":40,"key":"REST"},{"data":"Hololive_CallSpadeEcho","floor":42,"key":"SMITH"},{"data":"Hololive_DDD","floor":45,"key":"SMITH"},{"data":"Hololive_LuckPotion","floor":49,"key":"SMITH"}],"circlet_count":0,"master_deck":["Hololive_Strike","Hololive_Defend","Hololive_OvertimeWork+1","Hololive_CallOkamiMio+1","Hololive_CallHoushouMarine+1","Hololive_CallTokinoSora+1","Hololive_CallFriendA","Hololive_CallShirakamiFubuki","Hololive_CallRosalyn+1","Hololive_CallRoboco","Hololive_LuckPotion+1","Hololive_CallDoris","Hololive_CallMinatoAqua","Hololive_CallMoonaHoshinova","Hololive_CallAyundaRisu","Hololive_CallNakiriAyame","Hololive_OvertimeWork+1","Hololive_CallSpadeEcho+1","Hololive_DDD+1","Hololive_CallCivia+1","Hololive_CocoNews","Hololive_CallYuzukiChoco","Hololive_CallManoAloe+1","Hololive_Teleport+1","Hololive_CallAZKi+1","Hololive_CallKiryuuCoco+1","Hololive_Thief","Hololive_SoulCatcher+1","Hololive_CocoNews+1","Hololive_CallYukihanaLamy+1","Hololive_CallTsunomakiWatame+1","Hololive_CallInugamiKorone+1","Hololive_OvertimeWork+1","Hololive_CallYozoraMel+1","Hololive_CallNekomataOkayu+1","Hololive_CallOzoraSubaru+1","Hololive_Breathe+1"],"relics":["Hololive_TheStar","Incense Burner","Shuriken","Bronze Scales","Dream Catcher","Hololive_FriedShrimpLion","Question Card","SacredBark","Red Mask","Torii","Hololive_LightStick","PreservedInsect","Frozen Egg 2","Letter Opener","Black Star","Ginger","HornCleat","Thread and Needle","Bottled Flame","Pear","Eternal Feather","Blood Vial","CaptainsWheel"],"acts_visited":["Exordium","TheCity","TheBeyond"],"potions_floor_usage":[8,8,50],"damage_taken":[{"damage":0,"enemies":"Cultist","floor":1,"turns":3},{"damage":0,"enemies":"Jaw Worm","floor":3,"turns":3},{"damage":0,"enemies":"Gremlin Nob","floor":6,"turns":3},{"damage":0,"enemies":"2 Louse","floor":7,"turns":2},{"damage":0,"enemies":"Lagavulin","floor":8,"turns":3},{"damage":0,"enemies":"Large Slime","floor":11,"turns":4},{"damage":0,"enemies":"Blue Slaver","floor":12,"turns":2},{"damage":0,"enemies":"Looter","floor":14,"turns":2},{"damage":0,"enemies":"The Guardian","floor":16,"turns":6},{"damage":0,"enemies":"Shell Parasite","floor":18,"turns":4},{"damage":1,"enemies":"Masked Bandits","floor":19,"turns":5},{"damage":0,"enemies":"Slavers","floor":23,"turns":4},{"damage":0,"enemies":"Book of Stabbing","floor":25,"turns":4},{"damage":0,"enemies":"Chosen","floor":27,"turns":4},{"damage":0,"enemies":"Centurion and Healer","floor":31,"turns":4},{"damage":0,"enemies":"Champ","floor":33,"turns":10},{"damage":0,"enemies":"3 Shapes","floor":35,"turns":3},{"damage":0,"enemies":"2 Orb Walkers","floor":36,"turns":4},{"damage":0,"enemies":"Orb Walker","floor":37,"turns":2},{"damage":0,"enemies":"Maw","floor":39,"turns":7},{"damage":0,"enemies":"Reptomancer","floor":41,"turns":5},{"damage":0,"enemies":"Nemesis","floor":44,"turns":5},{"damage":0,"enemies":"4 Shapes","floor":47,"turns":4},{"damage":0,"enemies":"Giant Head","floor":48,"turns":4},{"damage":0,"enemies":"Time Eater","floor":50,"turns":7}],"seed_played":"3840570043147846363","potions_obtained":[{"floor":1,"key":"AttackPotion"},{"floor":3,"key":"FearPotion"},{"floor":7,"key":"CultistPotion"},{"floor":11,"key":"ColorlessPotion"},{"floor":19,"key":"SkillPotion"}],"is_trial":false,"path_per_floor":["M","?","M","?","T","E","M","E","T","R","M","M","$","M","R","B",null,"M","?","?","?","$","E","$","E","T","M","R","$","R","M","R","B",null,"M","?","M","$","M","R","E","R","T","E","R","?","M","E","R","B",null],"character_chosen":"Hololive_HololiveCharacter","items_purchased":["Hololive_CallMoonaHoshinova","AttackPotion","Hololive_LightStick","Hololive_CallAZKi+1","Hololive_CallTsunomakiWatame+1"],"campfire_rested":2,"item_purchase_floors":[10,10,22,29,38],"current_hp_per_floor":[23,23,23,16,16,16,16,16,16,16,16,16,16,16,26,26,33,33,32,28,28,28,28,28,28,28,28,28,28,28,28,28,28,37,37,37,37,37,37,40,40,40,40,50,50,50,50,50,50,50],"gold":161,"neow_bonus":"ONE_RARE_RELIC","is_daily":false,"chose_seed":false,"campfire_upgraded":6,"win_rate":0.0,"timestamp":1608298546,"path_taken":["M","?","M","?","?","E","?","E","T","R","M","M","?","M","R","BOSS","M","?","?","?","$","E","?","E","T","M","R","$","R","M","R","BOSS","M","?","M","$","M","R","E","R","T","E","R","?","?","E","R","BOSS"],"items_purchased_type":["Card","Potion","Relic","Card","Card"],"build_version":"2020-12-13","purchased_purges":3,"victory":true,"max_hp_per_floor":[35,35,35,35,35,35,35,35,35,35,35,35,35,35,35,35,35,35,35,40,40,40,40,40,40,40,40,40,40,40,40,40,40,40,40,40,40,40,40,40,40,40,40,50,50,50,50,50,50,50],"relic_stats":{"Torii":0,"counters":[25,103],"Eternal Feather":0,"PreservedInsect":273,"Letter Opener":[59],"Ginger":[5],"Question Card":21,"Blood Vial":0,"Dream Catcher":2,"Shuriken":[8],"Bronze Scales":[252],"Black Star":3,"obtain_stats":[{"Pear":44,"Torii":21,"SacredBark":17,"Thread and Needle":41,"Eternal Feather":44,"PreservedInsect":23,"Incense Burner":0,"Letter Opener":26,"Ginger":36,"Frozen Egg 2":25,"Question Card":9,"Blood Vial":48,"Dream Catcher":6,"Hololive_LightStick":22,"Bottled Flame":43,"CaptainsWheel":48,"HornCleat":41,"Shuriken":2,"Bronze Scales":5,"Hololive_TheStar":0,"Hololive_FriedShrimpLion":8,"Red Mask":19,"Black Star":34},{"Pear":22,"Torii":11,"SacredBark":9,"Thread and Needle":21,"Eternal Feather":22,"PreservedInsect":12,"Incense Burner":0,"Letter Opener":13,"Ginger":18,"Frozen Egg 2":13,"Question Card":5,"Blood Vial":24,"Dream Catcher":3,"Hololive_LightStick":11,"Bottled Flame":21,"CaptainsWheel":24,"HornCleat":21,"Shuriken":1,"Bronze Scales":2,"Hololive_TheStar":0,"Hololive_FriedShrimpLion":5,"Red Mask":11,"Black Star":16},{"Pear":88,"Torii":36,"SacredBark":27,"Thread and Needle":83,"Eternal Feather":88,"PreservedInsect":40,"Incense Burner":0,"Letter Opener":44,"Ginger":69,"Frozen Egg 2":44,"Question Card":13,"Blood Vial":96,"Dream Catcher":8,"Hololive_LightStick":36,"Bottled Flame":83,"CaptainsWheel":96,"HornCleat":83,"Shuriken":2,"Bronze Scales":5,"Hololive_TheStar":0,"Hololive_FriedShrimpLion":13,"Red Mask":36,"Black Star":62}]},"card_choices":[{"not_picked":["Hololive_CandyCastle","Hololive_OvertimeWork","Hololive_CallOkamiMio"],"picked":"Hololive_CallRosalyn","floor":1},{"not_picked":["Hololive_StrengthChampion","Hololive_HuntDinosaur","Hololive_Breathe"],"picked":"Hololive_CallRoboco","floor":3},{"not_picked":["Hololive_BeCareful","Hololive_Drill","Hololive_FlyingPonyTail"],"picked":"Hololive_LuckPotion","floor":6},{"not_picked":["Hololive_Watashimo","Hololive_CallOmaruPolka","Hololive_HuntDinosaur"],"picked":"Hololive_CallDoris","floor":7},{"not_picked":["Hololive_BringToTrial","Hololive_HuntDinosaur","Hololive_StrengthChampion"],"picked":"Hololive_CallMinatoAqua","floor":8},{"not_picked":["Hololive_DevilCharm","Hololive_Sequa","Hololive_CallFriendA","Hololive_Spy"],"picked":"Hololive_CallAyundaRisu","floor":11},{"not_picked":["Hololive_CallCivia","Hololive_Breathe","Hololive_CocoNews","Hololive_HuntDinosaur"],"picked":"Hololive_CallNakiriAyame","floor":12},{"not_picked":["Hololive_CallOkamiMio","Hololive_Trident","Hololive_Nanodesu","Hololive_Rebound"],"picked":"Hololive_OvertimeWork","floor":14},{"not_picked":["Hololive_CocoNews","Hololive_CallSakuraMiko","Hololive_RevenueBasedLive","Hololive_BringToTrial"],"picked":"Hololive_CallSpadeEcho","floor":15},{"not_picked":["Hololive_HighAtkLowDef","Hololive_DurableLive","Hololive_MaximGun","Hololive_IdolExercise"],"picked":"Hololive_DDD","floor":16},{"not_picked":["Hololive_FlyingPonyTail","Hololive_Rebound","Hololive_CallInugamiKorone","Hololive_Watashimo"],"picked":"Hololive_CallCivia+1","floor":18},{"not_picked":["Hololive_CallCivia","Hololive_RevenueBasedLive","Hololive_CallShishiroBotan","Hololive_OvertimeWork"],"picked":"Hololive_CocoNews","floor":19},{"not_picked":["Hololive_LuckPotion","Hololive_Spy+1","Hololive_CallAkaiHaato","Hololive_Watashimo+1"],"picked":"Hololive_CallYuzukiChoco","floor":23},{"not_picked":["Hololive_StrengthChampion","Hololive_RevenueBasedLive+1","Hololive_Sequa","Hololive_CallAiraniIofifteen+1"],"picked":"Hololive_CallManoAloe+1","floor":25},{"not_picked":["Hololive_Sequa+1","Hololive_CallTokinoSora+1","Hololive_Rebound","Hololive_FlyingPonyTail"],"picked":"Hololive_Teleport+1","floor":27},{"not_picked":["Hololive_Rebound","Hololive_OvertimeWork","Hololive_Psychosis","Hololive_BringToTrial"],"picked":"Hololive_CallKiryuuCoco+1","floor":31},{"not_picked":["Hololive_FlareMind","Hololive_AWSL","Hololive_DiamondStrike","Hololive_MaximGun"],"picked":"Hololive_Thief","floor":33},{"not_picked":["Hololive_OvertimeWork+1","Hololive_RevenueBasedLive+1","Hololive_LuckPotion+1","Hololive_StrengthChampion"],"picked":"Hololive_SoulCatcher+1","floor":35},{"not_picked":["Hololive_LuckPotion","Hololive_CallAZKi+1","Hololive_CallNakiriAyame+1","Hololive_Psychosis+1"],"picked":"Hololive_CocoNews+1","floor":36},{"not_picked":["Hololive_CallAkaiHaato+1","Hololive_Trident+1","Hololive_RevenueBasedLive+1","Hololive_CallMomosuzuNene+1"],"picked":"Hololive_CallYukihanaLamy+1","floor":37},{"not_picked":["Hololive_Drill+1","Hololive_HuntDinosaur+1","Hololive_Rebound+1","Hololive_Trident"],"picked":"Hololive_CallInugamiKorone+1","floor":39},{"not_picked":["Hololive_Rebound+1","Hololive_LuckPotion+1","Hololive_Breathe+1","Hololive_Teleport+1"],"picked":"Hololive_OvertimeWork+1","floor":40},{"not_picked":["Hololive_ASMR","Hololive_HuntDinosaur+1","Hololive_OpenUp","Hololive_FlyingPonyTail"],"picked":"Hololive_CallYozoraMel+1","floor":41},{"not_picked":["Hololive_Yoholoon+1","Hololive_Sequa+1","Hololive_CocoNews","Hololive_HighAtkLowDef"],"picked":"Hololive_CallNekomataOkayu+1","floor":44},{"not_picked":["Hololive_CallAmaneKanata+1","Hololive_CallMinatoAqua+1","Hololive_Sequa","Hololive_HuntDinosaur"],"picked":"Hololive_CallOzoraSubaru+1","floor":47},{"not_picked":["Hololive_LuckPotion","Hololive_Psychosis","Hololive_CallNakiriAyame+1","Hololive_StrengthChampion"],"picked":"Hololive_Breathe+1","floor":48}],"player_experience":25359,"relics_obtained":[{"floor":5,"key":"Bronze Scales"},{"floor":6,"key":"Dream Catcher"},{"floor":8,"key":"Hololive_FriedShrimpLion"},{"floor":9,"key":"Question Card"},{"floor":19,"key":"Red Mask"},{"floor":23,"key":"PreservedInsect"},{"floor":25,"key":"Frozen Egg 2"},{"floor":26,"key":"Letter Opener"},{"floor":36,"key":"Ginger"},{"floor":41,"key":"HornCleat"},{"floor":41,"key":"Thread and Needle"},{"floor":43,"key":"Bottled Flame"},{"floor":44,"key":"Pear"},{"floor":44,"key":"Eternal Feather"},{"floor":48,"key":"Blood Vial"},{"floor":48,"key":"CaptainsWheel"}],"event_choices":[{"damage_healed":0,"gold_gain":0,"player_choice":"Box","damage_taken":0,"relics_obtained":["Shuriken"],"max_hp_gain":0,"max_hp_loss":0,"event_name":"Big Fish","floor":2,"gold_loss":0,"cards_obtained":["Regret"]},{"damage_healed":0,"gold_gain":0,"player_choice":"Entered Light","damage_taken":7,"max_hp_gain":0,"max_hp_loss":0,"event_name":"Shining Light","floor":4,"gold_loss":0,"cards_upgraded":["Hololive_OvertimeWork","Hololive_CallRosalyn"]},{"damage_healed":0,"gold_gain":0,"player_choice":"Fought Bandits","damage_taken":0,"max_hp_gain":0,"max_hp_loss":0,"event_name":"Masked Bandits","floor":19,"gold_loss":0},{"damage_healed":0,"gold_gain":0,"player_choice":"Shed Blood","damage_taken":9,"max_hp_gain":5,"max_hp_loss":0,"event_name":"Forgotten Altar","floor":20,"gold_loss":0},{"damage_healed":0,"gold_gain":0,"player_choice":"Obtained Relic","damage_taken":0,"relics_obtained":["Torii"],"max_hp_gain":0,"max_hp_loss":0,"event_name":"Addict","floor":21,"gold_loss":85},{"damage_healed":0,"gold_gain":0,"player_choice":"Fight","damage_taken":0,"max_hp_gain":0,"max_hp_loss":0,"event_name":"Mysterious Sphere","floor":36,"gold_loss":0},{"damage_healed":0,"gold_gain":0,"player_choice":"Upgraded","damage_taken":0,"max_hp_gain":0,"max_hp_loss":0,"event_name":"Upgrade Shrine","floor":46,"gold_loss":0,"cards_upgraded":["Hololive_OvertimeWork"]}],"is_beta":false,"boss_relics":[{"not_picked":["Coffee Dripper","Empty Cage"],"picked":"SacredBark"},{"not_picked":["Philosopher\u0027s Stone","Hololive_TopUpMoneyS"],"picked":"Black Star"}],"items_purged_floors":[10,13,38],"is_endless":false,"potions_floor_spawned":[1,3,7,11,19,25,27,37,41,48],"ascension_level":6}}