{"host":"2k96kai96havp3pq","time":1608319584,"event":{"mods":["BaseMod","Colored Map","Colored Powertips","Downfall","Hermit","Minty Spire (QoL Compilation)","Relic Stats","Replay The Spire","StSLib","The Cursed","The Hierophant","The Servant 0.9.4"],"gold_per_floor":[118,118,118,138,10,45,85,85,85,123,137,91,91,105,105,233,233,248,347,77,77,97,97,97,118,194,194,194],"floor_reached":27,"playtime":1078,"items_purged":[],"score":286,"play_id":"fc6d258f-4ab0-479c-b8c8-fac968525550","local_time":"20201218132624","is_ascension_mode":true,"campfire_choices":[{"floor":8,"key":"REST"},{"floor":13,"key":"REST"},{"floor":15,"key":"REST"},{"floor":23,"key":"REST"}],"circlet_count":0,"master_deck":["Strike_B","Strike_B","Strike_B","Strike_B+1","Defend_B","Defend_B","Defend_B","Defend_B","Zap","Dualcast","Cold Snap","Injury","Blizzard","Coolheaded","Tempest","Reinforced Body+1","Time Bomb","FTL+1","Lockon","Coolheaded","Creative AI+1","FIFO Queue","Defragment","Normality","Coolheaded","Darkness+1","Leap+1"],"relics":["Cracked Core","WingedGreaves","Golden Idol","Shovel","Orichalcum","StoneCalendar","Gremlin Food","SlaversCollar","ReplayTheSpireMod:CursedCoin","Replay:Kaleidoscope","Gremlin Horn"],"acts_visited":["Exordium","TheCity"],"potions_floor_usage":[6,7,24],"damage_taken":[{"damage":0,"enemies":"Small Slimes","floor":1,"turns":3},{"damage":6,"enemies":"Jaw Worm","floor":4,"turns":4},{"damage":11,"enemies":"Replay:BlueRogue","floor":6,"turns":7},{"damage":28,"enemies":"Lagavulin","floor":7,"turns":6},{"damage":34,"enemies":"Gremlin Nob","floor":10,"turns":6},{"damage":0,"enemies":"2 Louse","floor":11,"turns":3},{"damage":3,"enemies":"Looter","floor":14,"turns":4},{"damage":12,"enemies":"The Guardian","floor":16,"turns":7},{"damage":43,"enemies":"3 Byrds","floor":18,"turns":7},{"damage":19,"enemies":"Spheric Guardian","floor":22,"turns":8},{"damage":0,"enemies":"Slavers","floor":24,"turns":1},{"damage":16,"enemies":"Snake Plant","floor":25,"turns":4},{"damage":10,"enemies":"Replay:Snechameleon","floor":27,"turns":3}],"seed_played":"4231462616519576459","potions_obtained":[{"floor":4,"key":"ColorlessPotion"},{"floor":6,"key":"Dexterity Potion"},{"floor":7,"key":"SmokeBomb"}],"is_trial":false,"path_per_floor":["M","?","?","M","$","E","E","R","T","E","M","?","R","M","R","B",null,"M","?","$","?","M","R","E","M","T","E"],"character_chosen":"DEFECT","items_purchased":["Coolheaded","Tempest","Defragment","ReplayTheSpireMod:CursedCoin","Replay:Kaleidoscope","Coolheaded"],"campfire_rested":4,"item_purchase_floors":[5,5,20,20,20,20],"current_hp_per_floor":[68,68,68,62,62,51,23,43,43,9,9,9,29,26,46,34,68,25,25,25,25,6,26,26,10,10,0,0],"gold":194,"neow_bonus":"ONE_RARE_RELIC","is_daily":false,"chose_seed":false,"campfire_upgraded":0,"win_rate":0.0,"timestamp":1608319584,"path_taken":["M","?","?","M","$","E","E","R","T","E","M","?","R","M","R","BOSS","M","?","$","?","M","R","E","M","T","E"],"items_purchased_type":["Card","Card","Card","Relic","Relic","Card"],"build_version":"2020-12-13","purchased_purges":0,"victory":false,"max_hp_per_floor":[68,68,68,68,68,68,68,68,68,68,68,68,68,68,68,68,68,68,68,68,68,68,68,68,68,68,68,68],"relic_stats":{"Shovel":0,"Gremlin Horn":[0,0],"counters":[13,63],"Golden Idol":78,"StoneCalendar":[49],"Orichalcum":[120],"obtain_stats":[{"Gremlin Food":10,"SlaversCollar":17,"Shovel":6,"Gremlin Horn":26,"Golden Idol":2,"ReplayTheSpireMod:CursedCoin":20,"StoneCalendar":9,"WingedGreaves":0,"Replay:Kaleidoscope":20,"Orichalcum":7,"Cracked Core":0},{"Gremlin Food":5,"SlaversCollar":8,"Shovel":3,"Gremlin Horn":12,"Golden Idol":1,"ReplayTheSpireMod:CursedCoin":9,"StoneCalendar":4,"WingedGreaves":0,"Replay:Kaleidoscope":9,"Orichalcum":4,"Cracked Core":0},{"Gremlin Food":26,"SlaversCollar":40,"Shovel":14,"Gremlin Horn":60,"Golden Idol":3,"ReplayTheSpireMod:CursedCoin":47,"StoneCalendar":20,"WingedGreaves":0,"Replay:Kaleidoscope":47,"Orichalcum":20,"Cracked Core":0}]},"card_choices":[{"not_picked":["Reinforced Body","Hologram"],"picked":"Cold Snap","floor":1},{"not_picked":["Leap","Turbo"],"picked":"Blizzard","floor":4},{"not_picked":["Stack","Go for the Eyes"],"picked":"Reinforced Body","floor":6},{"not_picked":["Leap","Steam"],"picked":"Time Bomb","floor":7},{"not_picked":["Hologram","Rip and Tear"],"picked":"FTL","floor":10},{"not_picked":["Turbo","Barrage"],"picked":"Lockon","floor":11},{"not_picked":["Streamline","Hello World"],"picked":"Coolheaded","floor":14},{"not_picked":["Mirror Shield","Amplify"],"picked":"Creative AI","floor":16},{"not_picked":["Ball Lightning","Cold Snap+1"],"picked":"FIFO Queue","floor":18},{"not_picked":["Heatsinks","Hologram"],"picked":"Darkness+1","floor":22},{"not_picked":["Auto Shields","Static Discharge"],"picked":"Leap+1","floor":25}],"player_experience":351603,"relics_obtained":[{"floor":6,"key":"Shovel"},{"floor":7,"key":"Orichalcum"},{"floor":9,"key":"StoneCalendar"},{"floor":10,"key":"Gremlin Food"},{"floor":26,"key":"Gremlin Horn"}],"event_choices":[{"damage_healed":0,"gold_gain":0,"player_choice":"Take Wound","damage_taken":0,"relics_obtained":["Golden Idol"],"max_hp_gain":0,"max_hp_loss":0,"event_name":"Golden Idol","floor":2,"gold_loss":0,"cards_obtained":["Injury"]},{"damage_healed":0,"gold_gain":0,"player_choice":"Ignored","damage_taken":0,"max_hp_gain":0,"max_hp_loss":0,"event_name":"Golden Wing","floor":3,"gold_loss":0},{"damage_healed":0,"gold_gain":0,"player_choice":"Left Gold","damage_taken":0,"max_hp_gain":0,"max_hp_loss":0,"event_name":"World of Goop","floor":12,"gold_loss":46},{"damage_healed":0,"gold_gain":99,"player_choice":"Stole From Cult","damage_taken":0,"max_hp_gain":0,"max_hp_loss":0,"event_name":"Nest","floor":19,"gold_loss":0},{"damage_healed":0,"gold_gain":0,"player_choice":"Upgraded","damage_taken":0,"max_hp_gain":0,"max_hp_loss":0,"event_name":"Upgrade Shrine","floor":21,"gold_loss":0,"cards_upgraded":["Creative AI"]}],"is_beta":false,"boss_relics":[{"not_picked":["Empty Cage","ChewingGum"],"picked":"SlaversCollar"}],"items_purged_floors":[],"is_endless":false,"potions_floor_spawned":[4,6,7,24],"killed_by":"Replay:Snechameleon","ascension_level":3}}