{"host":"agbyy69nq62afhwx","time":1608322063,"event":{"mods":["BaseMod","Colored Map","Highlight Path","Keyboard Shortcuts","Minty Spire (QoL Compilation)","Quick Restart","StSLib","SuperFastMode","everything is the same but u backflip on backflip"],"gold_per_floor":[116,127,52,66,85,85,114,114,137,137,148,80,63,63,72,209,272,285,118,147,72,72,72,97,97,122,122,147,147,160,185,185,315,315,315,315],"floor_reached":35,"playtime":1128,"items_purged":["Strike_G","Strike_G"],"score":420,"play_id":"c4aeb209-0399-4346-8d4b-6ecd99b05662","local_time":"20201219050743","is_ascension_mode":true,"campfire_choices":[{"data":"Bullet Time","floor":6.0,"key":"SMITH"},{"floor":8.0,"key":"REST"},{"floor":15.0,"key":"REST"},{"data":"Catalyst","floor":23.0,"key":"SMITH"},{"floor":25.0,"key":"REST"},{"data":"Bouncing Flask","floor":27.0,"key":"SMITH"},{"data":"Backflip","floor":29.0,"key":"SMITH"},{"data":"Acrobatics","floor":32.0,"key":"SMITH"}],"circlet_count":0,"master_deck":["Defend_G+1","Defend_G","Defend_G","Defend_G","Defend_G","Survivor","Neutralize","Bullet Time+1","Dagger Throw","Acrobatics+1","Poisoned Stab","Deadly Poison","Dash+1","Bouncing Flask+1","Backflip+1","Bane","Wraith Form v2+1","Catalyst+1","Escape Plan+1","Calculated Gamble+1","Burst"],"relics":["Ring of the Snake","Dream Catcher","CeramicFish","Golden Idol","Tiny House","War Paint","Empty Cage"],"acts_visited":["Exordium","TheCity","TheBeyond"],"potions_floor_usage":[35],"damage_taken":[{"damage":5.0,"enemies":"Cultist","floor":1.0,"turns":4.0},{"damage":5.0,"enemies":"2 Louse","floor":2.0,"turns":3.0},{"damage":7.0,"enemies":"Small Slimes","floor":4.0,"turns":5.0},{"damage":0.0,"enemies":"Exordium Wildlife","floor":5.0,"turns":3.0},{"damage":19.0,"enemies":"Lagavulin","floor":7.0,"turns":6.0},{"damage":1.0,"enemies":"Red Slaver","floor":11.0,"turns":3.0},{"damage":52.0,"enemies":"Slime Boss","floor":16.0,"turns":14.0},{"damage":1.0,"enemies":"Shell Parasite","floor":18.0,"turns":7.0},{"damage":23.0,"enemies":"3 Byrds","floor":20.0,"turns":7.0},{"damage":16.0,"enemies":"Snecko","floor":24.0,"turns":5.0},{"damage":0.0,"enemies":"Sentry and Sphere","floor":28.0,"turns":5.0},{"damage":0.0,"enemies":"Snake Plant","floor":30.0,"turns":3.0},{"damage":0.0,"enemies":"Cultist and Chosen","floor":31.0,"turns":4.0},{"damage":32.0,"enemies":"Champ","floor":33.0,"turns":8.0},{"damage":0,"enemies":"3 Darklings","floor":35,"turns":2}],"seed_played":"-9067269018300683272","potions_obtained":[{"floor":4.0,"key":"Fire Potion"},{"floor":5.0,"key":"Weak Potion"},{"floor":11.0,"key":"SteroidPotion"},{"floor":17.0,"key":"FairyPotion"},{"floor":20.0,"key":"LiquidBronze"}],"is_trial":false,"path_per_floor":["M","M","$","M","M","R","E","R","T","?","M","$","$","?","R","B",null,"M","$","M","?","?","R","M","R","T","R","M","R","M","M","R","B",null,"M"],"character_chosen":"THE_SILENT","items_purchased":["Bouncing Flask","Backflip","Catalyst"],"campfire_rested":3,"item_purchase_floors":[12,13,19],"current_hp_per_floor":[65,60,60,53,53,53,34,55,55,55,54,54,54,37,58,6,75,74,74,51,51,51,51,35,57,57,57,57,57,57,57,57,25,75,75,75],"gold":315,"neow_bonus":"ONE_RANDOM_RARE_CARD","is_daily":false,"chose_seed":false,"campfire_upgraded":5,"win_rate":0.0,"timestamp":1608322063,"path_taken":["M","M","$","?","M","R","E","R","T","?","M","?","$","?","R","BOSS","M","$","M","?","?","R","M","R","T","R","M","R","M","M","R","BOSS","M"],"items_purchased_type":["Card","Card","Card"],"build_version":"2020-12-13","purchased_purges":2,"victory":false,"max_hp_per_floor":[70,70,70,70,70,70,70,70,70,70,70,70,70,70,70,70,75,75,75,75,75,75,75,75,75,75,75,75,75,75,75,75,75,75,75,75],"card_choices":[{"not_picked":["Sucker Punch","Bane"],"picked":"Dagger Throw","floor":1.0},{"not_picked":["Caltrops","Blur"],"picked":"Acrobatics","floor":2.0},{"not_picked":["Bane","Dodge and Roll"],"picked":"Poisoned Stab","floor":4.0},{"not_picked":["Underhanded Strike","Cloak And Dagger"],"picked":"Deadly Poison","floor":5.0},{"not_picked":["Well Laid Plans","Deflect","Outmaneuver"],"picked":"SKIP","floor":7.0},{"not_picked":["Cloak And Dagger","Poisoned Stab"],"picked":"Dash","floor":8.0},{"not_picked":["Footwork","Accuracy","Tools of the Trade"],"picked":"SKIP","floor":11.0},{"not_picked":["Prepared","Flying Knee"],"picked":"Bane","floor":15.0},{"not_picked":["Grand Finale","Malaise"],"picked":"Wraith Form v2","floor":16.0},{"not_picked":["Outmaneuver","Blade Dance","Flechettes"],"picked":"SKIP","floor":18.0},{"not_picked":["Deadly Poison","Storm of Steel"],"picked":"Escape Plan","floor":20.0},{"not_picked":["Slice+1","Poisoned Stab","Dagger Spray"],"picked":"SKIP","floor":24.0},{"not_picked":["Riddle With Holes","Poisoned Stab","Dagger Spray"],"picked":"SKIP","floor":28.0},{"not_picked":["Acrobatics+1","Deadly Poison","Infinite Blades+1"],"picked":"SKIP","floor":30.0},{"not_picked":["Backflip","Terror"],"picked":"Calculated Gamble+1","floor":31.0},{"not_picked":["After Image","Bullet Time"],"picked":"Burst","floor":33.0}],"player_experience":315840,"relics_obtained":[{"floor":7.0,"key":"Dream Catcher"},{"floor":9.0,"key":"CeramicFish"},{"floor":26.0,"key":"War Paint"}],"event_choices":[{"damage_healed":0.0,"max_hp_gain":0.0,"max_hp_loss":0.0,"gold_gain":0.0,"event_name":"Upgrade Shrine","player_choice":"Upgraded","floor":10.0,"gold_loss":0.0,"damage_taken":0.0,"cards_upgraded":["Dash"]},{"damage_healed":0.0,"max_hp_gain":0.0,"max_hp_loss":0.0,"gold_gain":0.0,"event_name":"Golden Idol","player_choice":"Take Damage","floor":14.0,"gold_loss":0.0,"damage_taken":17.0,"relics_obtained":["Golden Idol"]},{"cards_removed":["Strike_G"],"damage_healed":0.0,"max_hp_gain":0.0,"max_hp_loss":0.0,"gold_gain":0.0,"event_name":"Beggar","player_choice":"Gave Gold","floor":21.0,"gold_loss":75.0,"damage_taken":0.0},{"damage_healed":0.0,"max_hp_gain":0.0,"max_hp_loss":0.0,"gold_gain":0.0,"event_name":"Ghosts","player_choice":"Ignored","floor":22.0,"gold_loss":0.0,"damage_taken":0.0}],"is_beta":false,"boss_relics":[{"not_picked":["Ectoplasm","Velvet Choker"],"picked":"Tiny House"},{"not_picked":["Cursed Key","WristBlade"],"picked":"Empty Cage"}],"items_purged_floors":[3,19],"is_endless":false,"potions_floor_spawned":[4,5,11,20,30,33],"killed_by":"3 Darklings","ascension_level":2}}