{"host":"gc0hqzwg2gd3zszy","time":1608267602,"event":{"mods":["BaseMod","DeckTracker","Minty Spire (QoL Compilation)","Relic Stats","SuperFastMode"],"gold_per_floor":[115,190,203,52,52,52,52,52,52,95,110,110,151,21,21,120,120,120,120,120,120,120,120],"floor_reached":22,"playtime":678,"items_purged":[],"score":434,"play_id":"381b1823-aa09-4c1c-bad8-fcc14b7033a5","local_time":"20201218140002","is_ascension_mode":true,"campfire_choices":[{"data":"Hello World","floor":6,"key":"SMITH"},{"data":"Dualcast","floor":15,"key":"SMITH"}],"circlet_count":0,"master_deck":["AscendersBane","Strike_B","Strike_B","Strike_B","Defend_B","Defend_B","Defend_B","Defend_B","Zap+1","Dualcast+1","Go for the Eyes","Rebound","Hello World+1","Hologram","Compile Driver","Injury","Force Field","Go for the Eyes","Reinforced Body","Beam Cell","Defragment","Gash","Buffer","Turbo","Scrape","Steam"],"relics":["Cracked Core","NeowsBlessing","Vajra","Golden Idol","Mummified Hand","Bottled Flame","Oddly Smooth Stone","Ectoplasm"],"acts_visited":["Exordium","TheCity"],"potions_floor_usage":[16,22],"damage_taken":[{"damage":0,"enemies":"Small Slimes","floor":1,"turns":1},{"damage":0,"enemies":"Jaw Worm","floor":3,"turns":1},{"damage":0,"enemies":"Gremlin Nob","floor":10,"turns":1},{"damage":6,"enemies":"2 Louse","floor":11,"turns":2},{"damage":17,"enemies":"3 Sentries","floor":13,"turns":6},{"damage":42,"enemies":"Slime Boss","floor":16,"turns":10},{"damage":9,"enemies":"Chosen","floor":18,"turns":6},{"damage":4,"enemies":"Spheric Guardian","floor":20,"turns":5},{"damage":37,"enemies":"Snake Plant","floor":21,"turns":5},{"damage":10,"enemies":"Sentry and Sphere","floor":22,"turns":5}],"seed_played":"2157025326060222706","potions_obtained":[{"floor":3,"key":"SteroidPotion"},{"floor":21,"key":"LiquidMemories"}],"is_trial":false,"path_per_floor":["M","?","M","$","?","R","?","?","T","E","M","?","E","$","R","B",null,"M","?","M","M","M"],"character_chosen":"DEFECT","items_purchased":["Hello World","Hologram","Compile Driver","Defragment","Gash"],"campfire_rested":0,"item_purchase_floors":[4,4,4,14,14],"current_hp_per_floor":[64,53,53,53,48,48,48,71,71,71,65,65,48,48,48,6,55,46,46,42,5,0,0],"gold":120,"neow_bonus":"THREE_ENEMY_KILL","is_daily":false,"chose_seed":false,"campfire_upgraded":2,"win_rate":0.0,"timestamp":1608267602,"path_taken":["M","?","M","$","?","R","?","?","T","E","?","?","E","$","R","BOSS","M","?","M","M","?"],"items_purchased_type":["Card","Card","Card","Card","Card"],"build_version":"2020-12-13","purchased_purges":0,"victory":false,"max_hp_per_floor":[71,71,71,71,71,71,71,71,71,71,71,71,71,71,71,71,71,71,71,71,71,71,71],"relic_stats":{"counters":[10,42],"Golden Idol":52,"Mummified Hand":[16],"Ectoplasm":59,"obtain_stats":[{"Bottled Flame":10,"NeowsBlessing":0,"Golden Idol":7,"Mummified Hand":9,"Vajra":5,"Oddly Smooth Stone":13,"Ectoplasm":17,"Cracked Core":0},{"Bottled Flame":3,"NeowsBlessing":0,"Golden Idol":2,"Mummified Hand":2,"Vajra":2,"Oddly Smooth Stone":5,"Ectoplasm":6,"Cracked Core":0},{"Bottled Flame":3,"NeowsBlessing":0,"Golden Idol":2,"Mummified Hand":2,"Vajra":2,"Oddly Smooth Stone":11,"Ectoplasm":21,"Cracked Core":0}]},"card_choices":[{"not_picked":["Rip and Tear","Conserve Battery"],"picked":"Go for the Eyes","floor":1},{"not_picked":["Rip and Tear","Stack"],"picked":"Rebound","floor":3},{"not_picked":["Ball Lightning","Meteor Strike"],"picked":"Force Field","floor":10},{"not_picked":["Lockon","Streamline"],"picked":"Go for the Eyes","floor":11},{"not_picked":["Leap","Hologram"],"picked":"Beam Cell","floor":13},{"not_picked":["Core Surge","Fission"],"picked":"Buffer","floor":16},{"not_picked":["Go for the Eyes+1","Chaos"],"picked":"Turbo","floor":18},{"not_picked":["Compile Driver+1","Cold Snap+1"],"picked":"Scrape","floor":20},{"not_picked":["Rebound","Go for the Eyes"],"picked":"Steam","floor":21}],"player_experience":1300896,"relics_obtained":[{"floor":9,"key":"Mummified Hand"},{"floor":10,"key":"Bottled Flame"},{"floor":13,"key":"Oddly Smooth Stone"}],"event_choices":[{"damage_healed":0,"gold_gain":75,"player_choice":"Gather Gold","damage_taken":11,"max_hp_gain":0,"max_hp_loss":0,"event_name":"World of Goop","floor":2,"gold_loss":0},{"damage_healed":0,"gold_gain":0,"player_choice":"Success","damage_taken":5,"relics_obtained":["Vajra"],"max_hp_gain":0,"max_hp_loss":0,"event_name":"Scrap Ooze","floor":5,"gold_loss":0},{"damage_healed":0,"gold_gain":0,"player_choice":"Take Wound","damage_taken":0,"relics_obtained":["Golden Idol"],"max_hp_gain":0,"max_hp_loss":0,"event_name":"Golden Idol","floor":7,"gold_loss":0,"cards_obtained":["Injury"]},{"damage_healed":23,"gold_gain":0,"player_choice":"Full Heal","damage_taken":0,"max_hp_gain":0,"max_hp_loss":0,"event_name":"Wheel of Change","floor":8,"gold_loss":0},{"damage_healed":0,"gold_gain":0,"cards_transformed":["Strike_B"],"player_choice":"Change","damage_taken":0,"max_hp_gain":0,"max_hp_loss":0,"event_name":"Living Wall","floor":12,"gold_loss":0,"cards_obtained":["Reinforced Body"]},{"damage_healed":0,"gold_gain":0,"player_choice":"Upgraded","damage_taken":0,"max_hp_gain":0,"max_hp_loss":0,"event_name":"Upgrade Shrine","floor":19,"gold_loss":0,"cards_upgraded":["Zap"]}],"is_beta":false,"boss_relics":[{"not_picked":["Pandora\u0027s Box","Busted Crown"],"picked":"Ectoplasm"}],"items_purged_floors":[],"is_endless":false,"potions_floor_spawned":[3,21],"killed_by":"Sentry and Sphere","ascension_level":20}}