{"host":"t8l92xzjkmihtain","time":1608291576,"event":{"mods":["AchievementEnabler","BaseMod","Colored Map","Minty Spire (QoL Compilation)","Rare Cards Sparkle","SuperFastMode","everything is the same but u backflip on backflip"],"gold_per_floor":[11,24,24,24,49,77,97,110,110,110,121,134,134,460,460,564,564,575,500,512,512,522,540,540,540,586,586,586,586,598,73,73,168,168,183,83,102,52,0,30,30,30,30,30,7,34,50,60,60,60,60],"floor_reached":50,"playtime":1707,"items_purged":["Bludgeon","Brutality+1"],"score":553,"play_id":"86a2be48-123c-4a4e-9e40-db30c40ea1f3","local_time":"20201218203936","is_ascension_mode":true,"campfire_choices":[{"floor":10,"key":"REST"},{"floor":15,"key":"REST"},{"floor":25,"key":"REST"},{"floor":27,"key":"REST"},{"floor":29,"key":"REST"},{"data":"Pommel Strike","floor":32,"key":"SMITH"},{"floor":41,"key":"REST"},{"floor":44,"key":"REST"},{"floor":49,"key":"REST"}],"circlet_count":0,"master_deck":["Strike_R","Strike_R","Strike_R","Strike_R","Strike_R","Apotheosis+1","Pommel Strike+1","Warcry+1","Flex+1","Pommel Strike","Twin Strike","Twin Strike","Warcry+1","Limit Break+1","Second Wind+1","Armaments+1","Twin Strike","Perfected Strike+1","Warcry+1"],"relics":["Burning Blood","Omamori","Anchor","Darkstone Periapt","Old Coin","Calling Bell","Vajra","Toxic Egg 2","Thread and Needle","MutagenicStrength","Orichalcum","War Paint","HandDrill","Astrolabe","Red Mask","Pocketwatch","Mummified Hand","PreservedInsect"],"acts_visited":["Exordium","TheCity","TheBeyond"],"potions_floor_usage":[14,14,14,33,33,40,40,40],"damage_taken":[{"damage":4,"enemies":"Jaw Worm","floor":1,"turns":3},{"damage":6,"enemies":"Cultist","floor":2,"turns":4},{"damage":32,"enemies":"Gremlin Nob","floor":6,"turns":4},{"damage":0,"enemies":"2 Louse","floor":7,"turns":2},{"damage":25,"enemies":"Exordium Wildlife","floor":8,"turns":5},{"damage":3,"enemies":"2 Fungi Beasts","floor":11,"turns":3},{"damage":0,"enemies":"Large Slime","floor":12,"turns":5},{"damage":15,"enemies":"3 Sentries","floor":14,"turns":6},{"damage":64,"enemies":"The Guardian","floor":16,"turns":7},{"damage":29,"enemies":"Shell Parasite","floor":18,"turns":4},{"damage":0,"enemies":"Chosen","floor":20,"turns":3},{"damage":42,"enemies":"3 Cultists","floor":22,"turns":6},{"damage":25,"enemies":"Shelled Parasite and Fungi","floor":23,"turns":5},{"damage":9,"enemies":"Centurion and Healer","floor":30,"turns":4},{"damage":71,"enemies":"Champ","floor":33,"turns":9},{"damage":38,"enemies":"3 Shapes","floor":35,"turns":4},{"damage":6,"enemies":"Orb Walker","floor":37,"turns":3},{"damage":55,"enemies":"Nemesis","floor":40,"turns":5},{"damage":6,"enemies":"Maw","floor":47,"turns":5},{"damage":44,"enemies":"Spire Growth","floor":48,"turns":4},{"damage":53,"enemies":"Donu and Deca","floor":50,"turns":4}],"seed_played":"6463357522862308769","potions_obtained":[{"floor":6,"key":"ColorlessPotion"},{"floor":7,"key":"EssenceOfSteel"},{"floor":11,"key":"SkillPotion"},{"floor":20,"key":"BlessingOfTheForge"},{"floor":30,"key":"PowerPotion"},{"floor":33,"key":"Fire Potion"},{"floor":47,"key":"LiquidMemories"}],"is_trial":false,"path_per_floor":["M","M","?","?","T","E","M","M","T","R","M","M","$","E","R","B",null,"M","?","M","?","M","M","?","R","T","R","?","R","M","$","R","B",null,"M","$","M","$","?","E","R","?","T","R","$","T","M","M","R","B"],"character_chosen":"IRONCLAD","items_purchased":["Twin Strike","War Paint","HandDrill","Warcry+1","Strength Potion","BloodPotion","Warcry+1"],"campfire_rested":8,"item_purchase_floors":[31,31,31,31,31,38,45],"current_hp_per_floor":[80,80,80,73,73,47,53,34,34,58,61,67,67,58,80,22,80,57,57,63,63,27,8,8,32,32,56,56,80,77,77,77,12,80,48,48,48,48,48,15,39,39,39,63,63,63,63,25,49,0,0],"gold":60,"neow_bonus":"RANDOM_COLORLESS_2","is_daily":false,"chose_seed":false,"campfire_upgraded":1,"win_rate":0.0,"timestamp":1608291576,"path_taken":["M","M","?","?","?","E","M","M","T","R","?","M","$","E","R","BOSS","M","?","M","?","M","?","?","R","T","R","?","R","?","$","R","BOSS","M","$","?","?","?","E","R","?","T","R","$","?","?","M","R","BOSS"],"items_purchased_type":["Card","Relic","Relic","Card","Potion","Potion","Card"],"build_version":"2020-12-13","purchased_purges":2,"victory":false,"max_hp_per_floor":[80,80,80,80,80,80,80,80,80,80,80,80,80,80,80,80,80,80,80,80,80,80,80,80,80,80,80,80,80,80,80,80,80,80,80,80,80,80,80,80,80,80,80,80,80,80,80,80,80,80,80],"card_choices":[{"not_picked":["Sadistic Nature","Secret Weapon"],"picked":"Apotheosis","floor":0},{"not_picked":["Feel No Pain","True Grit","Clothesline"],"picked":"SKIP","floor":1},{"not_picked":["Headbutt","Rage"],"picked":"Pommel Strike","floor":2},{"not_picked":["Iron Wave","Dual Wield","Sword Boomerang"],"picked":"SKIP","floor":6},{"not_picked":["Headbutt","Metallicize","Second Wind"],"picked":"SKIP","floor":7},{"not_picked":["True Grit","Disarm"],"picked":"Warcry","floor":8},{"not_picked":["Uppercut","Bloodletting","Dual Wield"],"picked":"SKIP","floor":11},{"not_picked":["Heavy Blade","Uppercut","Seeing Red"],"picked":"SKIP","floor":12},{"not_picked":["Berserk","Anger"],"picked":"Flex","floor":14},{"not_picked":["Exhume","Immolate"],"picked":"Bludgeon","floor":16},{"not_picked":["Battle Trance+1","Sever Soul"],"picked":"Pommel Strike","floor":18},{"not_picked":["Inflame","Anger","Sever Soul"],"picked":"SKIP","floor":20},{"not_picked":["Wild Strike","Havoc+1","Bloodletting+1"],"picked":"SKIP","floor":22},{"not_picked":["Headbutt+1","Shrug It Off+1","Hemokinesis"],"picked":"SKIP","floor":23},{"not_picked":["Iron Wave","Carnage"],"picked":"Twin Strike","floor":30},{"not_picked":["Fiend Fire","Bludgeon"],"picked":"Limit Break+1","floor":33},{"not_picked":["Havoc+1","Searing Blow"],"picked":"Twin Strike","floor":35},{"not_picked":["Whirlwind","Rupture"],"picked":"Perfected Strike+1","floor":37},{"not_picked":["Power Through+1","Headbutt","Fire Breathing+1"],"picked":"SKIP","floor":40},{"not_picked":["Bloodletting+1","Shrug It Off+1","Armaments+1"],"picked":"SKIP","floor":47},{"not_picked":["Headbutt","Clothesline+1","Anger+1"],"picked":"SKIP","floor":48}],"player_experience":25099,"relics_obtained":[{"floor":5,"key":"Omamori"},{"floor":6,"key":"Anchor"},{"floor":9,"key":"Darkstone Periapt"},{"floor":14,"key":"Old Coin"},{"floor":17,"key":"Vajra"},{"floor":17,"key":"Toxic Egg 2"},{"floor":17,"key":"Thread and Needle"},{"floor":26,"key":"Orichalcum"},{"floor":40,"key":"Pocketwatch"},{"floor":43,"key":"Mummified Hand"},{"floor":46,"key":"PreservedInsect"}],"event_choices":[{"damage_healed":0,"gold_gain":0,"player_choice":"Grow","damage_taken":0,"max_hp_gain":0,"max_hp_loss":0,"event_name":"Living Wall","floor":3,"gold_loss":0,"cards_upgraded":["Apotheosis"]},{"cards_removed":["Defend_R"],"damage_healed":0,"gold_gain":0,"player_choice":"Card Removal","damage_taken":7,"max_hp_gain":0,"max_hp_loss":0,"event_name":"Golden Wing","floor":4,"gold_loss":0},{"cards_removed":["Defend_R"],"damage_healed":0,"gold_gain":0,"player_choice":"Gave Gold","damage_taken":0,"max_hp_gain":0,"max_hp_loss":0,"event_name":"Beggar","floor":19,"gold_loss":75},{"damage_healed":0,"gold_gain":0,"player_choice":"Inject Mutagens","damage_taken":0,"relics_obtained":["MutagenicStrength"],"max_hp_gain":0,"max_hp_loss":0,"event_name":"Drug Dealer","floor":21,"gold_loss":0},{"damage_healed":0,"gold_gain":0,"player_choice":"Smashed Altar","damage_taken":0,"max_hp_gain":0,"max_hp_loss":0,"event_name":"Forgotten Altar","floor":24,"gold_loss":0,"cards_obtained":["Decay"]},{"damage_healed":0,"gold_gain":0,"player_choice":"Ignored","damage_taken":0,"max_hp_gain":0,"max_hp_loss":0,"event_name":"N\u0027loth","floor":28,"gold_loss":0},{"damage_healed":0,"gold_gain":0,"player_choice":"Paid","damage_taken":0,"relics_obtained":["Red Mask"],"max_hp_gain":0,"max_hp_loss":0,"event_name":"Tomb of Lord Red Mask","floor":39,"gold_loss":52},{"damage_healed":0,"gold_gain":0,"player_choice":"Memory 1","damage_taken":0,"max_hp_gain":0,"max_hp_loss":0,"event_name":"SensoryStone","floor":42,"gold_loss":0}],"is_beta":false,"boss_relics":[{"not_picked":["Cursed Key","Black Star"],"picked":"Calling Bell"},{"not_picked":["Sozu","Philosopher\u0027s Stone"],"picked":"Astrolabe"}],"items_purged_floors":[31,36],"is_endless":false,"potions_floor_spawned":[6,7,11,12,20,30,33,47],"killed_by":"Donu and Deca","ascension_level":2}}