{"host":"bq4pt811tk9yrmjl","time":1608254750,"event":{"mods":["AchievementEnabler","BaseMod","Colored Map","Colored Powertips","Defuse TimeMaze Blight","Minty Spire (QoL Compilation)","StSLib","SuperFastMode","UnlockEverythingMod"],"gold_per_floor":[119,119,131,131,131,158,158,177,203,46,46,46,59,89,89,190,190,203,203,203,215,215,215,247,27,108,118,118,133,152,166,166,269,269,282,292,292,514,529,529,574,624,698,711,741,741,235,251,251,251,251,251,95,125,125,125],"floor_reached":55,"playtime":1263,"items_purged":[],"score":764,"play_id":"59f7f83b-de37-47e6-9b7e-5b6915321e86","local_time":"20201217232550","is_ascension_mode":true,"campfire_choices":[{"floor":7.0,"key":"RECALL"},{"data":"Sunder","floor":11.0,"key":"SMITH"},{"data":"Redo","floor":15.0,"key":"SMITH"},{"data":"Electrodynamics","floor":23.0,"key":"SMITH"},{"floor":28.0,"key":"REST"},{"data":"Go for the Eyes","floor":32.0,"key":"SMITH"},{"data":"Echo Form","floor":40.0,"key":"SMITH"},{"data":"Melter","floor":49.0,"key":"SMITH"},{"data":"Self Repair","floor":52.0,"key":"SMITH"}],"circlet_count":0,"master_deck":["Strike_B+1","Strike_B+1","Strike_B+1","Defend_B+1","Defend_B+1","Defend_B+1","Defend_B+1","Zap+1","Dualcast","Redo+1","Sunder+1","Go for the Eyes+1","Electrodynamics+1","Melter+1","Self Repair+1","Echo Form+1","Buffer+1","Stack+1","Conserve Battery+1","Steam+1","Madness+1","Madness+1","Reinforced Body+1"],"relics":["Cracked Core","NeowsBlessing","Omamori","Regal Pillow","Lee\u0027s Waffle","Pen Nib","Busted Crown","Necronomicon","Red Mask","ClockworkSouvenir","Pantograph","Astrolabe","Mango","Lizard Tail","HornCleat","Unceasing Top","Ancient Tea Set","Sling","Nunchaku","Art of War","War Paint"],"acts_visited":["Exordium","TheCity","TheBeyond","TheEnding"],"potions_floor_usage":[55,55],"damage_taken":[{"damage":0.0,"enemies":"Small Slimes","floor":1.0,"turns":1.0},{"damage":0.0,"enemies":"Cultist","floor":3.0,"turns":1.0},{"damage":0.0,"enemies":"3 Sentries","floor":6.0,"turns":1.0},{"damage":1.0,"enemies":"Jaw Worm","floor":8.0,"turns":3.0},{"damage":0.0,"enemies":"Looter","floor":13.0,"turns":2.0},{"damage":8.0,"enemies":"Lagavulin","floor":14.0,"turns":4.0},{"damage":45.0,"enemies":"The Guardian","floor":16.0,"turns":9.0},{"damage":5.0,"enemies":"Chosen","floor":18.0,"turns":3.0},{"damage":0.0,"enemies":"Spheric Guardian","floor":21.0,"turns":1.0},{"damage":20.0,"enemies":"Masked Bandits","floor":24.0,"turns":3.0},{"damage":0.0,"enemies":"Cultist and Chosen","floor":27.0,"turns":3.0},{"damage":0.0,"enemies":"3 Cultists","floor":29.0,"turns":3.0},{"damage":15.0,"enemies":"Snake Plant","floor":30.0,"turns":2.0},{"damage":0.0,"enemies":"Cultist and Chosen","floor":31.0,"turns":4.0},{"damage":40.0,"enemies":"Automaton","floor":33.0,"turns":8.0},{"damage":21.0,"enemies":"3 Darklings","floor":35.0,"turns":4.0},{"damage":0.0,"enemies":"3 Shapes","floor":36.0,"turns":5.0},{"damage":10.0,"enemies":"Transient","floor":39.0,"turns":5.0},{"damage":10.0,"enemies":"2 Orb Walkers","floor":41.0,"turns":5.0},{"damage":14.0,"enemies":"Mind Bloom Boss Battle","floor":42.0,"turns":9.0},{"damage":14.0,"enemies":"Sphere and 2 Shapes","floor":44.0,"turns":5.0},{"damage":9.0,"enemies":"Giant Head","floor":45.0,"turns":9.0},{"damage":7.0,"enemies":"Jaw Worm Horde","floor":48.0,"turns":7.0},{"damage":66.0,"enemies":"Donu and Deca","floor":50.0,"turns":11.0},{"damage":38,"enemies":"Shield and Spear","floor":54,"turns":6},{"damage":186,"enemies":"The Heart","floor":55,"turns":9}],"seed_played":"-4140992424359817801","potions_obtained":[{"floor":3.0,"key":"Swift Potion"},{"floor":6.0,"key":"PowerPotion"},{"floor":16.0,"key":"AttackPotion"},{"floor":21.0,"key":"Strength Potion"},{"floor":30.0,"key":"Dexterity Potion"},{"floor":33.0,"key":"SteroidPotion"},{"floor":39.0,"key":"SteroidPotion"},{"floor":41.0,"key":"CultistPotion"},{"floor":42.0,"key":"FairyPotion"},{"floor":48.0,"key":"PowerPotion"}],"is_trial":false,"path_per_floor":["M","?","M","?","?","E","R","M","T","$","R","$","M","E","R","B",null,"M","?","?","M","?","R","?","$","T","M","R","M","M","M","R","B",null,"M","M","?","?","M","R","?","?","T","M","E","?","$","M","R","B",null,"R","$","E","B"],"character_chosen":"DEFECT","items_purchased":["Lee\u0027s Waffle","ClockworkSouvenir","Self Repair","Ancient Tea Set","Sling","Nunchaku","ColorlessPotion","Art of War"],"campfire_rested":1,"item_purchase_floors":[10,25,25,47,47,47,47,53],"current_hp_per_floor":[75,75,75,68,68,68,68,67,67,82,82,82,82,74,74,29,82,77,77,77,77,61,61,41,41,41,48,82,82,67,74,74,49,82,68,75,75,75,65,65,83,96,96,89,94,82,82,89,89,37,96,96,96,58,0,0],"gold":125,"neow_bonus":"THREE_ENEMY_KILL","is_daily":false,"chose_seed":false,"campfire_upgraded":7,"win_rate":0.0,"timestamp":1608254750,"path_taken":["M","?","M","?","?","E","R","M","T","$","R","$","M","E","R","BOSS","M","?","?","M","?","R","?","$","T","M","R","M","M","M","R","BOSS","M","M","?","?","?","R","?","?","T","M","E","?","$","M","R","BOSS","R","$","E","BOSS"],"items_purchased_type":["Relic","Relic","Card","Relic","Relic","Relic","Potion","Relic"],"build_version":"2020-12-13","purchased_purges":0,"victory":false,"max_hp_per_floor":[75,75,75,75,75,75,75,75,75,82,82,82,82,82,82,82,82,82,82,82,82,82,82,82,82,82,82,82,82,82,82,82,82,82,82,82,82,82,82,82,96,96,96,96,96,96,96,96,96,96,96,96,96,96,96,96],"card_choices":[{"not_picked":["Leap","Go for the Eyes"],"picked":"FTL","floor":1.0},{"not_picked":["Glacier","Leap"],"picked":"Redo","floor":3.0},{"not_picked":["Cold Snap","All For One"],"picked":"Sunder","floor":6.0},{"not_picked":["Conserve Battery","Genetic Algorithm"],"picked":"Go for the Eyes","floor":8.0},{"not_picked":["Darkness","Coolheaded"],"picked":"Beam Cell","floor":13.0},{"not_picked":["Chill","Coolheaded","Go for the Eyes"],"picked":"SKIP","floor":14.0},{"not_picked":["Buffer","Creative AI"],"picked":"Electrodynamics","floor":16.0},{"not_picked":["Gash"],"picked":"SKIP","floor":18.0},{"not_picked":["Hologram"],"picked":"SKIP","floor":21.0},{"not_picked":[],"picked":"Leap","floor":24.0},{"not_picked":["Stack"],"picked":"SKIP","floor":27.0},{"not_picked":["Leap"],"picked":"SKIP","floor":29.0},{"not_picked":["Rip and Tear"],"picked":"SKIP","floor":30.0},{"not_picked":["Cold Snap"],"picked":"SKIP","floor":31.0},{"not_picked":[],"picked":"Echo Form","floor":33.0},{"not_picked":[],"picked":"Conserve Battery+1","floor":35.0},{"not_picked":["Streamline"],"picked":"SKIP","floor":36.0},{"not_picked":[],"picked":"Steam+1","floor":39.0},{"not_picked":["Streamline"],"picked":"SKIP","floor":44.0},{"not_picked":["Stack"],"picked":"SKIP","floor":45.0},{"not_picked":[],"picked":"Reinforced Body+1","floor":48.0},{"not_picked":["Leap"],"picked":"SKIP","floor":54}],"player_experience":69846,"relics_obtained":[{"floor":6.0,"key":"Regal Pillow"},{"floor":14.0,"key":"Pen Nib"},{"floor":22.0,"key":"Necronomicon"},{"floor":24.0,"key":"Red Mask"},{"floor":26.0,"key":"Pantograph"},{"floor":41.0,"key":"Mango"},{"floor":42.0,"key":"Lizard Tail"},{"floor":43.0,"key":"HornCleat"},{"floor":45.0,"key":"Unceasing Top"},{"floor":54,"key":"War Paint"}],"event_choices":[{"damage_healed":0.0,"max_hp_gain":0.0,"max_hp_loss":0.0,"gold_gain":0.0,"event_name":"Living Wall","player_choice":"Grow","floor":2.0,"gold_loss":0.0,"damage_taken":0.0,"cards_upgraded":["Zap"]},{"damage_healed":0.0,"max_hp_gain":0.0,"max_hp_loss":0.0,"gold_gain":0.0,"event_name":"Scrap Ooze","player_choice":"Success","floor":4.0,"gold_loss":0.0,"damage_taken":7.0,"relics_obtained":["Omamori"]},{"cards_removed":["Strike_B"],"damage_healed":0.0,"max_hp_gain":0.0,"max_hp_loss":0.0,"gold_gain":0.0,"event_name":"Purifier","player_choice":"Purged","floor":5.0,"gold_loss":0.0,"damage_taken":0.0},{"damage_healed":0.0,"max_hp_gain":0.0,"max_hp_loss":0.0,"gold_gain":0.0,"event_name":"The Library","player_choice":"Read","floor":19.0,"gold_loss":0.0,"damage_taken":0.0,"cards_obtained":["Melter"]},{"damage_healed":0.0,"max_hp_gain":0.0,"max_hp_loss":0.0,"gold_gain":0.0,"event_name":"Back to Basics","player_choice":"Simplicity","floor":20.0,"gold_loss":0.0,"damage_taken":0.0,"cards_upgraded":["Strike_B","Strike_B","Strike_B","Defend_B","Defend_B","Defend_B","Defend_B"]},{"damage_healed":0.0,"max_hp_gain":0.0,"max_hp_loss":0.0,"gold_gain":0.0,"event_name":"Cursed Tome","player_choice":"Obtained Book","floor":22.0,"gold_loss":0.0,"damage_taken":16.0},{"damage_healed":0.0,"max_hp_gain":0.0,"max_hp_loss":0.0,"gold_gain":0.0,"event_name":"Masked Bandits","player_choice":"Fought Bandits","floor":24.0,"gold_loss":0.0,"damage_taken":0.0},{"cards_removed":["Beam Cell"],"damage_healed":0.0,"max_hp_gain":0.0,"max_hp_loss":0.0,"gold_gain":0.0,"event_name":"Falling","player_choice":"Removed Attack","floor":37.0,"gold_loss":0.0,"damage_taken":0.0},{"damage_healed":0.0,"max_hp_gain":0.0,"max_hp_loss":0.0,"gold_gain":222.0,"event_name":"Tomb of Lord Red Mask","player_choice":"Wore Mask","floor":38.0,"gold_loss":0.0,"damage_taken":0.0},{"damage_healed":0.0,"max_hp_gain":0.0,"max_hp_loss":0.0,"gold_gain":0.0,"event_name":"Mysterious Sphere","player_choice":"Fight","floor":41.0,"gold_loss":0.0,"damage_taken":0.0},{"damage_healed":0.0,"max_hp_gain":0.0,"max_hp_loss":0.0,"gold_gain":0.0,"event_name":"MindBloom","player_choice":"Fight","floor":42.0,"gold_loss":0.0,"damage_taken":0.0},{"damage_healed":0.0,"max_hp_gain":0.0,"max_hp_loss":0.0,"gold_gain":0.0,"event_name":"Winding Halls","player_choice":"Embrace Madness","floor":46.0,"gold_loss":0.0,"damage_taken":12.0,"cards_obtained":["Madness","Madness"]}],"is_beta":false,"boss_relics":[{"not_picked":["Cursed Key","Tiny House"],"picked":"Busted Crown"},{"not_picked":["FrozenCore","SacredBark"],"picked":"Astrolabe"}],"items_purged_floors":[],"is_endless":false,"potions_floor_spawned":[3,6,16,21,30,33,39,41,42,48],"killed_by":"The Heart","ascension_level":1}}