{"host":"7t8rqoeeopyy0nh0","time":1608297913,"event":{"mods":["AchievementEnabler","BaseMod","Better Third Choice","BetterRewards","Colored Map","Colored Powertips","Downfall","Hubris","Infinite Spire","Minty Spire (QoL Compilation)","Replay The Spire","StSLib"],"gold_per_floor":[110,110,123,140,154,182,182,200,200,216,227,227,239,253,253,253,253],"floor_reached":16,"playtime":554,"items_purged":[],"score":211,"play_id":"06d4e3f4-3e21-4a17-8018-02eb79af0996","local_time":"20201218082513","is_ascension_mode":true,"campfire_choices":[{"data":"Bash","floor":7,"key":"SMITH"},{"floor":12,"key":"REST"},{"floor":15,"key":"REST"}],"circlet_count":0,"master_deck":["AscendersBane","Strike_R","Strike_R","Strike_R","Strike_R","Strike_R","Defend_R","Defend_R","Defend_R","Defend_R","Bash+1","Thunderclap","Cleave","Corruption","Flame Barrier","Disarm","Clothesline"],"relics":["Burning Blood","NeowsBlessing","Paper Frog"],"acts_visited":["Exordium"],"potions_floor_usage":[6,6,14],"damage_taken":[{"damage":0,"enemies":"2 Louse","floor":1,"turns":1},{"damage":0,"enemies":"Cultist","floor":3,"turns":1},{"damage":0,"enemies":"Jaw Worm","floor":4,"turns":1},{"damage":9,"enemies":"Exordium Wildlife","floor":5,"turns":5},{"damage":24,"enemies":"Gremlin Nob","floor":6,"turns":4},{"damage":13,"enemies":"2 Fungi Beasts","floor":8,"turns":4},{"damage":21,"enemies":"3 Louse","floor":10,"turns":4},{"damage":9,"enemies":"Red Slaver","floor":11,"turns":3},{"damage":23,"enemies":"Exordium Wildlife","floor":13,"turns":6},{"damage":15,"enemies":"Lots of Slimes","floor":14,"turns":3},{"damage":56,"enemies":"Fading Forest","floor":16,"turns":7}],"seed_played":"-471270077679567857","potions_obtained":[{"floor":3,"key":"Ancient Potion"},{"floor":5,"key":"LiquidMemories"},{"floor":8,"key":"sneckomod:MuddlingPotion"},{"floor":13,"key":"BlessingOfTheForge"}],"is_trial":false,"path_per_floor":["M","?","M","M","M","E","R","M","T","M","M","R","M","M","R","B"],"character_chosen":"IRONCLAD","items_purchased":[],"campfire_rested":2,"item_purchase_floors":[],"current_hp_per_floor":[74,63,69,75,72,54,54,47,47,32,29,51,34,25,47,0,0],"gold":253,"neow_bonus":"THREE_ENEMY_KILL","is_daily":false,"chose_seed":false,"campfire_upgraded":1,"win_rate":0.0,"timestamp":1608297913,"path_taken":["M","?","M","?","M","E","R","M","T","M","M","R","M","M","R","BOSS"],"items_purchased_type":[],"build_version":"2020-12-13","purchased_purges":0,"victory":false,"max_hp_per_floor":[75,75,75,75,75,75,75,75,75,75,75,75,75,75,75,75,75],"card_choices":[{"not_picked":["Warcry","infinitespire:OneForAll"],"picked":"Thunderclap","floor":1},{"not_picked":["Fire Breathing","Thunderclap","Searing Blow"],"picked":"SKIP","floor":3},{"not_picked":["Rampage","Warcry"],"picked":"Cleave","floor":4},{"not_picked":["Defy Death","Headbutt","Cleave"],"picked":"SKIP","floor":5},{"not_picked":["Thunderclap","Life Link"],"picked":"Corruption","floor":6},{"not_picked":["ReplayTheSpireMod:Strike From Hell","Burning Pact"],"picked":"Flame Barrier","floor":8},{"not_picked":["Body Slam","Warcry"],"picked":"Disarm","floor":10},{"not_picked":["True Grit","Sentinel"],"picked":"Clothesline","floor":11},{"not_picked":["Headbutt","Twin Strike","Sever Soul"],"picked":"SKIP","floor":13},{"not_picked":["Perfected Strike","Armaments","Second Wind"],"picked":"SKIP","floor":14}],"player_experience":338018,"relics_obtained":[{"floor":6,"key":"Paper Frog"}],"event_choices":[{"damage_healed":0,"gold_gain":0,"player_choice":"Damaged","damage_taken":11,"max_hp_gain":0,"max_hp_loss":0,"event_name":"Wheel of Change","floor":2,"gold_loss":0}],"is_beta":false,"boss_relics":[],"items_purged_floors":[],"is_endless":false,"potions_floor_spawned":[3,5,8,13],"killed_by":"Fading Forest","ascension_level":19}}