{"host":"rd7y11747h4ctw9a","time":1608324134,"event":{"mods":["AchievementEnabler","BaseMod","Colored Map","Colored Powertips","Downfall","Minty Spire (QoL Compilation)","Rare Cards Sparkle","StSLib","The Blue Laboratory"],"gold_per_floor":[117,133,152,164,182,182,208,208,208,226,236,256,275,286,286,385,385,404,414,414,429,429,429,429,7,52,52,63,98,198,214,214,214,214],"floor_reached":33,"playtime":2890,"items_purged":[],"score":275,"play_id":"9c73a0ae-2b77-49ba-abb0-4e135a61b102","local_time":"20201218144214","is_ascension_mode":false,"campfire_choices":[{"data":"Noxious Fumes","floor":6,"key":"SMITH"},{"data":"Crippling Poison","floor":8,"key":"SMITH"},{"floor":15,"key":"REST"},{"floor":23,"key":"REST"},{"floor":32,"key":"REST"}],"circlet_count":0,"master_deck":["Strike_G+1","Strike_G+1","Strike_G+1","Defend_G+1","Defend_G+1","Defend_G+1","Defend_G+1","Survivor","Neutralize","Slice","Noxious Fumes+1","Deadly Poison","Sucker Punch","Crippling Poison+1","Deadly Poison","Dodge and Roll","Die Die Die","Crippling Poison","Poisoned Stab","Distraction","Envenom","Phantasmal Killer+1","Dagger Spray+1","Calculated Gamble+1","Blade Dance","Finisher","Endless Agony","Tactician","Chrysalis","Bane","Deflect","Backflip"],"relics":["Ring of the Snake","NeowsBlessing","Bag of Preparation","Lantern","Astrolabe","MealTicket","Bag of Marbles","Pen Nib","Ancient Tea Set","Paper Crane"],"acts_visited":["Exordium","TheCity"],"potions_floor_usage":[16,29,29,33,33],"damage_taken":[{"damage":0,"enemies":"Cultist","floor":1,"turns":1},{"damage":0,"enemies":"2 Louse","floor":2,"turns":1},{"damage":0,"enemies":"Jaw Worm","floor":3,"turns":1},{"damage":0,"enemies":"Looter","floor":4,"turns":4},{"damage":2,"enemies":"Blue Slaver","floor":5,"turns":4},{"damage":18,"enemies":"3 Sentries","floor":7,"turns":8},{"damage":2,"enemies":"2 Fungi Beasts","floor":10,"turns":3},{"damage":6,"enemies":"Lots of Slimes","floor":11,"turns":3},{"damage":1,"enemies":"3 Louse","floor":12,"turns":2},{"damage":3,"enemies":"Gremlin Gang","floor":13,"turns":3},{"damage":0,"enemies":"Large Slime","floor":14,"turns":4},{"damage":27,"enemies":"Hexaghost","floor":16,"turns":7},{"damage":3,"enemies":"Chosen","floor":18,"turns":4},{"damage":10,"enemies":"Shell Parasite","floor":19,"turns":6},{"damage":15,"enemies":"Snake Plant","floor":21,"turns":4},{"damage":2,"enemies":"Cultist and Chosen","floor":28,"turns":4},{"damage":31,"enemies":"Book of Stabbing","floor":29,"turns":6},{"damage":36,"enemies":"Centurion and Healer","floor":31,"turns":5},{"damage":63,"enemies":"Automaton","floor":33,"turns":6}],"seed_played":"4860046803344187611","potions_obtained":[{"floor":1,"key":"blueLaboratory:ArtificerPotion"},{"floor":2,"key":"ColorlessPotion"},{"floor":4,"key":"blueLaboratory:BottleOfVodka"},{"floor":5,"key":"blueLaboratory:CorrosionFlask"},{"floor":13,"key":"blueLaboratory:PyrophylliteBrew"},{"floor":19,"key":"blueLaboratory:LouseDecoction"},{"floor":29,"key":"Fruit Juice"}],"is_trial":false,"path_per_floor":["M","M","M","M","M","R","E","R","T","M","M","M","M","M","R","B",null,"M","M","?","M","T","R","?","$","T","?","M","E","?","M","R","B"],"character_chosen":"THE_SILENT","items_purchased":["Bag of Marbles","Tactician","Chrysalis"],"campfire_rested":3,"item_purchase_floors":[25,25,25],"current_hp_per_floor":[70,70,70,70,68,68,50,50,50,48,42,41,38,38,59,32,70,67,57,57,42,42,63,63,70,70,70,68,42,42,6,28,0,0],"gold":214,"neow_bonus":"THREE_ENEMY_KILL","is_daily":false,"chose_seed":false,"campfire_upgraded":2,"win_rate":0.0,"timestamp":1608324134,"path_taken":["M","M","M","?","M","R","E","R","T","M","M","M","M","M","R","BOSS","M","?","?","M","?","R","?","?","T","?","M","E","?","?","R","BOSS"],"items_purchased_type":["Relic","Card","Card"],"build_version":"2020-12-13","purchased_purges":0,"victory":false,"max_hp_per_floor":[70,70,70,70,70,70,70,70,70,70,70,70,70,70,70,70,70,70,70,70,70,70,70,70,70,70,70,70,75,75,75,75,75,75],"card_choices":[{"not_picked":["Footwork","Outmaneuver"],"picked":"Slice","floor":1},{"not_picked":["Finisher","Dodge and Roll"],"picked":"Noxious Fumes","floor":2},{"not_picked":["Noxious Fumes","Outmaneuver"],"picked":"Deadly Poison","floor":3},{"not_picked":["Prepared","Dagger Throw"],"picked":"Sucker Punch","floor":4},{"not_picked":["Backstab","Skewer"],"picked":"Crippling Poison","floor":5},{"not_picked":["Expertise","Blade Dance"],"picked":"Deadly Poison","floor":7},{"not_picked":["Blade Dance","Dagger Throw"],"picked":"Dodge and Roll","floor":10},{"not_picked":["Backflip","Finisher"],"picked":"Die Die Die","floor":11},{"not_picked":["Flying Knee","Backflip"],"picked":"Crippling Poison","floor":12},{"not_picked":["Calculated Gamble","Sucker Punch"],"picked":"Poisoned Stab","floor":13},{"not_picked":["Skewer","Underhanded Strike"],"picked":"Distraction","floor":14},{"not_picked":["Malaise","Storm of Steel"],"picked":"Envenom","floor":16},{"not_picked":["Flying Knee","Backflip"],"picked":"Blade Dance","floor":18},{"not_picked":["Outmaneuver","Deadly Poison"],"picked":"Finisher","floor":19},{"not_picked":["Reflex+1","Acrobatics"],"picked":"Endless Agony","floor":21},{"not_picked":["Flying Knee","Acrobatics+1"],"picked":"Bane","floor":28},{"not_picked":["Expertise","Flying Knee"],"picked":"Deflect","floor":29},{"not_picked":["Flying Knee","Unload"],"picked":"Backflip","floor":31}],"player_experience":211040,"relics_obtained":[{"floor":7,"key":"Bag of Preparation"},{"floor":9,"key":"Lantern"},{"floor":22,"key":"MealTicket"},{"floor":26,"key":"Pen Nib"},{"floor":29,"key":"Paper Crane"}],"event_choices":[{"damage_healed":0,"gold_gain":0,"player_choice":"Simplicity","damage_taken":0,"max_hp_gain":0,"max_hp_loss":0,"event_name":"Back to Basics","floor":20,"gold_loss":0,"cards_upgraded":["Strike_G","Strike_G","Strike_G","Defend_G","Defend_G","Defend_G","Defend_G"]},{"damage_healed":0,"gold_gain":0,"player_choice":"Ignored","damage_taken":0,"max_hp_gain":0,"max_hp_loss":0,"event_name":"Ghosts","floor":24,"gold_loss":0},{"damage_healed":0,"gold_gain":0,"player_choice":"Opened","damage_taken":0,"relics_obtained":["Ancient Tea Set"],"max_hp_gain":0,"max_hp_loss":0,"event_name":"The Mausoleum","floor":27,"gold_loss":0},{"damage_healed":0,"gold_gain":100,"player_choice":"Pray","damage_taken":0,"max_hp_gain":0,"max_hp_loss":0,"event_name":"Golden Shrine","floor":30,"gold_loss":0}],"is_beta":false,"boss_relics":[{"not_picked":["Runic Dome","Ectoplasm"],"picked":"Astrolabe"}],"items_purged_floors":[],"is_endless":false,"potions_floor_spawned":[1,2,4,5,13,14,19,21,29],"killed_by":"Automaton","ascension_level":0}}