{"host":"4amcrcg6ktw8dbzk","time":1608292309,"event":{"mods":["BaseMod","Dota2Spire","Minty Spire (QoL Compilation)","MostiFishMod","Robot Space Explorer","Spicy Shops","StSLib","Waifu the Spire"],"gold_per_floor":[109,60,78,98,114,145,145,157,157,186,197,197,197,232,232,305,305,324,338,338,338,351,384,384,410,410,435,451,485,79,94,94,166,166,184,197,217,74,94,119,138,173,173,200,200,216,243,255,267,279,291,303,10,36,36],"floor_reached":56,"playtime":1898,"items_purged":["Strike_B","Zap","Strike_B"],"score":2958,"play_id":"a603190a-b5e3-42f6-bb1e-dfbe1806145a","local_time":"20201218195149","is_ascension_mode":true,"campfire_choices":[{"data":"MostiFishMod:SephirahHod","floor":7.0,"key":"SMITH"},{"floor":15.0,"key":"RECALL"},{"floor":24.0,"key":"REST"},{"data":"Tempest","floor":32,"key":"SMITH"},{"floor":45,"key":"REST"},{"floor":49,"key":"REST"},{"floor":52,"key":"REST"}],"circlet_count":0,"master_deck":["AscendersBane","Defend_B","Defend_B","Defend_B","Dualcast","MostiFishMod:SephirahHod+1","MostiFishMod:ReadyAimFire","Ball Lightning","Coolheaded","Turbo","Chill","Hologram","Conserve Battery","Core Surge","Tempest+1","MostiFishMod:StarOceanB","MostiFishMod:ReadyAimFire","Consume","Chill+1","White Noise","Blizzard","Defragment","MostiFishMod:ActiveDefenseSystem","MostiFishMod:FrostNova","MostiFishMod:WinterMarkForm","Coolheaded+1","Glacier","Skim","Defragment","Consume","Heatsinks","MostiFishMod:IntelligentEquipment","Cold Snap"],"relics":["Cracked Core","DaveBox","MostiFishMod:Hod","Question Card","ImprovedEquipment","Akabeko","Dota2Spire:OrchidMalevolence","ImportantClient","Busted Crown","Dota2Spire:EchoSabre","Cables","Symbiotic Virus","DaCapo","Bronze Scales","Prayer Wheel","FrostBlade","Matryoshka","Dota2Spire:MonkeyKingBar","Dota2Spire:PhaseBoots","Dota2Spire:ShadowBlade","MawBank","Membership Card","Kunai","Dota2Spire:BlackKingBar"],"acts_visited":["Exordium","TheCity","TheBeyond","TheEnding"],"potions_floor_usage":[55],"damage_taken":[{"damage":0.0,"enemies":"Cultist","floor":1.0,"turns":1.0},{"damage":0.0,"enemies":"2 Louse","floor":3.0,"turns":1.0},{"damage":0.0,"enemies":"Jaw Worm","floor":4.0,"turns":1.0},{"damage":0.0,"enemies":"2 Fungi Beasts","floor":5.0,"turns":1.0},{"damage":0.0,"enemies":"Lagavulin","floor":6.0,"turns":2.0},{"damage":0.0,"enemies":"Exordium Wildlife","floor":8.0,"turns":1.0},{"damage":4.0,"enemies":"3 Sentries","floor":10.0,"turns":3.0},{"damage":0.0,"enemies":"Gremlin Gang","floor":11.0,"turns":2.0},{"damage":13.0,"enemies":"Gremlin Nob","floor":14.0,"turns":3.0},{"damage":0.0,"enemies":"Hexaghost","floor":16.0,"turns":1.0},{"damage":0.0,"enemies":"2 Thieves","floor":18.0,"turns":2.0},{"damage":0.0,"enemies":"Chosen","floor":19.0,"turns":1.0},{"damage":0.0,"enemies":"Shelled Parasite and Fungi","floor":22.0,"turns":1.0},{"damage":0.0,"enemies":"Slavers","floor":23.0,"turns":1.0},{"damage":0.0,"enemies":"Book of Stabbing","floor":25.0,"turns":2.0},{"damage":0.0,"enemies":"Slavers","floor":27.0,"turns":2.0},{"damage":0.0,"enemies":"Centurion and Healer","floor":28.0,"turns":2.0},{"damage":0.0,"enemies":"Book of Stabbing","floor":29.0,"turns":2.0},{"damage":0,"enemies":"Snecko","floor":31,"turns":2},{"damage":0,"enemies":"Automaton","floor":33,"turns":4},{"damage":0,"enemies":"3 Darklings","floor":35,"turns":2},{"damage":0,"enemies":"Orb Walker","floor":36,"turns":2},{"damage":0,"enemies":"4 Shapes","floor":37,"turns":1},{"damage":0,"enemies":"Transient","floor":39,"turns":4},{"damage":0,"enemies":"Reptomancer","floor":40,"turns":1},{"damage":0,"enemies":"Maw","floor":41,"turns":1},{"damage":0,"enemies":"Nemesis","floor":42,"turns":3},{"damage":0,"enemies":"Giant Head","floor":44,"turns":3},{"damage":0,"enemies":"3 Darklings","floor":46,"turns":2},{"damage":0,"enemies":"Reptomancer","floor":47,"turns":1},{"damage":0,"enemies":"Donu and Deca","floor":50,"turns":4},{"damage":0,"enemies":"Shield and Spear","floor":54,"turns":2},{"damage":0,"enemies":"The Heart","floor":55,"turns":4}],"seed_played":"-5109719710738137860","potions_obtained":[{"floor":1.0,"key":"SkillPotion"},{"floor":6.0,"key":"FairyPotion"},{"floor":37,"key":"LiquidMemories"},{"floor":54,"key":"DistilledChaos"}],"is_trial":false,"path_per_floor":["M","$","M","M","M","E","R","M","T","E","M","?","?","E","R","B",null,"M","M","?","?","M","E","R","E","T","E","M","E","$","M","R","B",null,"M","M","M","$","M","E","M","E","T","E","R","M","E","?","R","B",null,"R","$","E","B",null],"character_chosen":"DEFECT","items_purchased":["Coolheaded","Prayer Wheel","Defragment","Skim","Membership Card","Kunai","Cold Snap"],"campfire_rested":4,"item_purchase_floors":[2,30,30,38,53,53,53],"current_hp_per_floor":[64,64,64,64,64,64,64,64,64,60,60,60,53,40,40,40,63,63,63,63,63,63,63,71,71,71,71,71,71,71,71,71,71,71,71,71,71,71,71,71,71,71,71,71,71,71,71,67,71,71,71,71,71,71,71],"gold":36,"neow_bonus":"TRANSFORM_CARD","is_daily":false,"chose_seed":false,"campfire_upgraded":2,"win_rate":0.0,"timestamp":1608292309,"path_taken":["M","$","M","M","M","E","R","M","T","E","M","?","?","E","R","BOSS","M","M","?","?","M","E","R","E","T","E","M","E","?","?","R","BOSS","M","M","M","$","M","E","M","E","T","E","R","M","E","?","R","BOSS","R","$","E","BOSS"],"items_purchased_type":["Card","Relic","Card","Card","Relic","Relic","Card"],"build_version":"2020-12-13","purchased_purges":3,"victory":true,"max_hp_per_floor":[71,71,71,71,71,71,71,71,71,71,71,71,71,71,71,71,71,71,71,71,71,71,71,71,71,71,71,71,71,71,71,71,71,71,71,71,71,71,71,71,71,71,71,71,71,71,71,71,71,71,71,71,71,71,71],"card_choices":[{"not_picked":["Doom and Gloom","Gash"],"picked":"Ball Lightning","floor":1.0},{"not_picked":["Sweeping Beam","Rip and Tear","Barrage"],"picked":"Turbo","floor":3.0},{"not_picked":["Beam Cell","FTL","Barrage"],"picked":"Chill","floor":4.0},{"not_picked":["Turbo","Cold Snap","Hologram","Streamline"],"picked":"SKIP","floor":5.0},{"not_picked":["Turbo","Cold Snap","Streamline"],"picked":"Hologram","floor":5.0},{"not_picked":["Gash","Go for the Eyes","Turbo","Hologram"],"picked":"SKIP","floor":6.0},{"not_picked":["Redo","Ball Lightning","Go for the Eyes"],"picked":"Conserve Battery","floor":8.0},{"not_picked":["Rebound","Beam Cell","Lockon"],"picked":"Core Surge","floor":10.0},{"not_picked":["Fusion","Redo","Chill"],"picked":"Tempest","floor":11.0},{"not_picked":["Scrape","Tempest","Beam Cell"],"picked":"MostiFishMod:StarOceanB","floor":14.0},{"not_picked":["Core Surge","MostiFishMod:DawningShadow","MostiFishMod:DeathFromBelow"],"picked":"MostiFishMod:ReadyAimFire","floor":16.0},{"not_picked":["Ball Lightning","Conserve Battery"],"picked":"SKIP","floor":18.0},{"not_picked":["Reprogram"],"picked":"Consume","floor":19.0},{"not_picked":["MostiFishMod:ReprogramOld","Cold Snap"],"picked":"SKIP","floor":22.0},{"not_picked":["Turbo","Static Discharge"],"picked":"SKIP","floor":23.0},{"not_picked":["Lockon"],"picked":"Chill+1","floor":25.0},{"not_picked":["MostiFishMod:ReprogramOld"],"picked":"White Noise","floor":27.0},{"not_picked":["Hologram","Redo+1"],"picked":"SKIP","floor":28.0},{"not_picked":["Sweeping Beam"],"picked":"Blizzard","floor":29.0},{"not_picked":["Conserve Battery","Steam Power"],"picked":"SKIP","floor":31},{"not_picked":["MostiFishMod:ReprogramOld","MostiFishMod:Nova"],"picked":"SKIP","floor":31},{"not_picked":["Creative AI"],"picked":"MostiFishMod:ActiveDefenseSystem","floor":33},{"not_picked":["Capacitor","Go for the Eyes"],"picked":"SKIP","floor":35},{"not_picked":["Conserve Battery+1","Go for the Eyes+1"],"picked":"SKIP","floor":35},{"not_picked":["Hologram+1","Beam Cell"],"picked":"SKIP","floor":36},{"not_picked":["Capacitor","Ball Lightning"],"picked":"SKIP","floor":36},{"not_picked":["Steam Power+1"],"picked":"Coolheaded+1","floor":37},{"not_picked":["Redo"],"picked":"Glacier","floor":37},{"not_picked":["Lockon","Stack+1"],"picked":"SKIP","floor":39},{"not_picked":["Hologram+1","Redo"],"picked":"SKIP","floor":39},{"not_picked":["Reprogram","Beam Cell"],"picked":"SKIP","floor":40},{"not_picked":["Melter"],"picked":"Defragment","floor":41},{"not_picked":["Steam+1"],"picked":"Consume","floor":41},{"not_picked":["Leap+1"],"picked":"Heatsinks","floor":42},{"not_picked":["Streamline+1"],"picked":"MostiFishMod:IntelligentEquipment","floor":44},{"not_picked":["Sweeping Beam+1","Storm"],"picked":"SKIP","floor":46},{"not_picked":["Sweeping Beam","Stack"],"picked":"SKIP","floor":46},{"not_picked":["Scrape","Aggregate"],"picked":"SKIP","floor":47},{"not_picked":["Reprogram+1","Sunder"],"picked":"SKIP","floor":54}],"player_experience":261633,"relics_obtained":[{"floor":1.0,"key":"Question Card"},{"floor":6.0,"key":"ImprovedEquipment"},{"floor":10.0,"key":"Akabeko"},{"floor":14.0,"key":"Dota2Spire:OrchidMalevolence"},{"floor":16.0,"key":"ImportantClient"},{"floor":23.0,"key":"Dota2Spire:EchoSabre"},{"floor":25.0,"key":"Cables"},{"floor":26.0,"key":"Symbiotic Virus"},{"floor":27.0,"key":"DaCapo"},{"floor":29.0,"key":"Bronze Scales"},{"floor":40,"key":"Matryoshka"},{"floor":42,"key":"Dota2Spire:MonkeyKingBar"},{"floor":43,"key":"Dota2Spire:PhaseBoots"},{"floor":44,"key":"Dota2Spire:ShadowBlade"},{"floor":47,"key":"MawBank"},{"floor":54,"key":"Dota2Spire:BlackKingBar"}],"event_choices":[{"damage_healed":0.0,"max_hp_gain":0.0,"max_hp_loss":0.0,"gold_gain":0.0,"event_name":"Shining Light","player_choice":"Ignored","floor":12.0,"gold_loss":0.0,"damage_taken":0.0},{"cards_removed":["Strike_B"],"damage_healed":0.0,"max_hp_gain":0.0,"max_hp_loss":0.0,"gold_gain":0.0,"event_name":"Golden Wing","player_choice":"Card Removal","floor":13.0,"gold_loss":0.0,"damage_taken":7.0},{"cards_removed":["Defend_B"],"damage_healed":0.0,"max_hp_gain":0.0,"max_hp_loss":0.0,"gold_gain":0.0,"event_name":"Back to Basics","player_choice":"Elegance","floor":20.0,"gold_loss":0.0,"damage_taken":0.0},{"damage_healed":0.0,"max_hp_gain":0.0,"max_hp_loss":0.0,"gold_gain":0.0,"event_name":"Cursed Tome","player_choice":"Ignored","floor":21.0,"gold_loss":0.0,"damage_taken":0.0},{"damage_healed":0,"gold_gain":0,"player_choice":"Bought 0 Potions","damage_taken":0,"max_hp_gain":0,"max_hp_loss":0,"event_name":"The Woman in Blue","floor":48,"gold_loss":0}],"is_beta":false,"boss_relics":[{"not_picked":["NightmareShop","Coffee Dripper"],"picked":"Busted Crown"},{"not_picked":["Runic Pyramid","TimeKeys"],"picked":"FrostBlade"}],"items_purged_floors":[30,38,53],"is_endless":false,"potions_floor_spawned":[1,6,10,11,16,19,23,27,28,37,39,41,42,44,46,54],"ascension_level":15}}