{"host":"hp4podz600orhpf6","time":1608294714,"event":{"mods":["AlwaysNeverKeys","BaseMod","Better Match","Better Note","Block Reminder","DeckTracker","Hermit","Minty Spire (QoL Compilation)","Quick Restart","StSLib","The Cursed","The Hayseed"],"gold_per_floor":[109,128,140,3,16,16,35,35,35,52,68,87,87,104,104,203,203,173,173,173],"floor_reached":19,"playtime":910,"items_purged":[],"score":223,"play_id":"f69369db-0b54-485b-b873-b2237d198db0","local_time":"20201218073154","is_ascension_mode":true,"campfire_choices":[{"data":"Dodge and Roll","floor":6,"key":"SMITH"},{"floor":13,"key":"REST"},{"floor":15,"key":"REST"}],"circlet_count":0,"master_deck":["Strike_G","Strike_G","Strike_G","Strike_G","Strike_G","Defend_G","Defend_G","Defend_G","Defend_G","Survivor","Neutralize","Slice","Dodge and Roll+1","Deadly Poison","Good Instincts","Well Laid Plans","Riddle With Holes+1","Terror","Leg Sweep","Dodge and Roll","Envenom","CurseOfTheBell"],"relics":["Ring of the Snake","Pantograph","Calling Bell","Strawberry","Matryoshka","Ice Cream"],"acts_visited":["Exordium","TheCity"],"potions_floor_usage":[2,5,11,12,14,18],"damage_taken":[{"damage":0,"enemies":"2 Louse","floor":1,"turns":4},{"damage":0,"enemies":"Cultist","floor":2,"turns":3},{"damage":2,"enemies":"Jaw Worm","floor":3,"turns":5},{"damage":3,"enemies":"Large Slime","floor":5,"turns":6},{"damage":18,"enemies":"Exordium Wildlife","floor":7,"turns":6},{"damage":2,"enemies":"Looter","floor":10,"turns":3},{"damage":0,"enemies":"Large Slime","floor":11,"turns":5},{"damage":0,"enemies":"Blue Slaver","floor":12,"turns":2},{"damage":16,"enemies":"Lots of Slimes","floor":14,"turns":4},{"damage":11,"enemies":"The Guardian","floor":16,"turns":12},{"damage":11,"enemies":"2 Thieves","floor":18,"turns":2},{"damage":18,"enemies":"Spheric Guardian","floor":19,"turns":5}],"seed_played":"6687766264720104170","potions_obtained":[{"floor":1,"key":"CunningPotion"},{"floor":3,"key":"LiquidBronze"},{"floor":10,"key":"CunningPotion"},{"floor":11,"key":"DistilledChaos"},{"floor":16,"key":"SmokeBomb"}],"is_trial":false,"path_per_floor":["M","M","M","$","M","R","M","?","T","M","M","M","R","M","R","B",null,"M","M"],"character_chosen":"THE_SILENT","items_purchased":["Good Instincts","Explosive Potion"],"campfire_rested":2,"item_purchase_floors":[4,4],"current_hp_per_floor":[63,63,61,61,58,58,40,40,40,38,38,38,59,43,64,59,74,63,45,45],"gold":173,"neow_bonus":"REMOVE_CARD","is_daily":false,"chose_seed":false,"campfire_upgraded":1,"win_rate":0.0,"timestamp":1608294714,"path_taken":["M","M","M","$","M","R","M","?","T","M","M","?","R","M","R","BOSS","M","M"],"items_purchased_type":["Card","Potion"],"build_version":"2020-12-13","purchased_purges":0,"victory":false,"max_hp_per_floor":[70,70,70,70,70,70,70,70,70,70,70,70,70,70,70,70,77,77,77,77],"card_choices":[{"not_picked":["Acrobatics","Choke"],"picked":"Slice","floor":1},{"not_picked":["Poisoned Stab","Blade Dance"],"picked":"Dodge and Roll","floor":2},{"not_picked":["Blade Dance","Dodge and Roll"],"picked":"Deadly Poison","floor":3},{"not_picked":["Backflip","Reflex"],"picked":"Well Laid Plans","floor":5},{"not_picked":["Storm of Steel","Poisoned Stab"],"picked":"Riddle With Holes","floor":7},{"not_picked":["Quick Slash","Reflex"],"picked":"Terror","floor":10},{"not_picked":["Poisoned Stab","Deadly Poison"],"picked":"Leg Sweep","floor":11},{"not_picked":["Acrobatics","Endless Agony","Well Laid Plans"],"picked":"SKIP","floor":12},{"not_picked":["Poisoned Stab","Terror"],"picked":"Dodge and Roll","floor":14},{"not_picked":["Tools of the Trade","Phantasmal Killer"],"picked":"Envenom","floor":16}],"player_experience":636122,"relics_obtained":[{"floor":9,"key":"Pantograph"},{"floor":17,"key":"Strawberry"},{"floor":17,"key":"Matryoshka"},{"floor":17,"key":"Ice Cream"}],"event_choices":[{"damage_healed":0,"gold_gain":0,"player_choice":"Forge","damage_taken":0,"max_hp_gain":0,"max_hp_loss":0,"event_name":"Accursed Blacksmith","floor":8,"gold_loss":0,"cards_upgraded":["Riddle With Holes"]}],"is_beta":false,"boss_relics":[{"not_picked":["SacredBark","Philosopher\u0027s Stone"],"picked":"Calling Bell"}],"items_purged_floors":[],"is_endless":false,"potions_floor_spawned":[1,3,10,11,16],"killed_by":"Spheric Guardian","ascension_level":7}}