{"host":"5u4m3sklrpw6xc20","time":1608254099,"event":{"mods":["2.2 Compatiblity","BaseMod","Better Third Choice","CapriCore","Colored Map","Downfall","Hubris","Infinite Spire","Minty Spire (QoL Compilation)","Permanent Neow","Replay The Spire","Spicy Shops","StSLib","SuperFastMode"],"gold_per_floor":[361,361,361,361,361,395,395,415,442,462,492,506,73,84,84,179,179,194,204,204,219,219,251,266,41,68,68,68],"floor_reached":27,"playtime":542,"items_purged":["Strike_B","Defend_B","Thunder Strike"],"score":308,"play_id":"078691ca-7de1-4ace-99fe-9ffab6f19818","local_time":"20201217191459","is_ascension_mode":false,"campfire_choices":[{"data":"Zap","floor":7,"key":"SMITH"},{"data":"Beam Cell","floor":15,"key":"SMITH"}],"circlet_count":0,"master_deck":["Strike_B+1","Defend_B+1","Zap+1","Dualcast","Gash","Beam Cell+1","Go for the Eyes","The Bomb","Machine Learning","ReplayRNGCard","Steam+1","Go for the Eyes"],"relics":["Cracked Core","hubris:Icosahedron","Simple Rune","Blue Doll","Replay:Antivirus Software","Odd Mushroom","Vajra","Black Star"],"acts_visited":["Exordium","TheCity"],"potions_floor_usage":[],"damage_taken":[{"damage":0,"enemies":"Small Slimes","floor":1,"turns":3},{"damage":25,"enemies":"Lagavulin","floor":6,"turns":6},{"damage":0,"enemies":"2 Louse","floor":8,"turns":3},{"damage":3,"enemies":"Jaw Worm","floor":10,"turns":2},{"damage":0,"enemies":"The Mushroom Lair","floor":11,"turns":1},{"damage":0,"enemies":"2 Fungi Beasts","floor":12,"turns":1},{"damage":5,"enemies":"Looter","floor":14,"turns":3},{"damage":0,"enemies":"Slime Boss","floor":16,"turns":6},{"damage":12,"enemies":"3 Byrds","floor":18,"turns":3},{"damage":5,"enemies":"Spheric Guardian","floor":19,"turns":3},{"damage":0,"enemies":"Shelled Parasite and Fungi","floor":21,"turns":1},{"damage":27,"enemies":"Book of Stabbing","floor":23,"turns":5},{"damage":30,"enemies":"Sentry and Sphere","floor":24,"turns":4},{"damage":7,"enemies":"Snake Plant","floor":27,"turns":1}],"seed_played":"2037743611846046061","potions_obtained":[{"floor":6,"key":"Strength Potion"},{"floor":8,"key":"Strength Potion"},{"floor":14,"key":"ColorlessPotion"}],"is_trial":false,"path_per_floor":["M","?","?","?","T","E","R","M","T","M","?","M","$","M","R","B",null,"M","M","?","M","?","E","M","$","T","M"],"character_chosen":"DEFECT","items_purchased":["Vajra","The Bomb"],"campfire_rested":0,"item_purchase_floors":[13,13],"current_hp_per_floor":[54,54,54,54,54,29,29,29,29,26,26,26,26,21,21,21,75,63,58,58,58,58,31,1,1,1,0,0],"gold":68,"neow_bonus":"TWO_FIFTY_GOLD","is_daily":false,"chose_seed":false,"campfire_upgraded":2,"win_rate":0.0,"timestamp":1608254099,"path_taken":["M","?","?","?","?","E","R","M","T","M","?","M","$","M","R","BOSS","M","M","?","M","?","E","M","$","T","M"],"items_purchased_type":["Relic","Card"],"build_version":"2020-12-13","purchased_purges":3,"victory":false,"max_hp_per_floor":[75,75,75,75,75,75,75,75,75,75,75,75,75,75,75,75,75,75,75,75,75,75,75,75,75,75,75,75],"card_choices":[{"not_picked":["BasicCrystalCard","Coolheaded"],"picked":"Gash","floor":1},{"not_picked":["Blizzard","Self Repair","Defragment"],"picked":"SKIP","floor":6},{"not_picked":["Steam","Leap"],"picked":"Beam Cell","floor":8},{"not_picked":["Static Discharge","Ball Lightning","Panic Button"],"picked":"SKIP","floor":10},{"not_picked":["BasicCrystalCard","Conserve Battery"],"picked":"Go for the Eyes","floor":12},{"not_picked":["Barrage","Redo","Turbo"],"picked":"SKIP","floor":14},{"not_picked":["Echo Form","Electrodynamics"],"picked":"Machine Learning","floor":16},{"not_picked":["Stack","Ball Lightning+1","Compile Driver"],"picked":"SKIP","floor":18},{"not_picked":["Compile Driver+1","Capacitor","Sweeping Beam"],"picked":"SKIP","floor":19},{"not_picked":["ReplayTheSpireMod:Reroute Power","Tempest+1"],"picked":"Steam+1","floor":21},{"not_picked":["Force Field","hubris:Ukulele+1","Coolheaded"],"picked":"SKIP","floor":23},{"not_picked":["Scrape","Hologram+1"],"picked":"Go for the Eyes","floor":24}],"player_experience":222497,"relics_obtained":[{"floor":5,"key":"Simple Rune"},{"floor":6,"key":"Blue Doll"},{"floor":9,"key":"Replay:Antivirus Software"},{"floor":11,"key":"Odd Mushroom"}],"event_choices":[{"cards_removed":["Strike_B"],"damage_healed":0,"gold_gain":0,"player_choice":"Forget","damage_taken":0,"max_hp_gain":0,"max_hp_loss":0,"event_name":"Living Wall","floor":2,"gold_loss":0},{"damage_healed":0,"gold_gain":0,"player_choice":"Fought Mushrooms","damage_taken":0,"max_hp_gain":0,"max_hp_loss":0,"event_name":"Mushrooms","floor":11,"gold_loss":0},{"damage_healed":0,"gold_gain":0,"cards_transformed":["Strike_B","Defend_B"],"player_choice":"Became Test Subject","damage_taken":0,"max_hp_gain":0,"max_hp_loss":0,"event_name":"Drug Dealer","floor":20,"gold_loss":0,"cards_obtained":["Thunder Strike","ReplayRNGCard"]},{"damage_healed":0,"gold_gain":0,"player_choice":"Ignored","damage_taken":0,"max_hp_gain":0,"max_hp_loss":0,"event_name":"Ghosts","floor":22,"gold_loss":0}],"is_beta":false,"boss_relics":[{"not_picked":["Inserter","hubris:Stopwatch"],"picked":"Black Star"}],"items_purged_floors":[13,25,25],"is_endless":false,"potions_floor_spawned":[6,8,14],"killed_by":"Snake Plant","ascension_level":0}}