{"host":"21h5e52imz35vo8g","time":1608306645,"event":{"mods":["AchievementEnabler","BaseMod","Colored Map","Colored Powertips","Googly Eyes","Minty Spire (QoL Compilation)","Quick Restart","Rare Cards Sparkle","Replay The Spire","StSLib"],"gold_per_floor":[110,128,128,140,140,172,172,185,210,210,278,290,290,303,303,406,456,469,469,486,486,486],"floor_reached":21,"playtime":744,"items_purged":[],"score":314,"play_id":"37e88a45-2c29-4572-9807-baa52ed9ca7e","local_time":"20201218235045","is_ascension_mode":true,"campfire_choices":[{"data":"Double Tap","floor":7,"key":"SMITH"},{"data":"Bash","floor":10,"key":"SMITH"},{"data":"Inflame","floor":13,"key":"SMITH"},{"data":"Heavy Blade","floor":15,"key":"SMITH"}],"circlet_count":0,"master_deck":["Strike_R","Strike_R","Strike_R+1","Strike_R","Strike_R","Defend_R+1","Defend_R+1","Defend_R","Bash+1","Clash","Double Tap+1","Fire Breathing","Inflame+1","Heavy Blade+1","Offering","Flex","Inflame+1","Twin Strike+1"],"relics":["Mark of Pain","War Paint","Lantern","Pear","Tiny House"],"acts_visited":["Exordium","TheCity"],"potions_floor_usage":[6,6,8,16,18,18],"damage_taken":[{"damage":0,"enemies":"Cultist","floor":1,"turns":2},{"damage":0,"enemies":"Small Slimes","floor":2,"turns":3},{"damage":4,"enemies":"Jaw Worm","floor":4,"turns":3},{"damage":20,"enemies":"Lagavulin","floor":6,"turns":4},{"damage":14,"enemies":"Lots of Slimes","floor":8,"turns":4},{"damage":6,"enemies":"Looter","floor":12,"turns":2},{"damage":9,"enemies":"Gremlin Gang","floor":14,"turns":5},{"damage":0,"enemies":"Slime Boss","floor":16,"turns":4},{"damage":17,"enemies":"2 Thieves","floor":18,"turns":4},{"damage":45,"enemies":"3 Byrds","floor":20,"turns":4},{"damage":20,"enemies":"Shelled Parasite and Fungi","floor":21,"turns":1}],"seed_played":"-209913846678035613","potions_obtained":[{"floor":5,"key":"DuplicationPotion"},{"floor":5,"key":"LiquidMemories"},{"floor":5,"key":"Weak Potion"},{"floor":6,"key":"Swift Potion"},{"floor":8,"key":"SpeedPotion"},{"floor":14,"key":"Fire Potion"},{"floor":16,"key":"Explosive Potion"},{"floor":17,"key":"DuplicationPotion"}],"is_trial":false,"path_per_floor":["M","M","?","M","?","E","R","M","T","R","T","M","R","M","R","B",null,"M","?","M","M"],"character_chosen":"IRONCLAD","items_purchased":[],"campfire_rested":0,"item_purchase_floors":[],"current_hp_per_floor":[80,80,80,76,76,56,56,42,42,42,52,46,46,37,37,37,82,65,65,20,0,0],"gold":486,"neow_bonus":"BOSS_RELIC","is_daily":false,"chose_seed":false,"campfire_upgraded":4,"win_rate":0.0,"timestamp":1608306645,"path_taken":["M","?","?","?","?","E","R","?","T","R","?","?","R","M","R","BOSS","M","?","?","M"],"items_purchased_type":[],"build_version":"2020-12-13","purchased_purges":0,"victory":false,"max_hp_per_floor":[80,80,80,80,80,80,80,80,80,80,90,90,90,90,90,90,95,95,95,95,95,95],"card_choices":[{"not_picked":["Anger","Run Through","Intimidate"],"picked":"SKIP","floor":1},{"not_picked":["Rupture","Cleave","Heavy Blade"],"picked":"SKIP","floor":2},{"not_picked":["Run Through","Flame Barrier"],"picked":"Clash","floor":4},{"not_picked":["Rupture","Pommel Strike"],"picked":"Double Tap","floor":6},{"not_picked":["Spot Weakness","Heavy Blade"],"picked":"Fire Breathing","floor":8},{"not_picked":["Run Through","Armaments"],"picked":"Inflame","floor":12},{"not_picked":["Pommel Strike","Perfected Strike"],"picked":"Heavy Blade","floor":14},{"not_picked":["Feed","Fiend Fire"],"picked":"Offering","floor":16},{"not_picked":["Seeing Red","Fire Breathing"],"picked":"Flex","floor":17},{"not_picked":["Warcry+1","Shrug It Off","Ghostly Armor"],"picked":"SKIP","floor":18},{"not_picked":["Searing Blow","Intimidate"],"picked":"Twin Strike+1","floor":20}],"player_experience":279598,"relics_obtained":[{"floor":6,"key":"War Paint"},{"floor":9,"key":"Lantern"},{"floor":11,"key":"Pear"}],"event_choices":[{"cards_removed":["Defend_R"],"damage_healed":0,"gold_gain":0,"player_choice":"Purged","damage_taken":0,"max_hp_gain":0,"max_hp_loss":0,"event_name":"Purifier","floor":3,"gold_loss":0},{"damage_healed":0,"gold_gain":0,"player_choice":"Got Potions","damage_taken":0,"max_hp_gain":0,"max_hp_loss":0,"event_name":"Lab","floor":5,"gold_loss":0},{"damage_healed":0,"gold_gain":0,"player_choice":"Copied","damage_taken":0,"max_hp_gain":0,"max_hp_loss":0,"event_name":"Duplicator","floor":19,"gold_loss":0,"cards_obtained":["Inflame"]}],"is_beta":false,"boss_relics":[{"not_picked":["Replay:Wanted Poster","Sozu"],"picked":"Tiny House"}],"items_purged_floors":[],"is_endless":false,"potions_floor_spawned":[6,8,14,16],"killed_by":"Shelled Parasite and Fungi","ascension_level":5}}