{"host":"yn1175etg9ni8l0q","time":1608281693,"event":{"mods":["AchievementEnabler","BaseMod","Colored Map","Colored Powertips","DeckTracker","Minty Spire (QoL Compilation)","Rare Cards Sparkle","Relic Stats","SuperFastMode","Waifu the Spire","everything is the same but u backflip on backflip"],"gold_per_floor":[116,135,146,146,160,160,176,196,196,209,209,209,16,41,41,144,144,162,87,99,118,131,131,131,131],"floor_reached":24,"playtime":588,"items_purged":[],"score":288,"play_id":"ec1facdd-52ce-49e8-bdfc-b29367049ff6","local_time":"20201218175453","is_ascension_mode":true,"campfire_choices":[{"data":"Shrug It Off","floor":6,"key":"SMITH"},{"data":"Berserk","floor":12,"key":"SMITH"},{"data":"Pommel Strike","floor":15,"key":"SMITH"},{"floor":23,"key":"REST"}],"circlet_count":0,"master_deck":["AscendersBane","Strike_R+1","Strike_R","Strike_R","Defend_R","Defend_R","Defend_R","Defend_R","Bash","Shrug It Off+1","Pommel Strike+1","Cleave","Bloodletting","Uppercut+1","Berserk+1","Offering","Wild Strike","Impervious","CurseOfTheBell","Burning Pact","Body Slam"],"relics":["Burning Blood","NeowsBlessing","Nunchaku","Calling Bell","MealTicket","Pantograph","Girya"],"acts_visited":["Exordium","TheCity"],"potions_floor_usage":[8,16,16,22,24],"damage_taken":[{"damage":0,"enemies":"Jaw Worm","floor":1,"turns":1},{"damage":0,"enemies":"Small Slimes","floor":2,"turns":1},{"damage":0,"enemies":"2 Louse","floor":3,"turns":1},{"damage":3,"enemies":"2 Fungi Beasts","floor":5,"turns":5},{"damage":7,"enemies":"Red Slaver","floor":7,"turns":5},{"damage":5,"enemies":"Exordium Wildlife","floor":8,"turns":4},{"damage":7,"enemies":"2 Fungi Beasts","floor":10,"turns":3},{"damage":23,"enemies":"Hexaghost","floor":16,"turns":8},{"damage":14,"enemies":"Shell Parasite","floor":18,"turns":6},{"damage":15,"enemies":"Spheric Guardian","floor":20,"turns":5},{"damage":15,"enemies":"Chosen and Byrds","floor":21,"turns":6},{"damage":43,"enemies":"Shelled Parasite and Fungi","floor":22,"turns":5},{"damage":9,"enemies":"Gremlin Leader","floor":24,"turns":8}],"seed_played":"5915039309874450688","potions_obtained":[{"floor":2,"key":"Dexterity Potion"},{"floor":5,"key":"Block Potion"},{"floor":7,"key":"PowerPotion"},{"floor":8,"key":"Swift Potion"},{"floor":20,"key":"Energy Potion"}],"is_trial":false,"path_per_floor":["M","M","M","?","M","R","M","M","T","M","?","R","$","T","R","B",null,"M","?","M","M","M","R","E"],"character_chosen":"IRONCLAD","items_purchased":["Offering","Wild Strike"],"campfire_rested":1,"item_purchase_floors":[13,13],"current_hp_per_floor":[78,80,80,73,76,76,75,76,76,75,59,59,59,59,59,42,71,63,63,54,45,8,32,23,23],"gold":131,"neow_bonus":"THREE_ENEMY_KILL","is_daily":false,"chose_seed":false,"campfire_upgraded":3,"win_rate":0.0,"timestamp":1608281693,"path_taken":["M","M","M","?","M","R","M","M","T","M","?","R","$","?","R","BOSS","M","?","M","M","M","R","E"],"items_purchased_type":["Card","Card"],"build_version":"2020-12-13","purchased_purges":0,"victory":false,"max_hp_per_floor":[80,80,80,80,80,80,80,80,80,80,80,80,80,80,80,80,80,80,80,80,80,80,80,80,80],"relic_stats":{"Nunchaku":[9],"counters":[13,58],"Pantograph":0,"MealTicket":0,"obtain_stats":[{"Calling Bell":17,"Girya":17,"Nunchaku":9,"NeowsBlessing":0,"Pantograph":17,"MealTicket":17,"Burning Blood":0},{"Calling Bell":8,"Girya":8,"Nunchaku":6,"NeowsBlessing":0,"Pantograph":8,"MealTicket":8,"Burning Blood":0},{"Calling Bell":28,"Girya":28,"Nunchaku":17,"NeowsBlessing":0,"Pantograph":28,"MealTicket":28,"Burning Blood":0}],"Burning Blood":62},"card_choices":[{"not_picked":["Dropkick","Havoc"],"picked":"Shrug It Off","floor":1},{"not_picked":["Rage","Anger","Feel No Pain"],"picked":"SKIP","floor":2},{"not_picked":["Clothesline","Dark Embrace"],"picked":"Pommel Strike","floor":3},{"not_picked":["Armaments","Warcry"],"picked":"Cleave","floor":5},{"not_picked":["Perfected Strike","Clothesline"],"picked":"Bloodletting","floor":7},{"not_picked":["Clash","Armaments"],"picked":"Uppercut","floor":8},{"not_picked":["Headbutt","Dropkick"],"picked":"Berserk","floor":10},{"not_picked":["Brutality","Bludgeon"],"picked":"Impervious","floor":16},{"not_picked":["Thunderclap","Headbutt","Spot Weakness"],"picked":"SKIP","floor":18},{"not_picked":["Heavy Blade+1","Dual Wield"],"picked":"Burning Pact","floor":20},{"not_picked":["Cleave+1","Heavy Blade"],"picked":"Body Slam","floor":21},{"not_picked":["Havoc+1","Sword Boomerang","Cleave"],"picked":"SKIP","floor":22}],"player_experience":275884,"relics_obtained":[{"floor":9,"key":"Nunchaku"},{"floor":17,"key":"MealTicket"},{"floor":17,"key":"Pantograph"},{"floor":17,"key":"Girya"}],"event_choices":[{"cards_removed":["Strike_R"],"damage_healed":0,"gold_gain":0,"player_choice":"Card Removal","damage_taken":7,"max_hp_gain":0,"max_hp_loss":0,"event_name":"Golden Wing","floor":4,"gold_loss":0},{"damage_healed":0,"gold_gain":0,"player_choice":"Entered Light","damage_taken":16,"max_hp_gain":0,"max_hp_loss":0,"event_name":"Shining Light","floor":11,"gold_loss":0,"cards_upgraded":["Uppercut","Strike_R"]},{"cards_removed":["Strike_R"],"damage_healed":0,"gold_gain":0,"player_choice":"Gave Gold","damage_taken":0,"max_hp_gain":0,"max_hp_loss":0,"event_name":"Beggar","floor":19,"gold_loss":75}],"is_beta":false,"boss_relics":[{"not_picked":["Busted Crown","Cursed Key"],"picked":"Calling Bell"}],"items_purged_floors":[],"is_endless":false,"potions_floor_spawned":[2,5,7,8,10,20],"killed_by":"Gremlin Leader","ascension_level":10}}