{"host":"tnhjz9cb8p0320p2","time":1608330670,"event":{"mods":["BaseMod","Better Third Choice","Downfall","Hermit","Marisa????????","Minty Spire (QoL Compilation)","Relic Stats","Replay The Spire","Shade Mod","StSLib","The Construct","The Cursed","The Jungle","The Runesmith"],"gold_per_floor":[99,99,127,127,152,171,171,205,205,231,231,281,301,371,399,500,500,500,551,574,574,574,624,624,670,701,752,776,294,330,405,441,546,546,471,519,549,571,571,620,620,620,470,505,533,533,604,628,661,675],"floor_reached":51,"playtime":84659,"items_purged":["ReplayTheSpireMod:Splinters"],"score":1280,"play_id":"c5b15d9c-a216-4c42-af7b-a9f12ef9218c","local_time":"20201218163110","is_ascension_mode":true,"campfire_choices":[{"data":"hexamod:Sear","floor":1,"key":"SMITH"},{"data":"hexamod:Incineration","floor":4,"key":"SMITH"},{"data":"hexamod:ExtraCrispy","floor":9,"key":"SMITH"},{"data":"hexamod:SearingWound","floor":18,"key":"SMITH"},{"floor":22,"key":"DIG"},{"floor":35,"key":"DIG"},{"floor":39,"key":"RECALL"},{"floor":43,"key":"DIG"}],"circlet_count":0,"master_deck":["hexamod:Strike","hexamod:Strike","hexamod:Strike","hexamod:Strike","hexamod:Defend","hexamod:Defend","hexamod:Defend","hexamod:Defend","hexamod:Sear+1","hexamod:Float","hexamod:RainOfEmbers","hexamod:Incineration+1","hexamod:ApocalypseNow","hexamod:ExtraCrispy+1","hexamod:RainOfEmbers","hexamod:VolcanoVisage","CommonCold","hexamod:SwordOfDarkness","hexamod:EmpoweredFlame","hexamod:Haunted","hexamod:BurningTouch","hexamod:SearingWound+1","Writhe","hexamod:SearingWound","Writhe","hexamod:NightmareGuise+1","hexamod:ChargedBarrage+1","sneckomod:Bewildered","hexamod:HeatMetal+1","hexamod:FourthSeal","hexamod:SpectralSpark+1","hexamod:HeatShield+1","hexamod:PhantomFireball+1","hexamod:PhantomCloak+1","hexamod:Hexaguard+1","hexamod:NightmareGuise","Slimebound:Icky","hexamod:UnlimitedPower+1","Slimebound:Icky","hexamod:WildfireWeapon+1","hexamod:Firestarter+1","hexamod:SpectralSpark+1","Overencumbered","hexamod:FastForward+1","hexamod:EmpoweredFlame","Doubt","hexamod:GiftsFromTheDead+1","hexamod:PhantomCloak+1","TheCursedMod:Dregs","hexamod:ThermalTransfer","hexamod:ExtraCrispy","hexamod:GhostflameBarrier+1"],"relics":["hexamod:SpiritBrand","downfall:HeartsMalice","Gremlin Horn","Darkstone Periapt","MealTicket","Bag of Preparation","Tiny Chest","Ring of Fury","Ring of Greed","Smiling Mask","Replay:Bandana","Black Star","Replay:Accelerometer","Nunchaku","Pet Ghost","Shovel","Art of War","Blood Vial","Oddly Smooth Stone","Golden Egg","Runesmith:Locket","construct:FoamFinger","Bronze Scales","Juzu Bracelet","InkBottle","Ring of Chaos","downfall:HeartBlessingGreen","Dream Catcher","Bottled Lightning","Toxic Egg 2","Strawberry","Lantern","downfall:HeartBlessingRed","downfall:HeartBlessingBlue","Replay:Mystery Machine","Du-Vu Doll","Bag of Marbles","Mirror","CatCart"],"acts_visited":["Exordium","Exordium","TheBeyond"],"potions_floor_usage":[10,19,23,23,28,29,30,33,34,40,44,45,47,47],"damage_taken":[{"damage":0,"enemies":"Jaw Worm","floor":2,"turns":1},{"damage":0,"enemies":"3 Sentries","floor":3,"turns":1},{"damage":0,"enemies":"Lagavulin","floor":5,"turns":1},{"damage":1,"enemies":"Small Slimes","floor":6,"turns":3},{"damage":12,"enemies":"Replay:BlueRogue","floor":8,"turns":4},{"damage":2,"enemies":"Lagavulin","floor":10,"turns":4},{"damage":0,"enemies":"2 Louse","floor":13,"turns":2},{"damage":0,"enemies":"2 Fungi Beasts","floor":15,"turns":2},{"damage":45,"enemies":"downfall:Watcher","floor":16,"turns":6},{"damage":34,"enemies":"theJungle:2_Phrogs","floor":19,"turns":6},{"damage":17,"enemies":"theJungle:Cassacara","floor":23,"turns":4},{"damage":0,"enemies":"theJungle:2_Phrogs","floor":25,"turns":5},{"damage":13,"enemies":"theJungle:MUSHROOMGANG","floor":26,"turns":4},{"damage":6,"enemies":"theJungle:MamaSnecko","floor":27,"turns":5},{"damage":13,"enemies":"theJungle:GiantWrat","floor":28,"turns":4},{"damage":0,"enemies":"downfall:FleeingMerchant","floor":29,"turns":5},{"damage":18,"enemies":"theJungle:JungleHuntersEncounter","floor":30,"turns":4},{"damage":6,"enemies":"theJungle:SlimyTreeVines","floor":32,"turns":4},{"damage":12,"enemies":"downfall:Defect","floor":33,"turns":6},{"damage":28,"enemies":"Reptomancer","floor":36,"turns":5},{"damage":25,"enemies":"3 Shapes","floor":37,"turns":3},{"damage":11,"enemies":"Orb Walker","floor":38,"turns":4},{"damage":47,"enemies":"Nemesis","floor":40,"turns":7},{"damage":16,"enemies":"R_Hoarder","floor":44,"turns":8},{"damage":6,"enemies":"Transient","floor":45,"turns":5},{"damage":30,"enemies":"Orin","floor":47,"turns":8},{"damage":33,"enemies":"Maw","floor":48,"turns":6},{"damage":1,"enemies":"Spire Growth","floor":49,"turns":3},{"damage":29,"enemies":"downfall:Ironclad","floor":50,"turns":9}],"seed_played":"-1376226459642711937","potions_obtained":[{"floor":6,"key":"Venom Potion"},{"floor":8,"key":"SteroidPotion"},{"floor":10,"key":"Energy Potion"},{"floor":14,"key":"DistilledChaos"},{"floor":16,"key":"Flashbang"},{"floor":19,"key":"Energy Potion"},{"floor":26,"key":"Flashbang"},{"floor":28,"key":"Reflective Coating"},{"floor":29,"key":"Block Potion"},{"floor":30,"key":"champ:CounterPotion"},{"floor":31,"key":"downfall:CursedFountainPotion"},{"floor":32,"key":"SteroidPotion"},{"floor":33,"key":"Fruit Juice"},{"floor":37,"key":"Adrenaline Potion"},{"floor":40,"key":"Swift Potion"},{"floor":44,"key":"Slimebound:ThreeZeroPotion"},{"floor":45,"key":"SneckoOil"},{"floor":47,"key":"Block Potion"},{"floor":48,"key":"PowerPotion"}],"is_trial":false,"path_per_floor":["R","M","E","R","E","M","T","E","R","E","?","?","M","?","M","B",null,"R","E","T","?","R","E","T","E","M","E","M","$","M","?","M","B",null,"R","E","M","M","R","E","T","?","R","E","M","T","?","M","M","B",null],"character_chosen":"THE_SPIRIT","items_purchased":["hexamod:PhantomFireball","InkBottle","hexamod:PhantomCloak","hexamod:Hexaguard"],"campfire_rested":0,"item_purchase_floors":[29,29,29,29],"current_hp_per_floor":[70,70,70,70,70,69,69,57,57,55,60,66,66,72,78,33,93,93,65,65,71,71,54,54,56,51,47,36,53,37,117,115,111,128,128,100,77,74,74,36,36,147,157,141,137,137,115,84,85,58],"gold":675,"neow_bonus":"THREE_ENEMY_KILL","is_daily":false,"chose_seed":false,"campfire_upgraded":4,"win_rate":0.0,"timestamp":1608330670,"path_taken":["R","M","E","R","E","M","T","E","R","E","?","?","M","?","M","BOSS","R","E","?","?","R","E","T","E","M","E","M","$","M","?","M","BOSS","R","E","M","M","R","E","T","?","R","E","M","?","?","M","M","BOSS"],"items_purchased_type":["Card","Relic","Card","Card"],"build_version":"2020-12-13","purchased_purges":1,"victory":true,"max_hp_per_floor":[70,70,70,70,70,70,70,70,70,70,75,81,81,87,93,93,93,93,99,99,105,105,105,105,105,111,111,111,111,111,117,117,123,128,128,128,128,134,134,141,141,147,157,157,157,157,163,163,163,163],"relic_stats":{"Darkstone Periapt":66,"Gremlin Horn":[30,30],"counters":[29,126],"Bag of Preparation":[47],"Juzu Bracelet":0,"Smiling Mask":25,"Blood Vial":30,"Nunchaku":[12],"Dream Catcher":0,"Shovel":3,"Bronze Scales":[169],"MealTicket":15,"Tiny Chest":2,"Black Star":7,"Art of War":[16],"obtain_stats":[{"Darkstone Periapt":5,"Replay:Accelerometer":19,"Golden Egg":24,"Lantern":40,"construct:FoamFinger":25,"Gremlin Horn":3,"Runesmith:Locket":25,"downfall:HeartBlessingGreen":35,"Bag of Preparation":8,"Juzu Bracelet":27,"Replay:Mystery Machine":43,"Smiling Mask":12,"Pet Ghost":20,"Blood Vial":23,"Replay:Bandana":12,"Nunchaku":19,"Dream Catcher":35,"Shovel":21,"downfall:HeartBlessingBlue":43,"Strawberry":40,"MealTicket":7,"Tiny Chest":10,"Toxic Egg 2":36,"hexamod:SpiritBrand":0,"InkBottle":29,"downfall:HeartBlessingRed":43,"Oddly Smooth Stone":23,"downfall:HeartsMalice":0,"Ring of Chaos":34,"Ring of Greed":12,"Du-Vu Doll":44,"Bronze Scales":27,"Ring of Fury":12,"Black Star":17,"Art of War":22,"Bag of Marbles":44,"Bottled Lightning":36,"CatCart":47,"Mirror":46},{"Darkstone Periapt":3,"Replay:Accelerometer":10,"Golden Egg":11,"Lantern":23,"construct:FoamFinger":12,"Gremlin Horn":2,"Runesmith:Locket":12,"downfall:HeartBlessingGreen":19,"Bag of Preparation":5,"Juzu Bracelet":14,"Replay:Mystery Machine":23,"Smiling Mask":6,"Pet Ghost":10,"Blood Vial":11,"Replay:Bandana":6,"Nunchaku":10,"Dream Catcher":19,"Shovel":10,"downfall:HeartBlessingBlue":23,"Strawberry":23,"MealTicket":4,"Tiny Chest":6,"Toxic Egg 2":20,"hexamod:SpiritBrand":0,"InkBottle":16,"downfall:HeartBlessingRed":23,"Oddly Smooth Stone":11,"downfall:HeartsMalice":0,"Ring of Chaos":19,"Ring of Greed":6,"Du-Vu Doll":24,"Bronze Scales":14,"Ring of Fury":6,"Black Star":9,"Art of War":10,"Bag of Marbles":24,"Bottled Lightning":20,"CatCart":26,"Mirror":25},{"Darkstone Periapt":0,"Replay:Accelerometer":27,"Golden Egg":31,"Lantern":87,"construct:FoamFinger":36,"Gremlin Horn":0,"Runesmith:Locket":36,"downfall:HeartBlessingGreen":68,"Bag of Preparation":7,"Juzu Bracelet":45,"Replay:Mystery Machine":87,"Smiling Mask":11,"Pet Ghost":27,"Blood Vial":31,"Replay:Bandana":11,"Nunchaku":27,"Dream Catcher":68,"Shovel":27,"downfall:HeartBlessingBlue":87,"Strawberry":87,"MealTicket":3,"Tiny Chest":11,"Toxic Egg 2":73,"hexamod:SpiritBrand":0,"InkBottle":54,"downfall:HeartBlessingRed":87,"Oddly Smooth Stone":31,"downfall:HeartsMalice":0,"Ring of Chaos":68,"Ring of Greed":11,"Du-Vu Doll":95,"Bronze Scales":45,"Ring of Fury":11,"Black Star":21,"Art of War":27,"Bag of Marbles":95,"Bottled Lightning":73,"CatCart":108,"Mirror":100}],"InkBottle":[28]},"card_choices":[{"not_picked":["hexamod:BurningTouch","hexamod:BacktrackSmack"],"picked":"hexamod:RainOfEmbers","floor":2},{"not_picked":["hexamod:BurningTouch","hexamod:SpectralAdrenaline"],"picked":"hexamod:Incineration","floor":3},{"not_picked":["hexamod:CatchUp","hexamod:HauntingEcho"],"picked":"hexamod:ApocalypseNow","floor":5},{"not_picked":["hexamod:SpectersWail","hexamod:Firestarter"],"picked":"hexamod:ExtraCrispy","floor":6},{"not_picked":["hexamod:UnleashSpirits","hexamod:Haunt"],"picked":"hexamod:RainOfEmbers","floor":8},{"not_picked":["hexamod:NecessarySacrifice","hexamod:AdvancingGuard"],"picked":"hexamod:VolcanoVisage","floor":10},{"not_picked":["hexamod:BacktrackSmack","hexamod:AdvancingGuard"],"picked":"hexamod:SwordOfDarkness","floor":13},{"not_picked":["hexamod:RadiantFlame","hexamod:PhantomCloak"],"picked":"hexamod:EmpoweredFlame","floor":14},{"not_picked":["hexamod:NecessarySacrifice","hexamod:Hexaguard"],"picked":"hexamod:BurningTouch","floor":15},{"not_picked":["hexamod:TimeOfNeed","hexamod:Toasty"],"picked":"hexamod:SearingWound","floor":16},{"not_picked":["hexamod:HauntingEcho+1","hexamod:InspiringFlames+1"],"picked":"hexamod:SearingWound","floor":19},{"not_picked":["hexamod:BurningTouch","hexamod:GhostShield"],"picked":"hexamod:NightmareGuise+1","floor":23},{"not_picked":["hexamod:BacktrackSmack+1","hexamod:FastForward"],"picked":"hexamod:ChargedBarrage+1","floor":25},{"not_picked":["hexamod:SpectersWail","hexamod:RainOfEmbers"],"picked":"hexamod:HeatMetal+1","floor":26},{"not_picked":["hexamod:SpectralAdrenaline","hexamod:ShieldOfDarkness"],"picked":"hexamod:FourthSeal","floor":27},{"not_picked":["hexamod:HauntingEcho","hexamod:Hexaguard"],"picked":"hexamod:SpectralSpark+1","floor":28},{"not_picked":["hexamod:InspiringFlames","hexamod:NightmareGuise"],"picked":"hexamod:HeatShield+1","floor":29},{"not_picked":["hexamod:HauntingEcho","hexamod:SwordOfDarkness+1"],"picked":"hexamod:NightmareGuise","floor":30},{"not_picked":["hexamod:GhostLash+1","hexamod:FirstSeal"],"picked":"hexamod:UnlimitedPower","floor":32},{"not_picked":["hexamod:UnlimitedPower","hexamod:GiftsFromTheDead"],"picked":"hexamod:WildfireWeapon","floor":33},{"not_picked":["hexamod:NightmareStrike+1","hexamod:FirstSeal"],"picked":"hexamod:Firestarter+1","floor":36},{"not_picked":["hexamod:BurningTouch+1","hexamod:NightmareGuise+1"],"picked":"hexamod:SpectralSpark+1","floor":37},{"not_picked":["hexamod:BurningTouch+1","hexamod:GhostOfSpireFuture"],"picked":"hexamod:FastForward+1","floor":38},{"not_picked":["hexamod:SpectersWail+1","hexamod:Hexaguard+1"],"picked":"hexamod:EmpoweredFlame","floor":40},{"not_picked":["hexamod:GhostflameBarrier+1","hexamod:TimeWarp"],"picked":"hexamod:GiftsFromTheDead","floor":44},{"not_picked":["hexamod:RadiantFlame+1","hexamod:CatchUp+1"],"picked":"hexamod:PhantomCloak+1","floor":45},{"not_picked":["hexamod:SecondSeal","hexamod:NightmareStrike+1"],"picked":"hexamod:ThermalTransfer","floor":47},{"not_picked":["hexamod:EmpoweredFlame","hexamod:GhostOfSpireFuture"],"picked":"hexamod:ExtraCrispy","floor":48},{"not_picked":["hexamod:Firestarter","hexamod:ThermalTransfer+1"],"picked":"hexamod:GhostflameBarrier+1","floor":49}],"player_experience":1964011,"relics_obtained":[{"floor":3,"key":"Gremlin Horn"},{"floor":5,"key":"Darkstone Periapt"},{"floor":7,"key":"MealTicket"},{"floor":8,"key":"Bag of Preparation"},{"floor":10,"key":"Tiny Chest"},{"floor":12,"key":"Ring of Fury"},{"floor":12,"key":"Ring of Greed"},{"floor":12,"key":"Smiling Mask"},{"floor":12,"key":"Replay:Bandana"},{"floor":19,"key":"Replay:Accelerometer"},{"floor":19,"key":"Nunchaku"},{"floor":20,"key":"Pet Ghost"},{"floor":22,"key":"Art of War"},{"floor":23,"key":"Blood Vial"},{"floor":23,"key":"Oddly Smooth Stone"},{"floor":24,"key":"Golden Egg"},{"floor":25,"key":"Runesmith:Locket"},{"floor":25,"key":"construct:FoamFinger"},{"floor":27,"key":"Bronze Scales"},{"floor":27,"key":"Juzu Bracelet"},{"floor":35,"key":"Dream Catcher"},{"floor":36,"key":"Bottled Lightning"},{"floor":36,"key":"Toxic Egg 2"},{"floor":40,"key":"Strawberry"},{"floor":40,"key":"Lantern"},{"floor":43,"key":"Replay:Mystery Machine"},{"floor":44,"key":"Du-Vu Doll"},{"floor":44,"key":"Bag of Marbles"},{"floor":46,"key":"Mirror"},{"floor":47,"key":"CatCart"}],"event_choices":[{"damage_healed":0,"gold_gain":0,"player_choice":"Donut","damage_taken":0,"max_hp_gain":5,"max_hp_loss":0,"event_name":"Big Fish","floor":11,"gold_loss":0},{"damage_healed":0,"gold_gain":0,"player_choice":"Fight","damage_taken":0,"max_hp_gain":0,"max_hp_loss":0,"event_name":"OrinTheCat","floor":47,"gold_loss":0}],"is_beta":false,"boss_relics":[{"not_picked":["Replay:Grab Bag","Painkiller Herb"],"picked":"Black Star"},{"not_picked":["Snecko Heart","Runic Dome"],"picked":"Ring of Chaos"}],"items_purged_floors":[29],"is_endless":false,"potions_floor_spawned":[6,8,10,16,19,26,30,32,33,44,45,47,48],"ascension_level":2}}