{"host":"agbyy69nq62afhwx","time":1608255856,"event":{"mods":["BaseMod","Colored Map","Highlight Path","Keyboard Shortcuts","Minty Spire (QoL Compilation)","Quick Restart","StSLib","everything is the same but u backflip on backflip"],"gold_per_floor":[115,126,139,157,167,202,202,225,250,250,270,280,300,145,145,242,242,257,82,97,97,97],"floor_reached":21,"playtime":747,"items_purged":["Strike_G","Strike_G"],"score":204,"play_id":"47c8c0bd-f9eb-4709-9b43-3586f5e38413","local_time":"20201218104416","is_ascension_mode":true,"campfire_choices":[{"data":"Bouncing Flask","floor":7,"key":"SMITH"},{"floor":15,"key":"REST"}],"circlet_count":0,"master_deck":["Strike_G","Strike_G","Strike_G","Defend_G","Defend_G","Defend_G","Defend_G","Defend_G","Survivor","Neutralize","Blade Dance","Dagger Throw","Acrobatics","Bouncing Flask","Bouncing Flask+1","Blur","Dodge and Roll","PiercingWail","Deadly Poison","Noxious Fumes","Bullet Time","Escape Plan","Acrobatics"],"relics":["Ring of the Snake","NeowsBlessing","Blood Vial","Omamori","Potion Belt","Cursed Key"],"acts_visited":["Exordium","TheCity"],"potions_floor_usage":[12,16],"damage_taken":[{"damage":0,"enemies":"Cultist","floor":1,"turns":1},{"damage":0,"enemies":"2 Louse","floor":2,"turns":1},{"damage":0,"enemies":"Small Slimes","floor":3,"turns":1},{"damage":5,"enemies":"3 Louse","floor":4,"turns":3},{"damage":1,"enemies":"Large Slime","floor":5,"turns":7},{"damage":31,"enemies":"Lagavulin","floor":6,"turns":5},{"damage":10,"enemies":"Exordium Thugs","floor":11,"turns":5},{"damage":6,"enemies":"Exordium Wildlife","floor":12,"turns":4},{"damage":11,"enemies":"Looter","floor":13,"turns":3},{"damage":31,"enemies":"The Guardian","floor":16,"turns":7},{"damage":10,"enemies":"Shell Parasite","floor":18,"turns":4},{"damage":24,"enemies":"2 Thieves","floor":20,"turns":5},{"damage":44,"enemies":"3 Cultists","floor":21,"turns":4}],"seed_played":"-5587272367513166871","potions_obtained":[{"floor":1,"key":"Block Potion"},{"floor":4,"key":"Swift Potion"},{"floor":5,"key":"Weak Potion"},{"floor":11,"key":"Energy Potion"},{"floor":16,"key":"FearPotion"}],"is_trial":false,"path_per_floor":["M","M","M","M","M","E","R","T","T","?","M","M","M","$","R","B",null,"M","$","M","M"],"character_chosen":"THE_SILENT","items_purchased":["Noxious Fumes","Escape Plan"],"campfire_rested":1,"item_purchase_floors":[14,19],"current_hp_per_floor":[70,70,70,65,64,33,33,33,33,33,25,21,12,12,33,4,70,60,60,38,0,0],"gold":97,"neow_bonus":"THREE_ENEMY_KILL","is_daily":false,"chose_seed":false,"campfire_upgraded":1,"win_rate":0.0,"timestamp":1608255856,"path_taken":["M","M","M","M","M","E","R","?","T","?","M","M","M","$","R","BOSS","M","$","M","M"],"items_purchased_type":["Card","Card"],"build_version":"2020-12-13","purchased_purges":2,"victory":false,"max_hp_per_floor":[70,70,70,70,70,70,70,70,70,70,70,70,70,70,70,70,70,70,70,70,70,70],"card_choices":[{"not_picked":["Distraction","Prepared"],"picked":"Blade Dance","floor":1},{"not_picked":["Dash","PiercingWail"],"picked":"Dagger Throw","floor":2},{"not_picked":["Sucker Punch","Footwork"],"picked":"Acrobatics","floor":3},{"not_picked":["Setup","Flying Knee"],"picked":"Bouncing Flask","floor":4},{"not_picked":["Poisoned Stab","Underhanded Strike"],"picked":"Bouncing Flask","floor":5},{"not_picked":["Riddle With Holes","Blade Dance"],"picked":"Blur","floor":6},{"not_picked":["Grand Finale","Leg Sweep","Caltrops"],"picked":"SKIP","floor":11},{"not_picked":["Cloak And Dagger","Bane"],"picked":"PiercingWail","floor":12},{"not_picked":["Outmaneuver","Noxious Fumes"],"picked":"Deadly Poison","floor":13},{"not_picked":["Die Die Die","Phantasmal Killer"],"picked":"Bullet Time","floor":16},{"not_picked":["All Out Attack","PiercingWail","Infinite Blades"],"picked":"SKIP","floor":18},{"not_picked":["Dagger Spray","Deadly Poison"],"picked":"Acrobatics","floor":20}],"player_experience":308549,"relics_obtained":[{"floor":6,"key":"Blood Vial"},{"floor":8,"key":"Omamori"},{"floor":9,"key":"Potion Belt"}],"event_choices":[{"damage_healed":0,"gold_gain":0,"player_choice":"1 cards matched","damage_taken":0,"max_hp_gain":0,"max_hp_loss":0,"event_name":"Match and Keep!","floor":10,"gold_loss":0,"cards_obtained":["Dodge and Roll"]}],"is_beta":false,"boss_relics":[{"not_picked":["Runic Dome","Snecko Eye"],"picked":"Cursed Key"}],"items_purged_floors":[14,19],"is_endless":false,"potions_floor_spawned":[1,4,5,11,16],"killed_by":"3 Cultists","ascension_level":2}}