{"host":"ocy7z4248lncoz2b","time":1608260920,"event":{"mods":["BaseMod","Beaked The Cultist","Better Match","Better Sensory Stone","Better Third Choice","BetterRewards","Clockwork Mod","Colored Powertips","Conspire","Downfall","Friendly Minions","Highlight Path","Hubris","Infinite Spire","Marisa????????","Mimic Mod","Minty Spire (QoL Compilation)","READ ME - Guardian Mod","Replay The Spire","Shop Mod","Spicy Shops","Spikes Relics","StSLib","SuperFastMode","The Blue Laboratory","The Construct","The Jungle"],"gold_per_floor":[0,0,29,49,63,74,74,108,108,137,149,46,63,48,64,64,64],"floor_reached":16,"playtime":1028,"items_purged":[],"score":122,"play_id":"c3475f47-66d4-4cc0-8a69-acc301eaef5f","local_time":"20201218120840","is_ascension_mode":false,"campfire_choices":[{"data":"champ:IgnorePain","floor":1,"key":"SMITH"},{"data":"champ:Taunt","floor":9,"key":"SMITH"}],"circlet_count":0,"master_deck":["champ:Strike","champ:Strike","champ:Strike","champ:Strike","champ:Defend","champ:Defend","champ:Defend","champ:Defend","champ:Execute","champ:Taunt+1","champ:IgnorePain+1","champ:TornadoPunch","champ:SkillfulDodge","champ:Riposte","champ:DefensiveShout","champ:Control","champ:ShieldSlam","champ:FightOn","champ:FightOn","Replay:SS_fish_2","champ:BringItOn","champ:DancingMaster","champ:AdrenalArmor"],"relics":["champ:ChampionCrown","RollingBoulder","Sundial","Replay:Mystery Machine","Bag of Marbles"],"acts_visited":["Exordium"],"potions_floor_usage":[10,12,14],"damage_taken":[{"damage":5,"enemies":"downfall:FleeingMerchant","floor":2,"turns":4},{"damage":39,"enemies":"3 Sentries","floor":3,"turns":9},{"damage":6,"enemies":"Cultist","floor":4,"turns":5},{"damage":6,"enemies":"Jaw Worm","floor":5,"turns":4},{"damage":8,"enemies":"Small Slimes","floor":6,"turns":4},{"damage":42,"enemies":"Lagavulin","floor":8,"turns":9},{"damage":21,"enemies":"Gremlin Nob","floor":10,"turns":5},{"damage":2,"enemies":"Gremlin Gang","floor":11,"turns":5},{"damage":0,"enemies":"downfall:FleeingMerchant","floor":12,"turns":4},{"damage":2,"enemies":"Red Slaver","floor":13,"turns":5},{"damage":0,"enemies":"downfall:FleeingMerchant","floor":14,"turns":4},{"damage":5,"enemies":"Exordium Thugs","floor":15,"turns":8},{"damage":34,"enemies":"downfall:Defect","floor":16,"turns":5}],"seed_played":"-1481025287144811632","potions_obtained":[{"floor":4,"key":"ColorlessPotion"},{"floor":5,"key":"blueLaboratory:Moonshine"},{"floor":6,"key":"sneckomod:MuddlingPotion"},{"floor":8,"key":"blueLaboratory:FrostheartPotion"},{"floor":13,"key":"Weak Potion"}],"is_trial":false,"path_per_floor":["R","$","E","M","M","M","T","E","R","E","M","$","M","$","M","B"],"character_chosen":"THE_CHAMP","items_purchased":["Replay:SS_fish_2"],"campfire_rested":0,"item_purchase_floors":[12],"current_hp_per_floor":[90,90,59,58,52,52,52,26,26,5,3,3,9,22,25,0,0],"gold":64,"neow_bonus":"THREE_RARE_CARDS","is_daily":false,"chose_seed":false,"campfire_upgraded":2,"win_rate":0.0,"timestamp":1608260920,"path_taken":["R","?","E","M","M","M","T","E","R","E","M","$","?","$","M","BOSS"],"items_purchased_type":["Card"],"build_version":"2020-12-13","purchased_purges":0,"victory":false,"max_hp_per_floor":[90,90,90,90,90,90,90,90,90,90,90,90,90,90,90,90,90],"card_choices":[{"not_picked":["champ:Devastate","champ:HoldFirm"],"picked":"champ:IgnorePain","floor":0},{"not_picked":["champ:ShieldWall","champ:HeartStrike"],"picked":"champ:TornadoPunch","floor":2},{"not_picked":["champ:BladeFlurry","champ:TornadoPunch"],"picked":"champ:SkillfulDodge","floor":3},{"not_picked":["champ:PreciseThrust","champ:FaceSlap"],"picked":"champ:Riposte","floor":4},{"not_picked":["champ:BringItOn","champ:BladeFlurry"],"picked":"champ:DefensiveShout","floor":5},{"not_picked":["champ:EnragedBash","champ:CrookedStrike"],"picked":"champ:Control","floor":6},{"not_picked":["champ:PerfectedStrike","champ:FocusedGladiator"],"picked":"champ:ShieldSlam","floor":8},{"not_picked":["champ:PreciseThrust","champ:Haymaker"],"picked":"champ:FightOn","floor":10},{"not_picked":["champ:RecklessLeap","champ:DefensiveShout","champ:TornadoPunch"],"picked":"SKIP","floor":11},{"not_picked":["champ:Duel","champ:PerfectedStrike"],"picked":"champ:FightOn","floor":12},{"not_picked":["champ:CrookedStrike","champ:GladiatorsShout"],"picked":"champ:BringItOn","floor":13},{"not_picked":["champ:IronFortress","champ:Duel"],"picked":"champ:DancingMaster","floor":14},{"not_picked":["champ:PerfectedStrike","champ:Encircle"],"picked":"champ:AdrenalArmor","floor":15}],"player_experience":243890,"relics_obtained":[{"floor":3,"key":"RollingBoulder"},{"floor":7,"key":"Sundial"},{"floor":8,"key":"Replay:Mystery Machine"},{"floor":10,"key":"Bag of Marbles"}],"event_choices":[],"is_beta":false,"boss_relics":[],"items_purged_floors":[],"is_endless":false,"potions_floor_spawned":[4,5,6,8,13],"killed_by":"downfall:Defect","ascension_level":0}}