{"host":"3xls0xm49ftugio7","time":1608309438,"event":{"mods":["2.2 Compatiblity","AchievementEnabler","Act Like it!","BaseMod","Colored Powertips","Downfall","GifTheSpireLib","Minty Spire (QoL Compilation)","Quick Restart","Relic Stats","StSLib"],"gold_per_floor":[99,118,118,118,136,152,202,232,232,260,260,271,69,169,181,283,283,283,283,317,317,348,273,300,90,15,26,38,138,138,70,84,181,181,181,36,62,62,62,93,118,128,143,143,162,181,233,249,265,265],"floor_reached":51,"playtime":3527,"items_purged":["Slimebound:Strike_Slimebound","Slimebound:Defend_Slimebound"],"score":937,"play_id":"e734bc83-668d-4a64-ae06-7defcc9fd76d","local_time":"20201218183718","is_ascension_mode":true,"campfire_choices":[{"data":"Slimebound:Split","floor":1.0,"key":"SMITH"},{"data":"Slimebound:LeadByExample","floor":4.0,"key":"SMITH"},{"data":"Slimebound:Replication","floor":9.0,"key":"SMITH"},{"floor":18.0,"key":"RECALL"},{"data":"Slimebound:MinionMaster","floor":23.0,"key":"SMITH"},{"data":"Slimebound:Overexert","floor":26.0,"key":"SMITH"},{"data":"Slimebound:Nibble","floor":35.0,"key":"SMITH"},{"data":"Slimebound:RejuvenatingLick","floor":39,"key":"SMITH"},{"floor":44,"key":"REST"}],"circlet_count":0,"master_deck":["Slimebound:Defend_Slimebound","Slimebound:Defend_Slimebound","Slimebound:Split+1","Slimebound:LeadByExample+1","Slimebound:RejuvenatingLick","Slimebound:Replication+1","Slimebound:DivideAndConquer+1","Slimebound:RainOfGoop+1","Slimebound:SplitLeeching","Slimebound:ForwardTackle","Slimebound:LeechEnergy","Slimebound:SplitSpecialist+1","Slimebound:SlimeBarrage","Slimebound:Chomp","Slimebound:MegaLick","Slimebound:Overexert+1","CurseOfTheBell","Slimebound:Nibble+1","Slimebound:Equalize","Slimebound:MinionMaster+1","Slimebound:SamplingLick+1","Slimebound:LeechEnergy","Slimebound:SplitSpecialist","Slimebound:Nibble","expansioncontent:Chronoboost","Slimebound:HauntingLick","Slimebound:RallyTheTroops","Slimebound:SelfFormingGoo","Slimebound:FormOfPuddle+1","Slimebound:OneTwoCombo","Slimebound:RejuvenatingLick+1","Slimebound:Equalize+1","Slimebound:SplitLeeching+1","Slimebound:SplitLeeching+1","Slimebound:SplitAcid+1","Slimebound:SplitAcid+1","Slimebound:MassFeed","Slimebound:RejuvenatingLick+1"],"relics":["Slimebound:AbsorbEndCombat","Boot","Orichalcum","Bag of Preparation","Pantograph","Calling Bell","Vajra","Gremlin Horn","Dead Branch","hexamod:BolsterEngine","Sundial","downfall:HeartBlessingRed","ClockworkSouvenir","downfall:HeartBlessingBlue","MutagenicStrength","Omamori","Sozu","Bronze Scales","Lantern","Dream Catcher","Bag of Marbles","War Paint"],"acts_visited":["Exordium","TheCity","TheBeyond"],"potions_floor_usage":[50,50,50],"damage_taken":[{"damage":8.0,"enemies":"Cultist","floor":2.0,"turns":3.0},{"damage":15.0,"enemies":"Jaw Worm","floor":5.0,"turns":3.0},{"damage":10.0,"enemies":"Small Slimes","floor":6.0,"turns":4.0},{"damage":36.0,"enemies":"Lagavulin","floor":8.0,"turns":6.0},{"damage":21.0,"enemies":"3 Sentries","floor":10.0,"turns":7.0},{"damage":8.0,"enemies":"2 Fungi Beasts","floor":12.0,"turns":3.0},{"damage":21.0,"enemies":"downfall:FleeingMerchant","floor":13.0,"turns":4.0},{"damage":49.0,"enemies":"downfall:Heads","floor":14.0,"turns":5.0},{"damage":27.0,"enemies":"Exordium Wildlife","floor":15.0,"turns":3.0},{"damage":45.0,"enemies":"downfall:Silent","floor":16.0,"turns":6.0},{"damage":28.0,"enemies":"Book of Stabbing","floor":20.0,"turns":2.0},{"damage":18.0,"enemies":"Slavers","floor":22.0,"turns":2.0},{"damage":21.0,"enemies":"downfall:FleeingMerchant","floor":25.0,"turns":4.0},{"damage":12.0,"enemies":"Spheric Guardian","floor":27.0,"turns":2.0},{"damage":16.0,"enemies":"3 Cultists","floor":28.0,"turns":3.0},{"damage":45.0,"enemies":"downfall:Augmenter","floor":29.0,"turns":4.0},{"damage":12.0,"enemies":"downfall:FleeingMerchant","floor":31.0,"turns":3.0},{"damage":14.0,"enemies":"Cultist and Chosen","floor":32.0,"turns":3.0},{"damage":55.0,"enemies":"downfall:Watcher","floor":33.0,"turns":5.0},{"damage":12.0,"enemies":"Giant Head","floor":37.0,"turns":2.0},{"damage":57,"enemies":"Nemesis","floor":40,"turns":3},{"damage":8,"enemies":"3 Shapes","floor":42,"turns":1},{"damage":22,"enemies":"Orb Walker","floor":43,"turns":2},{"damage":16,"enemies":"Maw","floor":45,"turns":3},{"damage":8,"enemies":"Sphere and 2 Shapes","floor":46,"turns":1},{"damage":22,"enemies":"4 Shapes","floor":48,"turns":2},{"damage":18,"enemies":"Transient","floor":49,"turns":5},{"damage":30,"enemies":"downfall:Defect","floor":50,"turns":4}],"seed_played":"5357714711953692686","potions_obtained":[{"floor":2.0,"key":"FearPotion"},{"floor":5.0,"key":"Explosive Potion"},{"floor":10.0,"key":"SpeedPotion"},{"floor":15.0,"key":"Slimebound:SlimedPotion"}],"is_trial":false,"path_per_floor":["R","M","?","R","M","M","T","E","R","E","T","M","$","?","M","B",null,"R","?","E","?","E","R","T","$","R","M","M","?","?","$","M","B",null,"R","$","E","?","R","E","T","M","M","R","M","M","T","M","M","B",null],"character_chosen":"SLIMEBOUND","items_purchased":["Slimebound:LeechEnergy","Slimebound:SplitSpecialist","ClockworkSouvenir","Slimebound:LeechEnergy","Omamori","Slimebound:SelfFormingGoo","Bronze Scales"],"campfire_rested":1,"item_purchase_floors":[13,13,25,25,31,31,36],"current_hp_per_floor":[66,66,66,66,63,66,66,52,52,51,51,55,62,45,42,49,66,66,66,54,54,62,62,62,66,76,72,74,61,61,73,71,51,76,76,76,76,76,76,46,46,54,50,72,72,76,76,70,72,76],"gold":265,"neow_bonus":"TEN_PERCENT_HP_BONUS","is_daily":false,"chose_seed":false,"campfire_upgraded":7,"win_rate":0.0,"timestamp":1608309438,"path_taken":["R","?","?","R","M","M","T","E","R","E","?","?","$","?","M","BOSS","R","?","E","?","E","R","T","$","R","M","M","?","?","$","M","BOSS","R","$","E","?","R","E","T","M","M","R","M","M","?","M","M","BOSS"],"items_purchased_type":["Card","Card","Relic","Card","Relic","Card","Relic"],"build_version":"2020-12-13","purchased_purges":2,"victory":true,"max_hp_per_floor":[66,66,66,66,66,66,66,66,66,66,66,66,66,66,66,66,66,66,66,66,66,66,66,66,66,76,76,76,76,76,76,76,76,76,76,76,76,76,76,76,76,76,76,76,76,76,76,76,76,76],"relic_stats":{"Gremlin Horn":[10,11],"counters":[28,93],"Dead Branch":[230],"Bag of Preparation":[46],"Orichalcum":[60],"War Paint":["Slimebound:DivideAndConquer","Slimebound:RainOfGoop"],"Boot":[22],"Sozu":3,"Dream Catcher":1,"Sundial":[0],"Pantograph":33,"Bronze Scales":[49],"obtain_stats":[{"Lantern":37,"Gremlin Horn":17,"downfall:HeartBlessingRed":23,"Dead Branch":17,"Vajra":17,"Bag of Preparation":10,"Omamori":31,"Orichalcum":8,"War Paint":47,"Boot":7,"ClockworkSouvenir":25,"Calling Bell":17,"Sozu":34,"Dream Catcher":40,"Sundial":22,"downfall:HeartBlessingBlue":26,"Pantograph":11,"MutagenicStrength":29,"Bronze Scales":36,"Slimebound:AbsorbEndCombat":0,"Bag of Marbles":41,"hexamod:BolsterEngine":20},{"Lantern":20,"Gremlin Horn":10,"downfall:HeartBlessingRed":12,"Dead Branch":10,"Vajra":10,"Bag of Preparation":5,"Omamori":17,"Orichalcum":4,"War Paint":25,"Boot":3,"ClockworkSouvenir":13,"Calling Bell":10,"Sozu":19,"Dream Catcher":21,"Sundial":12,"downfall:HeartBlessingBlue":13,"Pantograph":5,"MutagenicStrength":16,"Bronze Scales":19,"Slimebound:AbsorbEndCombat":0,"Bag of Marbles":21,"hexamod:BolsterEngine":11},{"Lantern":72,"Gremlin Horn":43,"downfall:HeartBlessingRed":47,"Dead Branch":43,"Vajra":43,"Bag of Preparation":22,"Omamori":63,"Orichalcum":15,"War Paint":82,"Boot":9,"ClockworkSouvenir":51,"Calling Bell":43,"Sozu":70,"Dream Catcher":75,"Sundial":47,"downfall:HeartBlessingBlue":51,"Pantograph":22,"MutagenicStrength":60,"Bronze Scales":70,"Slimebound:AbsorbEndCombat":0,"Bag of Marbles":75,"hexamod:BolsterEngine":45}]},"card_choices":[{"not_picked":["Slimebound:GrowthPunch","Slimebound:ViciousTackle"],"picked":"Slimebound:LeadByExample","floor":2.0},{"not_picked":["Slimebound:FinishingTackle","Slimebound:Gluttony"],"picked":"Slimebound:RejuvenatingLick","floor":5.0},{"not_picked":["Slimebound:SlimeSpikes","Slimebound:HungryTackle"],"picked":"Slimebound:Replication","floor":6.0},{"not_picked":["Slimebound:PressTheAttack","Slimebound:GrowthPunch"],"picked":"Slimebound:DivideAndConquer","floor":8.0},{"not_picked":["Slimebound:GoopTackle","Slimebound:RollThrough"],"picked":"Slimebound:RainOfGoop","floor":10.0},{"not_picked":["Slimebound:SlimeSpikes","Slimebound:SplitMire"],"picked":"Slimebound:SplitLeeching","floor":12.0},{"not_picked":["Slimebound:Schlurp","Slimebound:SplitMire"],"picked":"Slimebound:ForwardTackle","floor":13.0},{"not_picked":["Slimebound:ForwardTackle","Slimebound:SlimeSpikes"],"picked":"Slimebound:SlimeBarrage","floor":14.0},{"not_picked":["Slimebound:ServeAndProtect","Slimebound:SplitBruiser"],"picked":"Slimebound:MegaLick","floor":15.0},{"not_picked":["Slimebound:DouseInSlime","Slimebound:PrepareCrush"],"picked":"Slimebound:Overexert","floor":16.0},{"not_picked":["Slimebound:FinishingTackle+1","Slimebound:SplitMire+1"],"picked":"Slimebound:Equalize","floor":20.0},{"not_picked":["Slimebound:FlameTackle","Slimebound:SplitMire"],"picked":"Slimebound:MinionMaster","floor":22.0},{"not_picked":["Slimebound:AcidTongue","Slimebound:Dissolve+1"],"picked":"Slimebound:SamplingLick+1","floor":25.0},{"not_picked":["Slimebound:LeechingTouch","Slimebound:RollThrough"],"picked":"Slimebound:SplitSpecialist","floor":27.0},{"not_picked":["Slimebound:ItLooksTasty","Slimebound:ViciousTackle","Slimebound:Dissolve"],"picked":"SKIP","floor":28.0},{"not_picked":[],"picked":"J.A.X.","floor":29.0},{"not_picked":["Slimebound:Chomp","Slimebound:ViciousTackle+1"],"picked":"Slimebound:Nibble","floor":29.0},{"not_picked":["Slimebound:Equalize","Slimebound:LeechingTouch"],"picked":"Slimebound:RallyTheTroops","floor":31.0},{"not_picked":["Slimebound:DivideAndConquer","Slimebound:SlimeSpikes+1"],"picked":"Slimebound:FormOfPuddle+1","floor":32.0},{"not_picked":["Slimebound:LeechLife","Slimebound:Darklings"],"picked":"Slimebound:OneTwoCombo","floor":33.0},{"not_picked":["Slimebound:ServeAndProtect+1","Slimebound:LeechingTouch"],"picked":"Slimebound:RejuvenatingLick","floor":37},{"not_picked":["Slimebound:GrowthPunch","Slimebound:ProtectTheBoss+1"],"picked":"Slimebound:Equalize+1","floor":40},{"not_picked":["Slimebound:LivingWall","Slimebound:SplitBruiser"],"picked":"Slimebound:SplitLeeching+1","floor":42},{"not_picked":["Slimebound:Schlurp","Slimebound:LeechEnergy+1"],"picked":"Slimebound:SplitLeeching+1","floor":43},{"not_picked":["Slimebound:BestDefense+1","Slimebound:DivideAndConquer+1"],"picked":"Slimebound:SplitAcid+1","floor":44},{"not_picked":["Slimebound:HungryTackle+1","Slimebound:SplitLeeching"],"picked":"Slimebound:SplitAcid+1","floor":45},{"not_picked":["Slimebound:SplitLeeching","Slimebound:Replication","Slimebound:SplitAcid"],"picked":"SKIP","floor":46},{"not_picked":["Slimebound:HungryTackle+1","Slimebound:FirmFortitude"],"picked":"Slimebound:MassFeed","floor":48},{"not_picked":["Slimebound:RollThrough","Slimebound:SplitMire"],"picked":"Slimebound:RejuvenatingLick+1","floor":49}],"player_experience":822014,"relics_obtained":[{"floor":7.0,"key":"Boot"},{"floor":8.0,"key":"Orichalcum"},{"floor":10.0,"key":"Bag of Preparation"},{"floor":11.0,"key":"Pantograph"},{"floor":17.0,"key":"Vajra"},{"floor":17.0,"key":"Gremlin Horn"},{"floor":17.0,"key":"Dead Branch"},{"floor":20.0,"key":"hexamod:BolsterEngine"},{"floor":22.0,"key":"Sundial"},{"floor":29.0,"key":"MutagenicStrength"},{"floor":37,"key":"Lantern"},{"floor":40,"key":"Dream Catcher"},{"floor":41,"key":"Bag of Marbles"},{"floor":47,"key":"War Paint"}],"event_choices":[{"damage_healed":0.0,"max_hp_gain":0.0,"max_hp_loss":0.0,"gold_gain":0.0,"event_name":"The Library","player_choice":"Read","floor":19.0,"gold_loss":0.0,"damage_taken":0.0,"cards_obtained":["Slimebound:Nibble"]},{"cards_removed":["Slimebound:Defend_Slimebound"],"damage_healed":0.0,"max_hp_gain":0.0,"max_hp_loss":0.0,"gold_gain":0.0,"event_name":"Back to Basics","player_choice":"Elegance","floor":30.0,"gold_loss":0.0,"damage_taken":0.0}],"is_beta":false,"boss_relics":[{"not_picked":["Ectoplasm","Runic Pyramid"],"picked":"Calling Bell"},{"not_picked":["Philosopher\u0027s Stone","Runic Dome"],"picked":"Sozu"}],"items_purged_floors":[13,31],"is_endless":false,"potions_floor_spawned":[2,5,10,12,15,22,28,37,45,48,49],"ascension_level":3}}