{"host":"hjw1ay65n7jm40lc","time":1608250202,"event":{"mods":["AchievementEnabler","BaseMod","Colored Map","Colored Powertips","Googly Eyes","Highlight Path","Minty Spire (QoL Compilation)","Quick Restart","Relic Stats"],"gold_per_floor":[212,92,110,110,130,130,160,185,185,201,201,234,254,282,282,380,380,400,400,400,417,187,222,222,250,274,274,307,339,351,381,393,504,516,546,558,625,637,355,355,389,389,389,389,419,432,445,156,156,156,156,156,11,38,38],"floor_reached":56,"playtime":5925,"items_purged":["Strike_G","Writhe"],"score":1951,"play_id":"3accba56-b4a9-475c-83e4-97ecc4eb9a8a","local_time":"20201217191002","is_ascension_mode":true,"campfire_choices":[{"data":"Crippling Poison","floor":6.0,"key":"SMITH"},{"floor":11.0,"key":"REST"},{"data":"Wraith Form v2","floor":15.0,"key":"SMITH"},{"data":"Footwork","floor":24,"key":"SMITH"},{"data":"Catalyst","floor":30,"key":"SMITH"},{"floor":32,"key":"REST"},{"data":"Venomology","floor":40,"key":"SMITH"},{"data":"Wraith Form v2","floor":42,"key":"SMITH"},{"floor":49,"key":"RECALL"},{"data":"Noxious Fumes","floor":52,"key":"SMITH"}],"circlet_count":0,"master_deck":["Strike_G","Defend_G","Defend_G","Defend_G","Defend_G","Defend_G","Survivor","Neutralize+1","Crippling Poison+1","Sucker Punch","Dagger Spray+1","Backflip","Venomology+1","Leg Sweep","Catalyst+1","Blade Dance","Wraith Form v2+1","Corpse Explosion+1","Footwork+1","Noxious Fumes+1","Deadly Poison+1","Wraith Form v2+1","Bullet Time+1","Blur+1","Catalyst+1","Secret Technique+1","Predator","Adrenaline+1","After Image+1"],"relics":["Ring of the Snake","Pocketwatch","Akabeko","Mummified Hand","Tough Bandages","Toxic Egg 2","Black Star","Potion Belt","Centennial Puzzle","Ornamental Fan","Ancient Tea Set","Bag of Preparation","Pear","MawBank","Whetstone","SlaversCollar","Torii","Letter Opener","Art of War","Anchor","Ninja Scroll","Frozen Egg 2","Toy Ornithopter","Ginger","Snake Skull","Orichalcum","Shuriken"],"acts_visited":["Exordium","TheCity","TheBeyond","TheEnding"],"potions_floor_usage":[23,23,25,25,28,29,31,33,33,33,41,45,46,47,50,55,55,55,55,55,55,55,55],"damage_taken":[{"damage":0.0,"enemies":"Cultist","floor":1.0,"turns":4.0},{"damage":4.0,"enemies":"Jaw Worm","floor":3.0,"turns":4.0},{"damage":2.0,"enemies":"2 Louse","floor":5.0,"turns":2.0},{"damage":11.0,"enemies":"3 Sentries","floor":8.0,"turns":6.0},{"damage":10.0,"enemies":"Exordium Thugs","floor":10.0,"turns":3.0},{"damage":4.0,"enemies":"Lagavulin","floor":12.0,"turns":6.0},{"damage":0.0,"enemies":"Exordium Wildlife","floor":13.0,"turns":3.0},{"damage":5.0,"enemies":"3 Sentries","floor":14.0,"turns":6.0},{"damage":11.0,"enemies":"The Guardian","floor":16.0,"turns":11.0},{"damage":15.0,"enemies":"Shell Parasite","floor":18.0,"turns":6.0},{"damage":19.0,"enemies":"2 Thieves","floor":21.0,"turns":2.0},{"damage":0,"enemies":"Slavers","floor":23,"turns":1},{"damage":10,"enemies":"Gremlin Leader","floor":25,"turns":5},{"damage":32,"enemies":"Slavers","floor":28,"turns":4},{"damage":0,"enemies":"Centurion and Healer","floor":29,"turns":5},{"damage":6,"enemies":"Snake Plant","floor":31,"turns":5},{"damage":46,"enemies":"Collector","floor":33,"turns":10},{"damage":2,"enemies":"Orb Walker","floor":35,"turns":3},{"damage":4,"enemies":"2 Orb Walkers","floor":37,"turns":4},{"damage":1,"enemies":"Giant Head","floor":41,"turns":4},{"damage":0,"enemies":"Nemesis","floor":45,"turns":5},{"damage":0,"enemies":"3 Shapes","floor":46,"turns":4},{"damage":3,"enemies":"3 Darklings","floor":47,"turns":4},{"damage":2,"enemies":"Awakened One","floor":50,"turns":12},{"damage":0,"enemies":"Shield and Spear","floor":54,"turns":4},{"damage":0,"enemies":"The Heart","floor":55,"turns":9}],"seed_played":"207581512947551491","potions_obtained":[{"floor":3.0,"key":"Strength Potion"},{"floor":8.0,"key":"Energy Potion"},{"floor":13.0,"key":"SteroidPotion"},{"floor":16.0,"key":"Regen Potion"},{"floor":23,"key":"BlessingOfTheForge"},{"floor":25,"key":"SteroidPotion"},{"floor":29,"key":"SpeedPotion"},{"floor":31,"key":"Fruit Juice"},{"floor":33,"key":"Block Potion"},{"floor":35,"key":"Fire Potion"},{"floor":41,"key":"Regen Potion"},{"floor":47,"key":"FairyPotion"}],"is_trial":false,"path_per_floor":["M","$","M","?","M","R","?","E","T","M","R","E","M","E","R","B",null,"M","?","?","M","$","E","R","E","T","T","E","M","R","M","R","B",null,"M","?","?","?","$","R","E","R","T","T","E","M","M","$","R","B",null,"R","$","E","B",null],"character_chosen":"THE_SILENT","items_purchased":["Crippling Poison","Sucker Punch","Potion Belt","Secret Technique+1","Ginger","Snake Skull"],"campfire_rested":2,"item_purchase_floors":[2,2,22,39,48,53],"current_hp_per_floor":[63,63,59,56,54,54,54,43,43,33,54,50,50,45,45,34,61,46,46,69,50,50,50,50,55,55,65,33,33,33,32,57,26,70,68,85,81,81,81,81,80,80,80,80,80,85,85,85,85,84,85,85,85,85,85],"gold":38,"neow_bonus":"HUNDRED_GOLD","is_daily":false,"chose_seed":false,"campfire_upgraded":7,"win_rate":0.0,"timestamp":1608250202,"path_taken":["M","$","?","?","M","R","?","E","T","M","R","E","?","E","R","BOSS","M","?","?","?","$","E","R","E","T","?","E","M","R","M","R","BOSS","M","?","?","?","$","R","E","R","T","?","E","M","M","$","R","BOSS","R","$","E","BOSS"],"items_purchased_type":["Card","Card","Relic","Card","Relic","Relic"],"build_version":"2020-12-13","purchased_purges":2,"victory":true,"max_hp_per_floor":[70,70,70,70,70,70,70,70,70,70,70,70,70,70,70,70,70,70,70,70,70,70,70,70,70,70,80,80,80,80,85,85,85,85,85,85,85,85,85,85,85,85,85,85,85,85,85,85,85,85,85,85,85,85,85],"relic_stats":{"Torii":1,"counters":[26,132],"Snake Skull":[24],"Bag of Preparation":[14],"Whetstone":["Dagger Spray","Neutralize"],"Letter Opener":[194],"Ginger":[2],"Orichalcum":[0],"MawBank":132,"Tough Bandages":[69],"Centennial Puzzle":[27],"Mummified Hand":[40],"Ornamental Fan":[100],"Shuriken":[6],"Black Star":6,"Art of War":[5],"obtain_stats":[{"Torii":37,"Snake Skull":53,"Bag of Preparation":25,"Whetstone":28,"Ginger":48,"Ancient Tea Set":25,"Tough Bandages":9,"Centennial Puzzle":23,"Mummified Hand":8,"Ninja Scroll":44,"Toxic Egg 2":14,"Ring of the Snake":0,"Potion Belt":22,"Pear":27,"Letter Opener":41,"Frozen Egg 2":45,"Orichalcum":54,"MawBank":28,"Akabeko":7,"SlaversCollar":34,"Anchor":43,"Ornamental Fan":23,"Shuriken":54,"Black Star":17,"Art of War":41,"Toy Ornithopter":45,"Pocketwatch":4},{"Torii":19,"Snake Skull":24,"Bag of Preparation":13,"Whetstone":14,"Ginger":23,"Ancient Tea Set":13,"Tough Bandages":4,"Centennial Puzzle":12,"Mummified Hand":4,"Ninja Scroll":20,"Toxic Egg 2":8,"Ring of the Snake":0,"Potion Belt":11,"Pear":13,"Letter Opener":20,"Frozen Egg 2":21,"Orichalcum":25,"MawBank":14,"Akabeko":3,"SlaversCollar":17,"Anchor":20,"Ornamental Fan":12,"Shuriken":25,"Black Star":9,"Art of War":20,"Toy Ornithopter":21,"Pocketwatch":2},{"Torii":90,"Snake Skull":119,"Bag of Preparation":59,"Whetstone":63,"Ginger":107,"Ancient Tea Set":59,"Tough Bandages":16,"Centennial Puzzle":54,"Mummified Hand":16,"Ninja Scroll":94,"Toxic Egg 2":34,"Ring of the Snake":0,"Potion Belt":53,"Pear":59,"Letter Opener":94,"Frozen Egg 2":99,"Orichalcum":123,"MawBank":63,"Akabeko":10,"SlaversCollar":83,"Anchor":94,"Ornamental Fan":54,"Shuriken":123,"Black Star":45,"Art of War":94,"Toy Ornithopter":99,"Pocketwatch":8}],"Toy Ornithopter":9,"Ring of the Snake":[52],"Pocketwatch":[153]},"card_choices":[{"not_picked":["Underhanded Strike","Slice","Bane"],"picked":"SKIP","floor":1.0},{"not_picked":["Flying Knee","Bane"],"picked":"Dagger Spray","floor":3.0},{"not_picked":["Dagger Spray","Sucker Punch"],"picked":"Backflip","floor":5.0},{"not_picked":["Dagger Throw","Bane"],"picked":"Venomology","floor":8.0},{"not_picked":["Terror","Acrobatics"],"picked":"Leg Sweep","floor":10.0},{"not_picked":["Flying Knee","Infinite Blades"],"picked":"Catalyst","floor":12.0},{"not_picked":["PiercingWail","Underhanded Strike"],"picked":"Blade Dance","floor":13.0},{"not_picked":["Tactician+1","Deflect+1"],"picked":"Wraith Form v2","floor":14.0},{"not_picked":["Tools of the Trade","Doppelganger+1"],"picked":"Corpse Explosion+1","floor":16.0},{"not_picked":["Riddle With Holes","Blade Dance+1","Poisoned Stab"],"picked":"SKIP","floor":18.0},{"not_picked":["Blade Dance+1","Accuracy","Cloak And Dagger+1"],"picked":"SKIP","floor":21.0},{"not_picked":["Backflip+1","Prepared+1"],"picked":"Deadly Poison+1","floor":23},{"not_picked":["Deadly Poison+1","Backflip+1","Dagger Throw+1"],"picked":"SKIP","floor":25},{"not_picked":["Outmaneuver+1","PiercingWail+1","Flying Knee+1"],"picked":"SKIP","floor":28},{"not_picked":["PiercingWail+1","Blade Dance+1","Footwork"],"picked":"SKIP","floor":29},{"not_picked":["Crippling Poison+1","Bouncing Flask+1"],"picked":"Wraith Form v2","floor":31},{"not_picked":["Phantasmal Killer+1","Grand Finale"],"picked":"Bullet Time+1","floor":33},{"not_picked":["Heel Hook","Blade Dance+1"],"picked":"Blur+1","floor":35},{"not_picked":["Backflip+1","Dagger Throw"],"picked":"Catalyst+1","floor":37},{"not_picked":["Acrobatics+1","Malaise+1"],"picked":"Predator","floor":41},{"not_picked":["Concentrate+1","Backflip+1"],"picked":"Adrenaline+1","floor":45},{"not_picked":["Backflip+1","Sucker Punch","Dagger Spray"],"picked":"SKIP","floor":46},{"not_picked":["Predator","Tactician+1","Prepared+1"],"picked":"SKIP","floor":47},{"not_picked":["Bane","Acrobatics+1"],"picked":"After Image+1","floor":54}],"player_experience":314377,"relics_obtained":[{"floor":8.0,"key":"Mummified Hand"},{"floor":9.0,"key":"Tough Bandages"},{"floor":14.0,"key":"Toxic Egg 2"},{"floor":23,"key":"Centennial Puzzle"},{"floor":23,"key":"Ornamental Fan"},{"floor":25,"key":"Ancient Tea Set"},{"floor":25,"key":"Bag of Preparation"},{"floor":27,"key":"Pear"},{"floor":28,"key":"MawBank"},{"floor":28,"key":"Whetstone"},{"floor":37,"key":"Torii"},{"floor":41,"key":"Letter Opener"},{"floor":41,"key":"Art of War"},{"floor":43,"key":"Anchor"},{"floor":44,"key":"Ninja Scroll"},{"floor":45,"key":"Frozen Egg 2"},{"floor":45,"key":"Toy Ornithopter"},{"floor":54,"key":"Orichalcum"},{"floor":54,"key":"Shuriken"}],"event_choices":[{"damage_healed":0.0,"max_hp_gain":0.0,"max_hp_loss":0.0,"gold_gain":0.0,"event_name":"Scrap Ooze","player_choice":"Success","floor":4.0,"gold_loss":0.0,"damage_taken":3.0,"relics_obtained":["Pocketwatch"]},{"damage_healed":0.0,"max_hp_gain":0.0,"max_hp_loss":0.0,"gold_gain":30.0,"event_name":"Dead Adventurer","player_choice":"Searched \u00272\u0027 times","floor":7.0,"gold_loss":0.0,"damage_taken":0.0,"relics_obtained":["Akabeko"]},{"damage_healed":0.0,"max_hp_gain":0.0,"max_hp_loss":0.0,"gold_gain":0.0,"cards_transformed":["Strike_G","Strike_G"],"event_name":"Drug Dealer","player_choice":"Became Test Subject","floor":19.0,"gold_loss":0.0,"damage_taken":0.0,"cards_obtained":["Footwork","Noxious Fumes"]},{"damage_healed":23.0,"max_hp_gain":0.0,"max_hp_loss":0.0,"gold_gain":0.0,"event_name":"The Library","player_choice":"Heal","floor":20.0,"gold_loss":0.0,"damage_taken":0.0},{"damage_healed":21,"gold_gain":0,"player_choice":"Writhe","damage_taken":0,"max_hp_gain":0,"max_hp_loss":0,"event_name":"Winding Halls","floor":36,"gold_loss":0,"cards_obtained":["Writhe"]},{"damage_healed":0,"gold_gain":0,"player_choice":"Fight","damage_taken":0,"max_hp_gain":0,"max_hp_loss":0,"event_name":"Mysterious Sphere","floor":37,"gold_loss":0},{"cards_removed":["Strike_G"],"damage_healed":0,"gold_gain":0,"player_choice":"Removed Attack","damage_taken":0,"max_hp_gain":0,"max_hp_loss":0,"event_name":"Falling","floor":38,"gold_loss":0}],"is_beta":false,"boss_relics":[{"not_picked":["WristBlade","Tiny House"],"picked":"Black Star"},{"not_picked":["Pandora\u0027s Box","Astrolabe"],"picked":"SlaversCollar"}],"items_purged_floors":[22,39],"is_endless":false,"potions_floor_spawned":[3,8,13,16,23,25,29,31,33,35,41,47],"ascension_level":9}}