{"host":"jgyoyy5iuhtvyvtg","time":1608273365,"event":{"mods":["2.2 Compatiblity","BaseMod","Challenge The Spire","Colored Map","Conspire","Downfall","Hermit","Highlight Path","Infinite Spire","Lobotomy","LobotomyExtend","Minty Spire (QoL Compilation)","Quick Restart","Replay The Spire","Spikes Relics","StSLib","The Construct","The Disciple","The Jungle","Yuri Mod"],"gold_per_floor":[114,156,71,90,104,104,130,145,145,175,175,186,219,229,229,325,325,341,341,341,359,377,377,409,24,50,50,81,107,70,88,88,192,192,203,58,58,74,74,74,107,120,143,157,157,191,191,220,220,323,323,335,347,366,150,165,196,211,211,234,254,283,301,316,132,132,132,132,132,132,54,85,85],"floor_reached":57,"playtime":2955,"items_purged":[],"score":1954,"play_id":"4da211e5-1eb3-4f49-8473-d2410b99975a","local_time":"20201217223605","is_ascension_mode":true,"campfire_choices":[{"floor":6.0,"key":"REST"},{"data":"hermit:Determination","floor":11.0,"key":"SMITH"},{"floor":15.0,"key":"REST"},{"data":"hermit:EternalForm","floor":6.0,"key":"SMITH"},{"data":"hermit:WideOpen","floor":10.0,"key":"SMITH"},{"data":"hermit:HighCaliber","floor":15.0,"key":"SMITH"},{"data":"hermit:EternalForm","floor":23.0,"key":"SMITH"},{"data":"hermit:FlashPowder","floor":30,"key":"SMITH"},{"data":"hermit:FlashPowder","floor":32,"key":"SMITH"},{"floor":42,"key":"RECALL"},{"data":"hermit:Quickdraw","floor":49,"key":"SMITH"},{"floor":53,"key":"REST"}],"circlet_count":0,"master_deck":["hermit:Strike_Hermit","hermit:Strike_Hermit","hermit:Strike_Hermit","hermit:Strike_Hermit","hermit:Defend_Hermit","hermit:Defend_Hermit","hermit:Defend_Hermit","hermit:Defend_Hermit","hermit:Snapshot","hermit:Covet","hermit:Determination+1","hermit:HoleUp","hermit:Quickdraw+1","hermit:Brawl","hermit:Maintenance","hermit:EternalForm+1","hermit:WideOpen+1","hermit:Horror","hermit:Coalescence","hermit:Desperado","hermit:LowProfile","hermit:HighNoon","hermit:Desperado","hermit:EternalForm+1","Replay:SS_fish_3","hermit:Showdown","hermit:HighCaliber+1","hermit:EternalForm+1","hermit:FlashPowder+1","hermit:HighCaliber+1","hermit:FlashPowder+1","hermit:HighNoon","hermit:Determination+1","hermit:Determination","hermit:Maintenance","hermit:WideOpen+1","hermit:FullyLoaded","hermit:Maintenance","hermit:BodyArmor+1"],"relics":["hermit:Momento","Smiling Mask","infinitespire:Satchel","Snack Pack","GiantMaggot","Matryoshka","conspire:SeveredTorchhead","Heaven_r","LetterFromLob","MealTicket","DollysMirror","infinitespire:Beetle Shell","Replay:Baseball","Omamori","infinitespire:ShieldingShard","Odd Mushroom","Abe\u0027s Treasure","Anchor","BrokenLever","Pen Nib","hexamod:BolsterEngine","hermit:BartenderGlass","SpikesRelics:DaevaFist","Bronze Scales","Gremlin Horn","hermit:DentedPlate","ClockworkSouvenir","Nunchaku","Pantograph","StrikeDummy","ReplayTheSpireMod:CursedCoin","Rawhide"],"acts_visited":["Exordium","Exordium","Exordium","TheBeyond","TheEnding"],"potions_floor_usage":[29,29,31,31,33,33,40,40,40,41,41,44,45,45,46,46,47,55,55,56,56,56,56,56],"damage_taken":[{"damage":0.0,"enemies":"Small Slimes","floor":1.0,"turns":4.0},{"damage":45.0,"enemies":"conspire:MimicChest","floor":2.0,"turns":7.0},{"damage":2.0,"enemies":"2 Louse","floor":4.0,"turns":3.0},{"damage":0.0,"enemies":"Jaw Worm","floor":5.0,"turns":4.0},{"damage":0.0,"enemies":"Lagavulin","floor":7.0,"turns":7.0},{"damage":0.0,"enemies":"Exordium Thugs","floor":8.0,"turns":5.0},{"damage":19.0,"enemies":"Gremlin Nob","floor":10.0,"turns":5.0},{"damage":9.0,"enemies":"Looter","floor":12.0,"turns":3.0},{"damage":10.0,"enemies":"3 Sentries","floor":13.0,"turns":5.0},{"damage":15.0,"enemies":"Exordium Wildlife","floor":14.0,"turns":2.0},{"damage":23.0,"enemies":"Fading Forest","floor":16.0,"turns":11.0},{"damage":42.0,"enemies":"Shell Parasite","floor":18.0,"turns":3.0},{"damage":0.0,"enemies":"2 Louse","floor":1.0,"turns":2.0},{"damage":0.0,"enemies":"Small Slimes","floor":4.0,"turns":2.0},{"damage":0.0,"enemies":"Cultist","floor":5.0,"turns":3.0},{"damage":10.0,"enemies":"3 Sentries","floor":7.0,"turns":3.0},{"damage":0.0,"enemies":"Lagavulin","floor":11.0,"turns":3.0},{"damage":0.0,"enemies":"The Mushroom Lair","floor":12.0,"turns":3.0},{"damage":7.0,"enemies":"2 Fungi Beasts","floor":14.0,"turns":2.0},{"damage":0.0,"enemies":"Fading Forest","floor":16.0,"turns":9.0},{"damage":2.0,"enemies":"theJungle:MUSHROOMGANG","floor":18.0,"turns":3.0},{"damage":0.0,"enemies":"theJungle:GiantWrat","floor":21.0,"turns":2.0},{"damage":0,"enemies":"theJungle:MamaSnecko","floor":24,"turns":3},{"damage":2,"enemies":"theJungle:2_Flameangoes","floor":25,"turns":3},{"damage":6,"enemies":"theJungle:2_Snecko_Cultists","floor":27,"turns":3},{"damage":0,"enemies":"theJungle:2_Phrogs","floor":29,"turns":3},{"damage":0,"enemies":"theJungle:Cassacara","floor":31,"turns":4},{"damage":0,"enemies":"theJungle:FunGuy","floor":33,"turns":5},{"damage":0,"enemies":"3 Darklings","floor":35,"turns":3},{"damage":0,"enemies":"3 Shapes","floor":36,"turns":3},{"damage":0,"enemies":"Spire Growth","floor":37,"turns":4},{"damage":0,"enemies":"Sphere and 2 Shapes","floor":39,"turns":4},{"damage":1,"enemies":"Nemesis","floor":40,"turns":5},{"damage":0,"enemies":"3 Darklings","floor":41,"turns":4},{"damage":0,"enemies":"Jaw Worm Horde","floor":44,"turns":2},{"damage":1,"enemies":"Reptomancer","floor":45,"turns":4},{"damage":0,"enemies":"Spire Growth","floor":46,"turns":4},{"damage":0,"enemies":"Transient","floor":47,"turns":5},{"damage":25,"enemies":"Replay:Hell Engine","floor":50,"turns":5},{"damage":0,"enemies":"Shield and Spear","floor":55,"turns":3},{"damage":30,"enemies":"The Heart","floor":56,"turns":6}],"seed_played":"194376742176195548","potions_obtained":[{"floor":2.0,"key":"Energy Potion"},{"floor":4.0,"key":"DuplicationPotion"},{"floor":5.0,"key":"Weak Potion"},{"floor":10.0,"key":"ColorlessPotion"},{"floor":14.0,"key":"Explosive Potion"},{"floor":1.0,"key":"AttackPotion"},{"floor":7.0,"key":"Block Potion"},{"floor":14.0,"key":"LiquidBronze"},{"floor":21.0,"key":"Fruit Juice"},{"floor":24,"key":"Energy Potion"},{"floor":27,"key":"DuplicationPotion"},{"floor":29,"key":"Languid Potion"},{"floor":33,"key":"hermit:Tonic"}],"is_trial":false,"path_per_floor":["M","?","$","M","M","R","E","M","T","E","R","M","E","M","R","B",null,"M","M","?","?","M","M","R","E","$","T","R","E","?","$","M","R","B",null,"M","$","?","M","$","R","E","M","T","M","AVR","E","R","E","R","B",null,"M","M","M","$","M","E","M","R","T","M","E","M","M","$","R","B",null,null,"R","$","E","B",null],"character_chosen":"HERMIT","items_purchased":["hermit:Quickdraw","hermit:Brawl","DollysMirror","Replay:SS_fish_3","infinitespire:Beetle Shell","hermit:Showdown","Anchor","hermit:Determination","ClockworkSouvenir","StrikeDummy","ReplayTheSpireMod:CursedCoin","hermit:FullyLoaded","hermit:Maintenance"],"campfire_rested":3,"item_purchase_floors":[3,3,8,8,8,13,19,38,38,48,48,48,54],"current_hp_per_floor":[82,37,37,35,35,59,59,59,59,40,40,33,23,8,32,33,82,82,82,82,82,82,82,74,82,82,82,82,82,82,77,77,82,82,82,82,82,87,87,87,87,87,87,81,81,83,83,85,85,87,119,119,119,119,119,119,119,119,119,119,119,119,119,119,119,119,96,96,96,119,119,119,108],"gold":85,"neow_bonus":"TEN_PERCENT_HP_BONUS","is_daily":false,"chose_seed":false,"campfire_upgraded":8,"win_rate":0.0,"timestamp":1608273365,"path_taken":["M","?","$","M","M","R","E","M","T","E","R","M","E","M","R","BOSS","M","M","?","?","?","M","R","E","$","T","R","E","?","$","M","R","BOSS","M","$","?","M","$","R","E","M","T","M","AVR","E","R","E","R","BOSS","M","?","M","?","M","E","M","R","T","M","E","?","M","$","R","BOSS","R","$","E","BOSS"],"items_purchased_type":["Card","Card","Relic","Card","Relic","Card","Relic","Card","Relic","Relic","Relic","Card","Card"],"build_version":"2020-12-13","purchased_purges":0,"victory":true,"max_hp_per_floor":[82,82,82,82,82,82,82,82,82,82,82,82,82,82,82,82,82,82,82,82,82,82,82,82,82,82,82,82,82,82,82,82,82,82,82,82,82,87,87,87,87,87,87,87,87,87,87,87,87,87,119,119,119,119,119,119,119,119,119,119,119,119,119,119,119,119,119,119,119,119,119,119,124],"card_choices":[{"not_picked":["hermit:Malice","hermit:TrackingShot"],"picked":"hermit:Determination","floor":1.0},{"not_picked":["hermit:Roulette","hermit:Shortfuse"],"picked":"hermit:HoleUp","floor":2.0},{"not_picked":["hermit:SprayPray","hermit:Horror"],"picked":"hermit:Maintenance","floor":4.0},{"not_picked":["hermit:CalledShot","hermit:Manifest"],"picked":"hermit:EternalForm","floor":5.0},{"not_picked":["hermit:Coalescence","hermit:BodyArmor"],"picked":"hermit:WideOpen","floor":7.0},{"not_picked":["hermit:WideOpen","hermit:LoneWolf"],"picked":"hermit:Horror","floor":8.0},{"not_picked":["hermit:NoHoldsBarred","hermit:Manifest"],"picked":"hermit:Coalescence","floor":10.0},{"not_picked":["hermit:EyeOfTheStorm","hermit:Deadeye"],"picked":"hermit:Desperado","floor":12.0},{"not_picked":["hermit:DeadMansHand","hermit:Roulette","hermit:Purgatory"],"picked":"SKIP","floor":13.0},{"not_picked":["hermit:Coalescence","hermit:Desperado"],"picked":"hermit:LowProfile","floor":14.0},{"not_picked":["hermit:RoundhouseKick","hermit:Gambit"],"picked":"hermit:HighNoon","floor":16.0},{"not_picked":["hermit:GoldenBullet","hermit:LowProfile"],"picked":"hermit:Desperado","floor":1.0},{"not_picked":["hermit:Misfire","hermit:Desperado","hermit:Cheat"],"picked":"SKIP","floor":4.0},{"not_picked":["hermit:LoneWolf","hermit:Horror","hermit:Quickdraw"],"picked":"SKIP","floor":5.0},{"not_picked":["hermit:Spite","hermit:BigShot","hermit:Ricochet"],"picked":"SKIP","floor":7.0},{"not_picked":["hermit:TakeCover","hermit:Cheat","hermit:CursedWeapon"],"picked":"SKIP","floor":11.0},{"not_picked":["hermit:SprayPray","hermit:Cheat"],"picked":"hermit:HighCaliber","floor":14.0},{"not_picked":["hermit:FromBeyond","hermit:OverwhelmingPower"],"picked":"hermit:EternalForm","floor":16.0},{"not_picked":["hermit:Glare","hermit:GoldenBullet","hermit:WideOpen"],"picked":"SKIP","floor":18.0},{"not_picked":["hermit:Manifest","hermit:Midnight+1","hermit:Roulette"],"picked":"SKIP","floor":21.0},{"not_picked":["hermit:Roulette","hermit:Enervate","hermit:Roughhouse"],"picked":"SKIP","floor":24},{"not_picked":["hermit:DeadMansHand","hermit:Ricochet"],"picked":"hermit:FlashPowder","floor":25},{"not_picked":["hermit:LowProfile","hermit:CursedWeapon"],"picked":"hermit:HighCaliber+1","floor":27},{"not_picked":["hermit:Headshot+1","hermit:TrackingShot"],"picked":"hermit:FlashPowder","floor":29},{"not_picked":["hermit:Feint","hermit:Virtue","hermit:Desperado+1"],"picked":"SKIP","floor":31},{"not_picked":["hermit:Magnum","hermit:DeadOrAlive"],"picked":"hermit:HighNoon","floor":33},{"not_picked":["hermit:Midnight+1","hermit:BigShot"],"picked":"hermit:Determination+1","floor":35},{"not_picked":["hermit:Desperado","hermit:ItchyTrigger","hermit:Vantage"],"picked":"SKIP","floor":36},{"not_picked":["hermit:Glare","hermit:Vantage","hermit:HighCaliber"],"picked":"SKIP","floor":37},{"not_picked":["hermit:TrackingShot","hermit:Brawl"],"picked":"hermit:Maintenance","floor":39},{"not_picked":["hermit:Snipe","hermit:GoldenBullet"],"picked":"hermit:WideOpen+1","floor":40},{"not_picked":["hermit:LowProfile","hermit:Gambit","hermit:Misfire"],"picked":"SKIP","floor":41},{"not_picked":["hermit:Ricochet+1","hermit:SprayPray+1","hermit:Manifest"],"picked":"SKIP","floor":44},{"not_picked":["hermit:GoldenBullet+1","hermit:WideOpen","hermit:BigShot"],"picked":"SKIP","floor":45},{"not_picked":["hermit:TakeAim+1","hermit:WideOpen","hermit:Ricochet+1"],"picked":"SKIP","floor":46},{"not_picked":["hermit:SprayPray","hermit:Manifest+1","hermit:TrackingShot+1"],"picked":"SKIP","floor":47},{"not_picked":["hermit:GoldenBullet","hermit:Vantage+1"],"picked":"hermit:BodyArmor+1","floor":55}],"player_experience":3156667,"relics_obtained":[{"floor":1.0,"key":"LetterFromLob"},{"floor":2.0,"key":"Smiling Mask"},{"floor":7.0,"key":"infinitespire:Satchel"},{"floor":9.0,"key":"Snack Pack"},{"floor":10.0,"key":"GiantMaggot"},{"floor":13.0,"key":"Matryoshka"},{"floor":1.0,"key":"LetterFromLob"},{"floor":7.0,"key":"MealTicket"},{"floor":9.0,"key":"Replay:Baseball"},{"floor":9.0,"key":"Omamori"},{"floor":11.0,"key":"infinitespire:ShieldingShard"},{"floor":12.0,"key":"Odd Mushroom"},{"floor":24,"key":"BrokenLever"},{"floor":26,"key":"Pen Nib"},{"floor":26,"key":"hexamod:BolsterEngine"},{"floor":29,"key":"Bronze Scales"},{"floor":31,"key":"Gremlin Horn"},{"floor":40,"key":"Nunchaku"},{"floor":45,"key":"Pantograph"},{"floor":55,"key":"Rawhide"}],"event_choices":[{"damage_healed":0.0,"max_hp_gain":0.0,"max_hp_loss":0.0,"gold_gain":0.0,"event_name":"Shining Light","player_choice":"Ignored","floor":2.0,"gold_loss":0.0,"damage_taken":0.0},{"damage_healed":0.0,"max_hp_gain":0.0,"max_hp_loss":0.0,"gold_gain":0.0,"event_name":"The Cleric","player_choice":"Leave","floor":3.0,"gold_loss":0.0,"damage_taken":0.0},{"damage_healed":0.0,"max_hp_gain":0.0,"max_hp_loss":0.0,"gold_gain":0.0,"event_name":"Mushrooms","player_choice":"Fought Mushrooms","floor":12.0,"gold_loss":0.0,"damage_taken":0.0},{"damage_healed":0.0,"max_hp_gain":0.0,"max_hp_loss":0.0,"gold_gain":0.0,"event_name":"Wheel of Change","player_choice":"Full Heal","floor":20.0,"gold_loss":0.0,"damage_taken":0.0}],"is_beta":false,"boss_relics":[{"not_picked":["Velvet Choker","Ectoplasm"],"picked":"conspire:SeveredTorchhead"},{"not_picked":["Replay:Grab Bag","ReplayTheSpireMod:SealedPack"],"picked":"Abe\u0027s Treasure"},{"not_picked":["Tiny House","Runic Pyramid"],"picked":"hermit:DentedPlate"}],"items_purged_floors":[],"is_endless":false,"potions_floor_spawned":[2,4,5,10,14,1,7,14,21,24,27,29,33,37,44,46],"ascension_level":4}}