{"host":"yxj2o0a3fwpf3ar7","time":1608322783,"event":{"mods":["BaseMod","Colored Powertips","Minty Spire (QoL Compilation)","StSLib","Waifu the Spire"],"gold_per_floor":[109,109,109,284,299,299,339,354,378,378,378,378],"floor_reached":11,"playtime":148,"items_purged":[],"score":110,"play_id":"2bde4cae-8987-4fd4-8819-8a5a3d046cc2","local_time":"20201218211943","is_ascension_mode":true,"campfire_choices":[{"data":"Eruption","floor":6,"key":"SMITH"},{"data":"Adaptation","floor":10,"key":"SMITH"}],"circlet_count":0,"master_deck":["Strike_P","Strike_P","Strike_P+1","Strike_P+1","Defend_P","Defend_P","Defend_P","Defend_P","Eruption+1","Vigilance","Crescendo","Injury","Regret","Doubt","Prostrate","InnerPeace","Adaptation+1"],"relics":["PureWater","NeowsBlessing","Golden Idol","Bag of Preparation","Du-Vu Doll","Whetstone"],"acts_visited":["Exordium"],"potions_floor_usage":[],"damage_taken":[{"damage":0,"enemies":"Jaw Worm","floor":1,"turns":1},{"damage":0,"enemies":"Small Slimes","floor":5,"turns":1},{"damage":0,"enemies":"Gremlin Nob","floor":7,"turns":1},{"damage":4,"enemies":"Cultist","floor":8,"turns":2},{"damage":15,"enemies":"3 Sentries","floor":11,"turns":3}],"seed_played":"2872483071982245647","potions_obtained":[{"floor":5,"key":"DuplicationPotion"},{"floor":8,"key":"EntropicBrew"}],"is_trial":false,"path_per_floor":["M","?","?","?","M","R","E","M","T","R","E"],"character_chosen":"WATCHER","items_purchased":[],"campfire_rested":0,"item_purchase_floors":[],"current_hp_per_floor":[72,72,72,72,72,72,72,68,68,68,53,53],"gold":378,"neow_bonus":"THREE_ENEMY_KILL","is_daily":false,"chose_seed":false,"campfire_upgraded":2,"win_rate":0.0,"timestamp":1608322783,"path_taken":["M","?","?","?","M","R","E","M","T","R","E"],"items_purchased_type":[],"build_version":"2020-12-13","purchased_purges":0,"victory":false,"max_hp_per_floor":[72,72,72,72,72,72,72,72,72,72,72,72],"card_choices":[{"not_picked":["ThirdEye","Protect"],"picked":"Crescendo","floor":1},{"not_picked":["FlyingSleeves","FlurryOfBlows"],"picked":"Prostrate","floor":5},{"not_picked":["SignatureMove","Study"],"picked":"InnerPeace","floor":7},{"not_picked":["ClearTheMind","TalkToTheHand"],"picked":"Adaptation","floor":8}],"player_experience":260070,"relics_obtained":[{"floor":7,"key":"Du-Vu Doll"},{"floor":9,"key":"Whetstone"}],"event_choices":[{"damage_healed":0,"gold_gain":0,"player_choice":"Take Wound","damage_taken":0,"relics_obtained":["Golden Idol"],"max_hp_gain":0,"max_hp_loss":0,"event_name":"Golden Idol","floor":2,"gold_loss":0,"cards_obtained":["Injury"]},{"damage_healed":0,"gold_gain":0,"player_choice":"Box","damage_taken":0,"relics_obtained":["Bag of Preparation"],"max_hp_gain":0,"max_hp_loss":0,"event_name":"Big Fish","floor":3,"gold_loss":0,"cards_obtained":["Regret"]},{"damage_healed":0,"gold_gain":175,"player_choice":"AGREE","damage_taken":0,"max_hp_gain":0,"max_hp_loss":0,"event_name":"Liars Game","floor":4,"gold_loss":0,"cards_obtained":["Doubt"]}],"is_beta":false,"boss_relics":[],"items_purged_floors":[],"is_endless":false,"potions_floor_spawned":[5,8],"killed_by":"3 Sentries","ascension_level":3}}