{"host":"m9i7qe3hvz6jihjh","time":1608309872,"event":{"mods":["BaseMod","Colored Powertips","Infinite Spire","Minty Spire (QoL Compilation)","Quick Restart","StSLib","The Animator","Waifu the Spire"],"gold_per_floor":[119,23,98,98,98,98,108,108,131,149,2,33,33,33,33,131,131,150,150,165,115,40,67,67,67,118,0,20,20,37,37,37,37,37],"floor_reached":33,"playtime":607,"items_purged":[],"score":259,"play_id":"018d7599-5735-4009-aa19-a9e03bf7333b","local_time":"20201218174432","is_ascension_mode":false,"campfire_choices":[{"data":"Eruption","floor":6,"key":"SMITH"},{"data":"TalkToTheHand","floor":13,"key":"SMITH"},{"data":"Protect","floor":15,"key":"SMITH"},{"data":"Wish","floor":24,"key":"SMITH"},{"data":"Vigilance","floor":29,"key":"SMITH"},{"data":"FollowUp","floor":32,"key":"SMITH"}],"circlet_count":0,"master_deck":["Strike_P","Strike_P","Strike_P","Defend_P","Defend_P","Defend_P","Defend_P","Eruption+1","Vigilance+1","ReachHeaven+1","FollowUp+1","Consecrate+1","TalkToTheHand+1","Protect+1","Wish+1","CurseOfTheBell","FollowUp","Evaluate+1"],"relics":["Coffee Dripper","infinitespire:Lucky Rock","Akabeko","Membership Card","Shuriken","Empty Cage","Calling Bell","Potion Belt","Mercury Hourglass","CaptainsWheel","Letter Opener","Pen Nib"],"acts_visited":["Exordium","TheCity"],"potions_floor_usage":[12,12,12,20,23,23,23,30],"damage_taken":[{"damage":0,"enemies":"Small Slimes","floor":1,"turns":4},{"damage":1,"enemies":"Jaw Worm","floor":7,"turns":2},{"damage":0,"enemies":"2 Louse","floor":10,"turns":1},{"damage":33,"enemies":"Lagavulin","floor":12,"turns":3},{"damage":18,"enemies":"Hexaghost","floor":16,"turns":8},{"damage":0,"enemies":"Chosen","floor":18,"turns":4},{"damage":11,"enemies":"2 Thieves","floor":20,"turns":4},{"damage":24,"enemies":"Gremlin Leader","floor":23,"turns":5},{"damage":18,"enemies":"Sentry and Sphere","floor":28,"turns":3},{"damage":3,"enemies":"Snake Plant","floor":30,"turns":3},{"damage":26,"enemies":"Champ","floor":33,"turns":2}],"seed_played":"2896878765705072540","potions_obtained":[{"floor":1,"key":"AttackPotion"},{"floor":10,"key":"SkillPotion"},{"floor":16,"key":"Weak Potion"},{"floor":20,"key":"Swift Potion"}],"is_trial":false,"path_per_floor":["M","$","?","?","?","R","M","?","T","M","$","E","R","?","R","B",null,"M","AVR","M","?","$","E","R","?","T","?","M","R","M","?","R","B"],"character_chosen":"WATCHER","items_purchased":["FollowUp","ColorlessPotion","Membership Card","ColorlessPotion","Energy Potion","SpeedPotion"],"campfire_rested":0,"item_purchase_floors":[2,2,11,22,22,22],"current_hp_per_floor":[72,72,61,61,58,58,57,57,57,57,57,24,24,42,42,24,69,69,69,58,58,58,34,34,34,34,34,16,16,13,13,13,0,0],"gold":37,"neow_bonus":"BOSS_RELIC","is_daily":false,"chose_seed":false,"campfire_upgraded":6,"win_rate":0.0,"timestamp":1608309872,"path_taken":["M","$","?","?","?","R","M","?","T","?","$","E","R","?","R","BOSS","M","AVR","M","?","?","E","R","?","T","?","?","R","M","?","R","BOSS"],"items_purchased_type":["Card","Potion","Relic","Potion","Potion","Potion"],"build_version":"2020-12-13","purchased_purges":0,"victory":false,"max_hp_per_floor":[72,72,72,72,72,72,72,72,72,72,72,72,72,72,72,72,69,69,69,69,69,69,69,69,69,69,69,69,69,69,69,69,69,69],"card_choices":[{"not_picked":["Meditate","Crescendo"],"picked":"ReachHeaven","floor":1},{"not_picked":["Swivel","FlurryOfBlows"],"picked":"Consecrate","floor":7},{"not_picked":["FearNoEvil","ThirdEye"],"picked":"TalkToTheHand","floor":10},{"not_picked":["Evaluate","Prostrate"],"picked":"Protect","floor":12},{"not_picked":["DeusExMachina","Scrawl"],"picked":"Wish","floor":16},{"not_picked":["SashWhip","Fasting2","JustLucky"],"picked":"SKIP","floor":18},{"not_picked":["Vengeance+1","ThirdEye","Wallop"],"picked":"SKIP","floor":20},{"not_picked":["Fasting2","CutThroughFate+1"],"picked":"FollowUp","floor":23},{"not_picked":["WreathOfFlame","BowlingBash","ClearTheMind"],"picked":"SKIP","floor":28},{"not_picked":["CrushJoints","Halt"],"picked":"Evaluate+1","floor":30}],"player_experience":871037,"relics_obtained":[{"floor":9,"key":"Akabeko"},{"floor":12,"key":"Shuriken"},{"floor":19,"key":"Potion Belt"},{"floor":19,"key":"Mercury Hourglass"},{"floor":19,"key":"CaptainsWheel"},{"floor":23,"key":"Letter Opener"},{"floor":26,"key":"Pen Nib"}],"event_choices":[{"damage_healed":0,"gold_gain":75,"player_choice":"Gather Gold","damage_taken":11,"max_hp_gain":0,"max_hp_loss":0,"event_name":"World of Goop","floor":3,"gold_loss":0},{"damage_healed":0,"gold_gain":0,"player_choice":"Success","damage_taken":3,"relics_obtained":["infinitespire:Lucky Rock"],"max_hp_gain":0,"max_hp_loss":0,"event_name":"Scrap Ooze","floor":5,"gold_loss":0},{"damage_healed":0,"gold_gain":0,"player_choice":"Upgraded","damage_taken":0,"max_hp_gain":0,"max_hp_loss":0,"event_name":"Upgrade Shrine","floor":8,"gold_loss":0,"cards_upgraded":["Consecrate"]},{"damage_healed":18,"gold_gain":0,"player_choice":"Healed and dodged fight","damage_taken":0,"max_hp_gain":0,"max_hp_loss":0,"event_name":"Mushrooms","floor":14,"gold_loss":0,"cards_obtained":["Parasite"]},{"damage_healed":0,"gold_gain":0,"player_choice":"Bet on Murderer","damage_taken":0,"max_hp_gain":0,"max_hp_loss":0,"event_name":"The Joust","floor":21,"gold_loss":50},{"damage_healed":0,"gold_gain":0,"player_choice":"Ignored","damage_taken":0,"max_hp_gain":0,"max_hp_loss":0,"event_name":"Ghosts","floor":25,"gold_loss":0},{"damage_healed":0,"gold_gain":0,"player_choice":"Paid Fearfully","damage_taken":0,"max_hp_gain":0,"max_hp_loss":0,"event_name":"Masked Bandits","floor":27,"gold_loss":118}],"is_beta":false,"boss_relics":[{"not_picked":["VioletLotus","Snecko Eye"],"picked":"Empty Cage"}],"items_purged_floors":[],"is_endless":false,"potions_floor_spawned":[1,10,16,20],"killed_by":"Champ","ascension_level":0}}