{"host":"5u4m3sklrpw6xc20","time":1608255951,"event":{"mods":["2.2 Compatiblity","BaseMod","Better Third Choice","CapriCore","Colored Map","Downfall","Hubris","Infinite Spire","Minty Spire (QoL Compilation)","Permanent Neow","Replay The Spire","Spicy Shops","StSLib","SuperFastMode"],"gold_per_floor":[12,31,31,48,66,97,97,97,97,130,149,175,175,194,194,297,297,308,323,45,64,64,99,99,130,157,174,174,74,100,118,118,220,100319,100337,200336,200336],"floor_reached":36,"playtime":950,"items_purged":["Strike_G","Strike_G"],"score":584,"play_id":"09692ada-ab76-4141-9d4c-b1f81ddebb99","local_time":"20201217194551","is_ascension_mode":false,"campfire_choices":[{"data":"Poison Darts","floor":8,"key":"SMITH"},{"data":"infinitespire:Neurotoxin","floor":13,"key":"SMITH"},{"data":"Dodge and Roll","floor":15,"key":"SMITH"},{"data":"Footwork","floor":24,"key":"SMITH"},{"data":"Strike_G","floor":32,"key":"PURGE"}],"circlet_count":0,"master_deck":["Strike_G","Defend_G","Defend_G","Defend_G","Defend_G","Defend_G","Survivor","Neutralize+1","Poison Darts+1","Toxin Wave","Poisoned Stab","Dodge and Roll+1","infinitespire:Neurotoxin+1","Poisoned Stab","Footwork+1","Footwork"],"relics":["Ring of the Snake","Sundial","Odd Mushroom","hubris:TerracottaHorce","Bag of Preparation","hubris:Towel","Bottled Lightning","Turnip","Snake Skull","Vajra","Replay:Wanted Poster"],"acts_visited":["Exordium","TheCity","TheBeyond"],"potions_floor_usage":[25,25],"damage_taken":[{"damage":0,"enemies":"2 Louse","floor":1,"turns":2},{"damage":0,"enemies":"Cultist","floor":2,"turns":2},{"damage":15,"enemies":"Small Slimes","floor":4,"turns":2},{"damage":10,"enemies":"Looter","floor":5,"turns":3},{"damage":0,"enemies":"3 Sentries","floor":6,"turns":1},{"damage":4,"enemies":"Gremlin Nob","floor":10,"turns":3},{"damage":9,"enemies":"2 Fungi Beasts","floor":11,"turns":4},{"damage":0,"enemies":"The Mushroom Lair","floor":12,"turns":1},{"damage":14,"enemies":"Exordium Thugs","floor":14,"turns":4},{"damage":8,"enemies":"Hexaghost","floor":16,"turns":8},{"damage":7,"enemies":"3 Byrds","floor":18,"turns":4},{"damage":2,"enemies":"Chosen","floor":19,"turns":4},{"damage":26,"enemies":"Centurion and Healer","floor":21,"turns":5},{"damage":0,"enemies":"Slavers","floor":23,"turns":1},{"damage":3,"enemies":"Book of Stabbing","floor":25,"turns":5},{"damage":5,"enemies":"Shelled Parasite and Fungi","floor":27,"turns":4},{"damage":2,"enemies":"Nightmare","floor":30,"turns":5},{"damage":0,"enemies":"3 Cultists","floor":31,"turns":1},{"damage":22,"enemies":"Collector","floor":33,"turns":7},{"damage":10,"enemies":"Orb Walker","floor":35,"turns":2},{"damage":33,"enemies":"infinitespire:Three Voidlings","floor":36,"turns":4},{"damage":28,"enemies":"Nightmare_Alpha","floor":36,"turns":1}],"seed_played":"4421430934383801954","potions_obtained":[{"floor":2,"key":"Block Potion"},{"floor":6,"key":"SpeedPotion"},{"floor":10,"key":"Poison Potion"},{"floor":27,"key":"SteroidPotion"},{"floor":33,"key":"hexamod:EctoCoolerPotion"}],"is_trial":false,"path_per_floor":["M","M","?","M","M","E","?","R","T","E","M","?","R","M","R","B",null,"M","M","$","M","?","E","R","E","T","M","?","$","NM","M","R_BF","B",null,"M","?"],"character_chosen":"THE_SILENT","items_purchased":["Footwork","Bag of Preparation"],"campfire_rested":0,"item_purchase_floors":[20,20],"current_hp_per_floor":[70,70,70,55,45,45,45,45,45,41,32,32,32,18,18,10,55,48,46,46,67,67,67,67,64,64,59,59,59,57,57,57,35,61,51,0,0],"gold":200336,"neow_bonus":"THREE_RARE_CARDS","is_daily":false,"chose_seed":false,"campfire_upgraded":4,"win_rate":0.0,"timestamp":1608255951,"path_taken":["M","M","?","?","M","E","?","R","T","E","M","?","R","M","R","BOSS","M","M","$","M","?","E","R","E","T","M","?","$","NM","M","R_BF","BOSS","M","?"],"items_purchased_type":["Card","Relic"],"build_version":"2020-12-13","purchased_purges":2,"victory":false,"max_hp_per_floor":[70,70,70,70,70,70,70,70,70,70,70,70,70,70,70,70,70,70,70,70,70,70,70,70,70,70,70,70,70,70,70,70,70,70,70,70,70],"card_choices":[{"not_picked":["Die Die Die","Night Terror"],"picked":"Poison Darts","floor":0},{"not_picked":["Endless Agony","Dash"],"picked":"Toxin Wave","floor":1},{"not_picked":["Backflip","Deflect","Acrobatics"],"picked":"SKIP","floor":2},{"not_picked":["Bane","All Out Attack","Flying Knee"],"picked":"SKIP","floor":4},{"not_picked":["Heel Hook","Deflect"],"picked":"Poisoned Stab","floor":5},{"not_picked":["Prepared","PiercingWail"],"picked":"Dodge and Roll","floor":6},{"not_picked":["Doppelganger","Calculated Gamble"],"picked":"infinitespire:Neurotoxin","floor":10},{"not_picked":["Concentrate","hubris:SlightOfHand"],"picked":"Poisoned Stab","floor":11},{"not_picked":["Hidden Blade","hubris:SlightOfHand","Glass Knife"],"picked":"SKIP","floor":14},{"not_picked":["Sneak Up","Caltrops","Underhanded Strike"],"picked":"SKIP","floor":18},{"not_picked":["Infinite Blades","Flying Knee","Dash"],"picked":"SKIP","floor":19},{"not_picked":["Backflip","Flying Knee","Deadly Poison+1"],"picked":"SKIP","floor":21},{"not_picked":["Poisoned Stab+1","Accuracy+1","Draining Mist"],"picked":"SKIP","floor":23},{"not_picked":["ReplayTheSpireMod:Speed Training","Blade Dance","Calculated Gamble"],"picked":"SKIP","floor":25},{"not_picked":["Flying Knee+1","Outmaneuver","Hidden Blade+1"],"picked":"SKIP","floor":27},{"not_picked":["ReplayTheSpireMod:Speed Training","Slice+1","Quick Slash"],"picked":"SKIP","floor":30},{"not_picked":["Backstab","Hidden Blade","Bane"],"picked":"SKIP","floor":31},{"not_picked":["Slice+1","Accuracy","Deflect"],"picked":"SKIP","floor":35}],"player_experience":223844,"relics_obtained":[{"floor":10,"key":"Sundial"},{"floor":12,"key":"Odd Mushroom"},{"floor":23,"key":"Bottled Lightning"},{"floor":25,"key":"Turnip"},{"floor":26,"key":"Snake Skull"},{"floor":30,"key":"Vajra"}],"event_choices":[{"damage_healed":0,"gold_gain":0,"player_choice":"Ignored","damage_taken":0,"max_hp_gain":0,"max_hp_loss":0,"event_name":"NoteForYourself","floor":3,"gold_loss":0},{"damage_healed":0,"gold_gain":0,"player_choice":"Fought Mushrooms","damage_taken":0,"max_hp_gain":0,"max_hp_loss":0,"event_name":"Mushrooms","floor":12,"gold_loss":0},{"cards_removed":["Strike_G"],"damage_healed":0,"gold_gain":0,"player_choice":"Offered Basic","damage_taken":0,"max_hp_gain":0,"max_hp_loss":0,"event_name":"Bonfire Elementals","floor":28,"gold_loss":0}],"is_beta":false,"boss_relics":[{"not_picked":["SacredBark","Fusion Hammer"],"picked":"hubris:TerracottaHorce"},{"not_picked":["Astrolabe","Coffee Dripper"],"picked":"Replay:Wanted Poster"}],"items_purged_floors":[20,29],"is_endless":false,"potions_floor_spawned":[2,6,10,12,16,21,23,27,33,35],"killed_by":"Nightmare_Alpha","ascension_level":0}}