{"host":"pbf6u3tyx46snqc7","time":1608271248,"event":{"mods":["AchievementEnabler","BaseMod","Colored Map","Marisa£¨Ùöéë¡¡Øª×âÞÞ£©","Minty Spire (QoL Compilation)","Rare Cards Sparkle","SuperFastMode"],"gold_per_floor":[116,143,177,132,157,157,212,63,63,63,63,63,79,99,99,219,219,234,234,278,278,296,340,340,373,373,373,399,412,438,2,2,412,412,422,422,422,457,457,457,11,11,11,61,75,85,85,45,45,45],"floor_reached":51,"playtime":3749,"items_purged":["Regret"],"score":842,"play_id":"9ba33232-a106-44aa-95bd-91c274d652d4","local_time":"20201218150048","is_ascension_mode":false,"campfire_choices":[{"data":"StarlightTyphoon","floor":6,"key":"SMITH"},{"data":"StarDustReverie","floor":11,"key":"SMITH"},{"data":"MachineGunSpark","floor":15,"key":"SMITH"},{"data":"JA","floor":24,"key":"SMITH"},{"floor":27,"key":"REST"},{"data":"TreasureHunter","floor":32,"key":"SMITH"},{"floor":40,"key":"DIG"},{"floor":42,"key":"DIG"},{"floor":47,"key":"DIG"},{"floor":49,"key":"DIG"}],"circlet_count":0,"master_deck":["Strike_MRS","Strike_MRS+1","Strike_MRS","Strike_MRS","Defend_MRS+1","Defend_MRS","Defend_MRS","Defend_MRS","MasterSpark+1","UpSweep","Master of Strategy","WitchOfGreed","PowerUp","DoubleSpark","StarlightTyphoon+1","AsteroidBelt+1","StarDustReverie+1","EnergyFlow","MachineGunSpark+1","JA+1","OrrerysSun","RefractionSpark+1","RefractionSpark","Singularity","TreasureHunter+1","PowerUp+1","BinaryStars","CurseOfTheBell","EarthLightRay+1","AlicesGift","Parasite","Parasite","PropBag","MagicAbsorber+1","GalacticHalo+1"],"relics":["MiniHakkero","Tiny Chest","Anchor","Philosopher\u0027s Stone","HandmadeGrimoire","Meat on the Bone","Bottled Flame","Sundial","Whetstone","Gremlin Horn","Nunchaku","Lee\u0027s Waffle","Old Coin","Calling Bell","Shovel","Darkstone Periapt","Pen Nib","HornCleat","Ornamental Fan","ShroomBag","Bottled Lightning","Bag of Preparation","Kunai","Blood Vial","Question Card","Bag of Marbles","Boot"],"acts_visited":["Exordium","TheCity","TheBeyond"],"potions_floor_usage":[5,7,20,20,23,23,30,44,50,50],"damage_taken":[{"damage":4,"enemies":"Cultist","floor":1,"turns":3},{"damage":11,"enemies":"Small Slimes","floor":2,"turns":3},{"damage":0,"enemies":"2 Louse","floor":3,"turns":3},{"damage":5,"enemies":"Looter","floor":5,"turns":4},{"damage":29,"enemies":"3 Sentries","floor":7,"turns":8},{"damage":0,"enemies":"2 Fungi Beasts","floor":13,"turns":2},{"damage":3,"enemies":"Red Slaver","floor":14,"turns":2},{"damage":2,"enemies":"Slime Boss","floor":16,"turns":7},{"damage":0,"enemies":"Chosen","floor":18,"turns":3},{"damage":3,"enemies":"Spheric Guardian","floor":20,"turns":3},{"damage":11,"enemies":"Centurion and Healer","floor":22,"turns":4},{"damage":35,"enemies":"Gremlin Leader","floor":23,"turns":6},{"damage":23,"enemies":"Snecko","floor":25,"turns":5},{"damage":0,"enemies":"Cultist and Chosen","floor":28,"turns":4},{"damage":0,"enemies":"Centurion and Healer","floor":29,"turns":1},{"damage":21,"enemies":"Book of Stabbing","floor":30,"turns":3},{"damage":79,"enemies":"Automaton","floor":33,"turns":10},{"damage":3,"enemies":"Orb Walker","floor":35,"turns":2},{"damage":6,"enemies":"3 Shapes","floor":38,"turns":4},{"damage":0,"enemies":"Giant Head","floor":44,"turns":5},{"damage":0,"enemies":"Spire Growth","floor":45,"turns":1},{"damage":0,"enemies":"4 Shapes","floor":46,"turns":1},{"damage":20,"enemies":"Awakened One","floor":50,"turns":7}],"seed_played":"5508491744637898768","potions_obtained":[{"floor":2,"key":"DistilledChaos"},{"floor":2,"key":"GamblersBrew"},{"floor":3,"key":"SteroidPotion"},{"floor":5,"key":"EssenceOfSteel"},{"floor":13,"key":"AttackPotion"},{"floor":16,"key":"DistilledChaos"},{"floor":20,"key":"Energy Potion"},{"floor":20,"key":"Swift Potion"},{"floor":25,"key":"FearPotion"},{"floor":33,"key":"AttackPotion"},{"floor":33,"key":"Swift Potion"},{"floor":44,"key":"AttackPotion"}],"is_trial":false,"path_per_floor":["M","M","M","$","M","R","E","$","T","?","R","?","M","M","R","B",null,"M","T","M","?","M","E","R","M","T","R","M","M","E","$","R","B",null,"M","T","?","M","T","R","$","R","T","E","M","M","R","?","R","B",null],"character_chosen":"MARISA","items_purchased":["DoubleSpark","StarDustReverie","Nunchaku","BinaryStars","Lee\u0027s Waffle","Bottled Lightning","Bag of Preparation","PropBag"],"campfire_rested":1,"item_purchase_floors":[4,8,31,31,31,41,41,41],"current_hp_per_floor":[71,60,60,60,55,55,26,26,26,51,51,51,51,48,48,46,75,75,75,72,72,61,38,38,27,27,49,49,49,40,82,82,15,82,79,79,79,73,73,85,85,85,85,94,94,94,94,94,94,80],"gold":45,"neow_bonus":"RANDOM_COLORLESS_2","is_daily":false,"chose_seed":false,"campfire_upgraded":5,"win_rate":0.0,"timestamp":1608271248,"path_taken":["M","M","M","$","?","R","E","?","T","?","R","?","M","M","R","BOSS","M","?","M","?","M","E","R","M","T","R","M","M","E","$","R","BOSS","M","?","?","M","?","R","$","R","T","E","?","M","R","?","R","BOSS"],"items_purchased_type":["Card","Card","Relic","Card","Relic","Relic","Relic","Card"],"build_version":"2020-12-13","purchased_purges":1,"victory":true,"max_hp_per_floor":[75,75,75,75,75,75,75,75,75,75,75,75,75,75,75,75,75,75,75,75,75,75,75,75,75,75,75,75,75,75,82,82,82,82,82,82,82,82,82,94,94,94,94,94,94,94,94,94,94,94],"card_choices":[{"not_picked":["Mayhem","Secret Technique"],"picked":"Master of Strategy","floor":0},{"not_picked":["PowerUp","OpenUniverse"],"picked":"WitchOfGreed","floor":1},{"not_picked":["MilkyWay","GrandCross"],"picked":"PowerUp","floor":2},{"not_picked":["OneTimeOff","AsteroidBelt"],"picked":"WitchOfGreed","floor":3},{"not_picked":["PulseMagic","DC"],"picked":"StarlightTyphoon","floor":5},{"not_picked":["WitchLeyline","MysteriousBeam"],"picked":"AsteroidBelt","floor":7},{"not_picked":["GalacticHalo","PowerUp"],"picked":"EnergyFlow","floor":13},{"not_picked":["GravityBeat","StarlightTyphoon"],"picked":"MachineGunSpark","floor":14},{"not_picked":["CollectingQuirk","SuperNova"],"picked":"JA","floor":16},{"not_picked":["GalacticHalo","MysteriousBeam","GravityBeat"],"picked":"SKIP","floor":18},{"not_picked":["GravityBeat","DC"],"picked":"OrrerysSun","floor":20},{"not_picked":["LuminesStrike","DeepEcoloBomb"],"picked":"RefractionSpark","floor":22},{"not_picked":["StarBarrage","WitchOfGreed"],"picked":"RefractionSpark","floor":23},{"not_picked":["PropBag","StarlightTyphoon+1"],"picked":"Singularity","floor":25},{"not_picked":["PulseMagic","EnergyRecoil","GravityBeat"],"picked":"SKIP","floor":28},{"not_picked":["ShootingEcho","WitchLeyline"],"picked":"TreasureHunter","floor":29},{"not_picked":["IllusionStar","MilkyWay"],"picked":"PowerUp+1","floor":30},{"not_picked":["NonDirectionalLaser","StarlightTyphoon+1"],"picked":"EarthLightRay+1","floor":35},{"not_picked":["SporeBomb","EnergyRecoil"],"picked":"AlicesGift","floor":38},{"not_picked":["WitchOfGreed+1","6A"],"picked":"MagicAbsorber+1","floor":44},{"not_picked":["FairyDestructionRay","OpenUniverse+1","GrandCross","ShootingEcho+1"],"picked":"SKIP","floor":45},{"not_picked":["LuminesStrike+1","6A+1","ShootingEcho+1"],"picked":"GalacticHalo+1","floor":46}],"player_experience":270943,"relics_obtained":[{"floor":7,"key":"Tiny Chest"},{"floor":9,"key":"Anchor"},{"floor":19,"key":"HandmadeGrimoire"},{"floor":23,"key":"Bottled Flame"},{"floor":26,"key":"Sundial"},{"floor":30,"key":"Whetstone"},{"floor":30,"key":"Gremlin Horn"},{"floor":33,"key":"Old Coin"},{"floor":34,"key":"Shovel"},{"floor":34,"key":"Darkstone Periapt"},{"floor":34,"key":"Pen Nib"},{"floor":36,"key":"HornCleat"},{"floor":39,"key":"Ornamental Fan"},{"floor":40,"key":"ShroomBag"},{"floor":42,"key":"Kunai"},{"floor":43,"key":"Blood Vial"},{"floor":44,"key":"Question Card"},{"floor":47,"key":"Bag of Marbles"},{"floor":49,"key":"Boot"}],"event_choices":[{"damage_healed":25,"gold_gain":0,"player_choice":"Banana","damage_taken":0,"max_hp_gain":0,"max_hp_loss":0,"event_name":"Big Fish","floor":10,"gold_loss":0},{"damage_healed":0,"gold_gain":0,"player_choice":"Grow","damage_taken":0,"max_hp_gain":0,"max_hp_loss":0,"event_name":"Living Wall","floor":12,"gold_loss":0,"cards_upgraded":["AsteroidBelt"]},{"cards_removed":["WitchOfGreed"],"damage_healed":0,"gold_gain":0,"player_choice":"Gave Card","damage_taken":0,"relics_obtained":["Meat on the Bone"],"max_hp_gain":0,"max_hp_loss":0,"event_name":"WeMeetAgain","floor":21,"gold_loss":0},{"damage_healed":0,"gold_gain":0,"player_choice":"Ignored","damage_taken":0,"max_hp_gain":0,"max_hp_loss":0,"event_name":"SecretPortal","floor":37,"gold_loss":0},{"damage_healed":0,"gold_gain":0,"player_choice":"Upgraded Two","damage_taken":0,"max_hp_gain":0,"max_hp_loss":0,"event_name":"Designer","floor":48,"gold_loss":40,"cards_upgraded":["Defend_MRS","RefractionSpark"]}],"is_beta":false,"boss_relics":[{"not_picked":["Fusion Hammer","Snecko Eye"],"picked":"Philosopher\u0027s Stone"},{"not_picked":["Astrolabe","Velvet Choker"],"picked":"Calling Bell"}],"items_purged_floors":[8],"is_endless":false,"potions_floor_spawned":[2,13,16,20,25,33,35,38,46],"ascension_level":0}}