{"host":"wpobqx0jtxs252ev","time":1608258361,"event":{"mods":["AchievementEnabler","Act Like it!","BaseMod","Better Note","Better Sensory Stone","Better Skull","Better Third Choice","Colored Powertips","Downfall","Gensokyo","Hermit","Highlight Path","Infinite Spire","Koishi","Marisa????????","Mimic Mod","Minty Spire (QoL Compilation)","Relic Stats","Replay The Spire","Shade Mod","StSLib","The Construct","The Disciple","The Hierophant","The Jungle","The Mystic","The Runesmith"],"gold_per_floor":[99,128,128,128,53,83,83,114,114,144,35,35,52,68,84,84,84],"floor_reached":16,"playtime":1153,"items_purged":[],"score":166,"play_id":"6eda3380-0b42-41ff-b2f3-c6c6f3f5695d","local_time":"20201217232601","is_ascension_mode":false,"campfire_choices":[{"floor":1,"key":"RECALL"},{"data":"champ:Taunt","floor":5,"key":"SMITH"},{"data":"champ:PerfectForm","floor":9,"key":"SMITH"},{"data":"champ:DefensiveShout","floor":9,"key":"SMITH"}],"circlet_count":0,"master_deck":["champ:Strike","champ:Strike","champ:Strike","champ:Defend","champ:Defend","champ:Defend","champ:Defend","champ:Execute","champ:Taunt+1","champ:DefensiveShout+1","champ:PerfectForm+1","champ:IgnorePain","champ:GladiatorStyle","Jack Of All Trades","champ:IronFortress","champ:Encircle+1"],"relics":["champ:ChampionCrown","downfall:HeartsMalice","Art of War","downfall:BrokenWingStatue","downfall:HeartBlessingRed","Replay:Bottled Steam","Replay:Arrowhead","Molten Egg 2","Juzu Bracelet"],"acts_visited":["Exordium"],"potions_floor_usage":[16,16],"damage_taken":[{"damage":0,"enemies":"Lagavulin","floor":2,"turns":1},{"damage":0,"enemies":"2 Louse","floor":3,"turns":1},{"damage":0,"enemies":"Replay:BlueRogue","floor":8,"turns":1},{"damage":26,"enemies":"Gremlin Nob","floor":10,"turns":4},{"damage":10,"enemies":"downfall:FleeingMerchant","floor":11,"turns":4},{"damage":14,"enemies":"Small Slimes","floor":13,"turns":4},{"damage":16,"enemies":"Jaw Worm","floor":14,"turns":4},{"damage":25,"enemies":"Gremlin Gang","floor":15,"turns":7},{"damage":50,"enemies":"downfall:Ironclad","floor":16,"turns":9}],"seed_played":"7561669249373952543","potions_obtained":[{"floor":10,"key":"Guardian:BlockOnCardUsePotion"},{"floor":15,"key":"hexamod:EctoCoolerPotion"}],"is_trial":false,"path_per_floor":["R","E","M","?","R","?","T","E","R","E","$","?","M","M","M","B"],"character_chosen":"THE_CHAMP","items_purchased":["Jack Of All Trades"],"campfire_rested":0,"item_purchase_floors":[11],"current_hp_per_floor":[90,90,90,90,90,90,90,90,90,75,70,70,61,53,36,0,0],"gold":84,"neow_bonus":"THREE_ENEMY_KILL","is_daily":false,"chose_seed":false,"campfire_upgraded":3,"win_rate":0.0,"timestamp":1608258361,"path_taken":["R","E","M","?","R","?","T","E","R","E","$","?","M","M","M","BOSS"],"items_purchased_type":["Card"],"build_version":"2020-12-13","purchased_purges":0,"victory":false,"max_hp_per_floor":[90,90,90,90,90,90,90,90,90,90,90,90,90,90,90,90,90],"relic_stats":{"counters":[9,32],"Art of War":[4],"Juzu Bracelet":0,"obtain_stats":[{"downfall:BrokenWingStatue":4,"downfall:HeartBlessingRed":5,"champ:ChampionCrown":0,"downfall:HeartsMalice":0,"Molten Egg 2":8,"Art of War":2,"Juzu Bracelet":10,"Replay:Arrowhead":7,"Replay:Bottled Steam":6},{"downfall:BrokenWingStatue":2,"downfall:HeartBlessingRed":2,"champ:ChampionCrown":0,"downfall:HeartsMalice":0,"Molten Egg 2":3,"Art of War":1,"Juzu Bracelet":4,"Replay:Arrowhead":2,"Replay:Bottled Steam":2},{"downfall:BrokenWingStatue":0,"downfall:HeartBlessingRed":0,"champ:ChampionCrown":0,"downfall:HeartsMalice":0,"Molten Egg 2":0,"Art of War":0,"Juzu Bracelet":4,"Replay:Arrowhead":0,"Replay:Bottled Steam":0}]},"card_choices":[{"not_picked":["champ:CrookedStrike","champ:PerfectedStrike"],"picked":"champ:DefensiveShout","floor":2},{"not_picked":["champ:BerserkersShout","champ:TornadoPunch","champ:PerfectedStrike"],"picked":"SKIP","floor":3},{"not_picked":["champ:DefensiveShout","champ:StanceDance"],"picked":"champ:PerfectForm","floor":8},{"not_picked":["champ:FanOfKnives+1","champ:AdrenalArmor"],"picked":"champ:IgnorePain","floor":10},{"not_picked":["champ:GladiatorsShout","champ:PerfectedStrike+1"],"picked":"champ:GladiatorStyle","floor":11},{"not_picked":["champ:FanOfKnives+1","champ:AdrenalArmor","champ:EndlessRage"],"picked":"SKIP","floor":13},{"not_picked":["champ:Duel+1","champ:CrookedStrike+1"],"picked":"champ:IronFortress","floor":14},{"not_picked":["champ:CrookedStrike+1","champ:BringItOn"],"picked":"champ:Encircle+1","floor":15}],"player_experience":214042,"relics_obtained":[{"floor":2,"key":"Art of War"},{"floor":7,"key":"Replay:Arrowhead"},{"floor":8,"key":"Molten Egg 2"},{"floor":10,"key":"Juzu Bracelet"}],"event_choices":[],"is_beta":false,"boss_relics":[],"items_purged_floors":[],"is_endless":false,"potions_floor_spawned":[10,15],"killed_by":"downfall:Ironclad","ascension_level":0}}