{"host":"esx1hwjnbftf3eqj","time":1608308874,"event":{"mods":["BaseMod","Colored Map","Minty Spire (QoL Compilation)","StSLib"],"gold_per_floor":[118,136,147,162,174,174,200,48,48,13,25,25,52,52,52,52,52],"floor_reached":16,"playtime":1060,"items_purged":[],"score":134,"play_id":"ee31d736-abce-44fc-9125-dbcaca9754cd","local_time":"20201218082754","is_ascension_mode":true,"campfire_choices":[{"data":"Searing Blow","floor":6,"key":"SMITH"},{"data":"Searing Blow+1","floor":12,"key":"SMITH"},{"data":"Searing Blow+2","floor":15,"key":"SMITH"}],"circlet_count":0,"master_deck":["Strike_R","Strike_R","Strike_R","Strike_R","Defend_R","Defend_R","Defend_R","Defend_R","Bash","Thunderclap","Iron Wave","Carnage","Searing Blow+3","Disarm","Cleave","Immolate","Armaments","Iron Wave"],"relics":["Burning Blood","PreservedInsect","Bag of Preparation","Meat on the Bone","Potion Belt"],"acts_visited":["Exordium"],"potions_floor_usage":[7,7,16,16],"damage_taken":[{"damage":1,"enemies":"Cultist","floor":1,"turns":3},{"damage":2,"enemies":"2 Louse","floor":2,"turns":3},{"damage":7,"enemies":"Jaw Worm","floor":3,"turns":3},{"damage":35,"enemies":"Exordium Wildlife","floor":4,"turns":8},{"damage":4,"enemies":"2 Fungi Beasts","floor":5,"turns":3},{"damage":4,"enemies":"Gremlin Nob","floor":7,"turns":3},{"damage":7,"enemies":"Looter","floor":11,"turns":3},{"damage":21,"enemies":"Lagavulin","floor":13,"turns":5},{"damage":59,"enemies":"Hexaghost","floor":16,"turns":10}],"seed_played":"2786714710624740370","potions_obtained":[{"floor":3,"key":"AttackPotion"},{"floor":4,"key":"EssenceOfSteel"},{"floor":11,"key":"SteroidPotion"},{"floor":13,"key":"Energy Potion"}],"is_trial":false,"path_per_floor":["M","M","M","M","M","R","E","$","T","?","M","R","E","$","R","B"],"character_chosen":"IRONCLAD","items_purchased":["Bag of Preparation"],"campfire_rested":0,"item_purchase_floors":[8],"current_hp_per_floor":[80,80,79,50,52,52,54,54,54,74,73,73,58,58,58,0,0],"gold":52,"neow_bonus":"TRANSFORM_CARD","is_daily":false,"chose_seed":false,"campfire_upgraded":3,"win_rate":0.0,"timestamp":1608308874,"path_taken":["M","M","M","M","M","R","E","$","T","?","M","R","E","$","R","BOSS"],"items_purchased_type":["Relic"],"build_version":"2020-12-13","purchased_purges":0,"victory":false,"max_hp_per_floor":[80,80,80,80,80,80,80,80,80,80,80,80,80,80,80,80,80],"card_choices":[{"not_picked":["Heavy Blade","Flame Barrier"],"picked":"Iron Wave","floor":1},{"not_picked":["Hemokinesis","Power Through"],"picked":"Carnage","floor":2},{"not_picked":["Perfected Strike","Demon Form"],"picked":"Searing Blow","floor":3},{"not_picked":["Dropkick","Anger"],"picked":"Disarm","floor":4},{"not_picked":["Twin Strike","Headbutt"],"picked":"Cleave","floor":5},{"not_picked":["Second Wind","Pommel Strike"],"picked":"Immolate","floor":7},{"not_picked":["Perfected Strike","Rupture"],"picked":"Armaments","floor":11},{"not_picked":["Blood for Blood","Armaments"],"picked":"Iron Wave","floor":13}],"player_experience":444871,"relics_obtained":[{"floor":7,"key":"PreservedInsect"},{"floor":9,"key":"Meat on the Bone"},{"floor":13,"key":"Potion Belt"}],"event_choices":[{"damage_healed":20,"gold_gain":0,"player_choice":"Healed","damage_taken":0,"max_hp_gain":0,"max_hp_loss":0,"event_name":"The Cleric","floor":10,"gold_loss":35}],"is_beta":false,"boss_relics":[],"items_purged_floors":[],"is_endless":false,"potions_floor_spawned":[3,4,11,13],"killed_by":"Hexaghost","ascension_level":4}}