{"host":"x7u3amoxy3d4heu5","time":1608320495,"event":{"mods":["BaseMod","Colored Map","DeckTracker","Hermit","Hubris","Infinite Spire","Marisa????????","Minty Spire (QoL Compilation)","Quick Restart","Replay The Spire","StSLib","The Cursed","The IronCluck","The Jungle","The Servant 0.9.4","The Wild Card","Unceasing Turn Reminder","slay the spire mod where everything is the same but ironclad has a cowboy hat"],"gold_per_floor":[113,113,127,36,47,47,2,2,2,21,35,68,68,68,68,68,68],"floor_reached":16,"playtime":921,"items_purged":[],"score":100,"play_id":"4ba4c0b8-d30b-4a38-b287-f9d9af57612b","local_time":"20201218124135","is_ascension_mode":false,"campfire_choices":[{"data":"hermit:Quickdraw","floor":6,"key":"SMITH"},{"floor":15,"key":"REST"}],"circlet_count":0,"master_deck":["hermit:Strike_Hermit","hermit:Strike_Hermit","hermit:Strike_Hermit","hermit:Defend_Hermit","hermit:Defend_Hermit","hermit:Defend_Hermit","hermit:Defend_Hermit","hermit:Snapshot","hermit:Covet","hermit:TakeAim+1","hermit:Midnight","hermit:TrackingShot","hermit:Quickdraw+1","hermit:Vantage","hermit:Desperado","hermit:Quickdraw","hermit:Misfire","hermit:Deadeye"],"relics":["hermit:Momento","NeowsBlessing","infinitespire:Broken Mirror","ReplayTheSpireMod:TigerMarble","hubris:FruitBowl","Oddly Smooth Stone"],"acts_visited":["Exordium"],"potions_floor_usage":[16],"damage_taken":[{"damage":0,"enemies":"Jaw Worm","floor":1,"turns":1},{"damage":0,"enemies":"infinitespire:Voidling","floor":3,"turns":1},{"damage":0,"enemies":"Cultist","floor":5,"turns":1},{"damage":16,"enemies":"Exordium Wildlife","floor":10,"turns":4},{"damage":0,"enemies":"Lots of Slimes","floor":11,"turns":1},{"damage":12,"enemies":"Replay:BlueRogue","floor":12,"turns":7},{"damage":51,"enemies":"Slime Boss","floor":16,"turns":8}],"seed_played":"7353194130932111539","potions_obtained":[{"floor":1,"key":"infinitespire:BlackPotion"},{"floor":5,"key":"SkillPotion"},{"floor":11,"key":"Venom Potion"}],"is_trial":false,"path_per_floor":["M","?","M","$","M","R","$","?","T","M","M","E","$","?","R","B"],"character_chosen":"HERMIT","items_purchased":["hermit:TrackingShot","hermit:Quickdraw","hermit:Desperado","hubris:FruitBowl"],"campfire_rested":1,"item_purchase_floors":[4,4,7,13],"current_hp_per_floor":[75,75,75,75,75,75,75,68,68,52,52,40,21,21,43,0,0],"gold":68,"neow_bonus":"THREE_ENEMY_KILL","is_daily":false,"chose_seed":false,"campfire_upgraded":1,"win_rate":0.0,"timestamp":1608320495,"path_taken":["M","?","?","?","M","R","$","?","T","M","M","E","?","?","R","BOSS"],"items_purchased_type":["Card","Card","Card","Relic"],"build_version":"2020-12-13","purchased_purges":0,"victory":false,"max_hp_per_floor":[75,75,75,75,75,75,75,75,75,75,75,75,75,75,75,75,75],"card_choices":[{"not_picked":["hermit:HighCaliber","hermit:Desperado"],"picked":"hermit:TakeAim","floor":1},{"not_picked":["hermit:FullyLoaded","hermit:TakeCover"],"picked":"hermit:Midnight","floor":3},{"not_picked":["hermit:Desperado","hermit:FullyLoaded"],"picked":"hermit:Vantage","floor":5},{"not_picked":["hermit:Manifest","hermit:ItchyTrigger"],"picked":"hermit:Quickdraw","floor":10},{"not_picked":["hermit:Feint","hermit:Roulette"],"picked":"hermit:Misfire","floor":11},{"not_picked":["hermit:TakeCover","hermit:ShadowCloak"],"picked":"hermit:Deadeye","floor":12}],"player_experience":539124,"relics_obtained":[{"floor":9,"key":"infinitespire:Broken Mirror"},{"floor":12,"key":"ReplayTheSpireMod:TigerMarble"},{"floor":14,"key":"Oddly Smooth Stone"}],"event_choices":[{"damage_healed":0,"gold_gain":0,"player_choice":"Forge","damage_taken":0,"max_hp_gain":0,"max_hp_loss":0,"event_name":"Accursed Blacksmith","floor":2,"gold_loss":0,"cards_upgraded":["hermit:TakeAim"]},{"cards_removed":["hermit:Strike_Hermit"],"damage_healed":0,"gold_gain":0,"player_choice":"Card Removal","damage_taken":7,"max_hp_gain":0,"max_hp_loss":0,"event_name":"Golden Wing","floor":8,"gold_loss":0}],"is_beta":false,"boss_relics":[],"items_purged_floors":[],"is_endless":false,"potions_floor_spawned":[1,5,11],"killed_by":"Slime Boss","ascension_level":0}}