{"host":"nwjumqsw655htf7s","time":1608298239,"event":{"mods":["BaseMod","Best Route Mod","Block Reminder","Colored Map","Colored Powertips","DeckTracker","Minty Spire (QoL Compilation)"],"gold_per_floor":[112,132,132,55,55,55,89,89,116,116,67,100,115,131,131,232,232,232,247,247,172,182,182,182,182,182,182,202,221,436,78,78,173,173,184,230,280,190,204,238,238,263,287,26,26,43,43,57,57,57],"floor_reached":51,"playtime":5568,"items_purged":["Strike_P","Strike_P","Writhe"],"score":983,"play_id":"89e824dd-0c33-40dc-86c7-5ae666826b41","local_time":"20201218053039","is_ascension_mode":true,"campfire_choices":[{"data":"WindmillStrike","floor":6,"key":"SMITH"},{"data":"CutThroughFate","floor":8,"key":"SMITH"},{"data":"Vigilance","floor":10,"key":"SMITH"},{"data":"TalkToTheHand","floor":15,"key":"SMITH"},{"data":"Ragnarok","floor":23,"key":"SMITH"},{"data":"SashWhip","floor":25,"key":"SMITH"},{"data":"BowlingBash","floor":27,"key":"SMITH"},{"data":"CutThroughFate","floor":32,"key":"SMITH"},{"data":"Scrawl","floor":41,"key":"SMITH"},{"floor":45,"key":"REST"},{"data":"Strike_P","floor":47,"key":"PURGE"},{"floor":49,"key":"REST"}],"circlet_count":0,"master_deck":["Defend_P","Defend_P","Defend_P","Defend_P","Eruption+1","Vigilance+1","FearNoEvil","CutThroughFate+1","WindmillStrike+1","SandsOfTime+1","CutThroughFate+1","BowlingBash+1","TalkToTheHand+1","Sanctity+1","Ragnarok+1","SashWhip+1","InnerPeace+1","Scrawl+1","Wallop","LessonLearned+1","TalkToTheHand+1"],"relics":["HolyWater","NeowsBlessing","InkBottle","Vajra","Pear","MutagenicStrength","Bag of Marbles","Old Coin","Sundial","Cursed Key","Peace Pipe","Torii","Nunchaku","Damaru","CeramicFish","DollysMirror"],"acts_visited":["Exordium","TheCity","TheBeyond"],"potions_floor_usage":[14,14,16,18,22,33,36,42,42,50],"damage_taken":[{"damage":0,"enemies":"Cultist","floor":1,"turns":1},{"damage":0,"enemies":"2 Louse","floor":2,"turns":1},{"damage":0,"enemies":"Lagavulin","floor":7,"turns":1},{"damage":25,"enemies":"3 Sentries","floor":12,"turns":8},{"damage":0,"enemies":"Small Slimes","floor":13,"turns":2},{"damage":0,"enemies":"Gremlin Gang","floor":14,"turns":3},{"damage":0,"enemies":"Slime Boss","floor":16,"turns":5},{"damage":0,"enemies":"Shell Parasite","floor":18,"turns":1},{"damage":0,"enemies":"3 Byrds","floor":19,"turns":3},{"damage":13,"enemies":"Shelled Parasite and Fungi","floor":22,"turns":2},{"damage":0,"enemies":"Snecko","floor":28,"turns":1},{"damage":2,"enemies":"Snake Plant","floor":29,"turns":3},{"damage":53,"enemies":"Champ","floor":33,"turns":6},{"damage":0,"enemies":"Orb Walker","floor":35,"turns":1},{"damage":0,"enemies":"2 Orb Walkers","floor":36,"turns":2},{"damage":0,"enemies":"Mind Bloom Boss Battle","floor":37,"turns":5},{"damage":0,"enemies":"3 Darklings","floor":39,"turns":1},{"damage":31,"enemies":"Nemesis","floor":40,"turns":5},{"damage":0,"enemies":"Giant Head","floor":42,"turns":1},{"damage":0,"enemies":"Jaw Worm Horde","floor":46,"turns":1},{"damage":15,"enemies":"4 Shapes","floor":48,"turns":3},{"damage":51,"enemies":"Awakened One","floor":50,"turns":10}],"seed_played":"-6457000271915084148","potions_obtained":[{"floor":2,"key":"Regen Potion"},{"floor":7,"key":"SmokeBomb"},{"floor":12,"key":"Block Potion"},{"floor":14,"key":"CultistPotion"},{"floor":19,"key":"LiquidMemories"},{"floor":28,"key":"Ambrosia"},{"floor":33,"key":"Explosive Potion"},{"floor":36,"key":"LiquidMemories"},{"floor":37,"key":"Energy Potion"},{"floor":39,"key":"Fire Potion"},{"floor":40,"key":"ColorlessPotion"}],"is_trial":false,"path_per_floor":["M","M","?","$","?","R","E","R","T","R","$","E","M","M","R","B",null,"M","M","?","$","M","R","?","R","T","R","M","M","?","$","R","B",null,"M","?","?","?","M","E","R","E","T","$","R","M","R","M","R","B",null],"character_chosen":"WATCHER","items_purchased":["WindmillStrike","CutThroughFate","Sundial","DollysMirror"],"campfire_rested":2,"item_purchase_floors":[4,11,31,44],"current_hp_per_floor":[72,72,72,72,72,72,72,72,72,72,72,57,57,66,66,66,78,78,78,78,78,65,65,59,59,59,59,59,57,57,57,57,4,63,63,63,63,63,63,32,32,32,32,32,56,56,56,41,65,14],"gold":57,"neow_bonus":"THREE_ENEMY_KILL","is_daily":false,"chose_seed":false,"campfire_upgraded":9,"win_rate":0.0,"timestamp":1608298239,"path_taken":["M","?","?","$","?","R","E","R","T","R","$","E","M","?","R","BOSS","M","M","?","$","M","R","?","R","T","R","?","M","?","$","R","BOSS","M","?","?","?","M","E","R","E","T","$","R","M","R","M","R","BOSS"],"items_purchased_type":["Card","Card","Relic","Relic"],"build_version":"2020-12-13","purchased_purges":3,"victory":true,"max_hp_per_floor":[72,72,72,72,72,72,72,72,72,72,72,82,82,82,82,82,82,82,82,82,82,82,82,82,82,82,82,82,82,82,82,82,82,82,82,82,82,82,82,82,82,82,82,82,82,82,82,82,82,82],"card_choices":[{"not_picked":["PathToVictory","ClearTheMind"],"picked":"FearNoEvil","floor":1},{"not_picked":["Consecrate","Protect"],"picked":"CutThroughFate","floor":2},{"not_picked":["ForeignInfluence","ClearTheMind"],"picked":"SandsOfTime","floor":7},{"not_picked":["FlyingSleeves","WindmillStrike"],"picked":"BowlingBash","floor":12},{"not_picked":["Study","DeceiveReality"],"picked":"TalkToTheHand","floor":13},{"not_picked":["CrushJoints","Perseverance"],"picked":"Sanctity","floor":14},{"not_picked":["Judgement","Wish"],"picked":"Ragnarok","floor":16},{"not_picked":["ReachHeaven","BowlingBash","JustLucky"],"picked":"SKIP","floor":19},{"not_picked":["Swivel","Pray"],"picked":"SashWhip","floor":22},{"not_picked":["PathToVictory","EmptyBody"],"picked":"InnerPeace+1","floor":28},{"not_picked":["CrushJoints","SashWhip+1","LikeWater"],"picked":"SKIP","floor":29},{"not_picked":["Blasphemy","Ragnarok"],"picked":"Scrawl","floor":33},{"not_picked":["Perseverance","FlyingSleeves+1"],"picked":"Wallop","floor":35},{"not_picked":["Weave","SashWhip+1","ReachHeaven+1"],"picked":"SKIP","floor":39},{"not_picked":["Weave+1","ForeignInfluence+1"],"picked":"LessonLearned","floor":40},{"not_picked":["Adaptation","ReachHeaven","Consecrate"],"picked":"SKIP","floor":42},{"not_picked":["ClearTheMind+1","JustLucky+1","Brilliance"],"picked":"SKIP","floor":46},{"not_picked":["Halt","Evaluate","EmptyBody+1"],"picked":"SKIP","floor":48}],"player_experience":1004418,"relics_obtained":[{"floor":7,"key":"InkBottle"},{"floor":9,"key":"Vajra"},{"floor":12,"key":"Pear"},{"floor":26,"key":"Bag of Marbles"},{"floor":36,"key":"Peace Pipe"},{"floor":37,"key":"Torii"},{"floor":40,"key":"Nunchaku"},{"floor":42,"key":"Damaru"},{"floor":43,"key":"CeramicFish"}],"event_choices":[{"damage_healed":0,"gold_gain":0,"player_choice":"Ignored","damage_taken":0,"max_hp_gain":0,"max_hp_loss":0,"event_name":"Liars Game","floor":3,"gold_loss":0},{"damage_healed":0,"gold_gain":0,"player_choice":"Upgraded","damage_taken":0,"max_hp_gain":0,"max_hp_loss":0,"event_name":"Upgrade Shrine","floor":5,"gold_loss":0,"cards_upgraded":["Eruption"]},{"damage_healed":0,"gold_gain":0,"player_choice":"Inject Mutagens","damage_taken":0,"relics_obtained":["MutagenicStrength"],"max_hp_gain":0,"max_hp_loss":0,"event_name":"Drug Dealer","floor":20,"gold_loss":0},{"damage_healed":0,"gold_gain":0,"player_choice":"","damage_taken":6,"max_hp_gain":0,"max_hp_loss":0,"event_name":"Knowing Skull","floor":24,"potions_obtained":[],"gold_loss":0,"cards_obtained":[]},{"damage_healed":0,"gold_gain":0,"player_choice":"Obtained Relic","damage_taken":0,"relics_obtained":["Old Coin"],"max_hp_gain":0,"max_hp_loss":0,"event_name":"Addict","floor":30,"gold_loss":85},{"damage_healed":0,"gold_gain":0,"player_choice":"Fight","damage_taken":0,"max_hp_gain":0,"max_hp_loss":0,"event_name":"Mysterious Sphere","floor":36,"gold_loss":0},{"damage_healed":0,"gold_gain":0,"player_choice":"Fight","damage_taken":0,"max_hp_gain":0,"max_hp_loss":0,"event_name":"MindBloom","floor":37,"gold_loss":0},{"cards_removed":["Strike_P"],"damage_healed":0,"gold_gain":0,"player_choice":"Upgrade and Remove","damage_taken":0,"max_hp_gain":0,"max_hp_loss":0,"event_name":"Designer","floor":38,"gold_loss":90,"cards_upgraded":["Sanctity"]}],"is_beta":false,"boss_relics":[{"not_picked":["Pandora\u0027s Box","VioletLotus"],"picked":"HolyWater"},{"not_picked":["Busted Crown","Runic Pyramid"],"picked":"Cursed Key"}],"items_purged_floors":[21,31,44],"is_endless":false,"potions_floor_spawned":[2,7,12,14,18,19,28,33,36,37,39,40],"ascension_level":5}}