{"host":"eqvoimh73njwfgdh","time":1608312447,"event":{"mods":["AchievementEnabler","BaseMod","Better Altar","Better Match","Better Note","Better Sensory Stone","Better Skull","Better Third Choice","BetterRewards","Colored Powertips","Conspire","Energized Spire","Hubris","Minty Spire (QoL Compilation)","Permanent Neow","Rare Cards Sparkle","Relic Stats","Replay The Spire","Spicy Shops","StSLib","The Animator","The Blue Laboratory","vexMod"],"gold_per_floor":[210,210,234,250,272,272,307,307,307,307,334,350,365,381,381,478,478,493,506,41,58,12,12,12,43,67,67,67,67,67,67,78,78,78,78,78],"floor_reached":35,"playtime":2297,"items_purged":[],"score":316,"play_id":"3c0d52dd-8d36-49e7-8c27-767a14da2630","local_time":"20201218182727","is_ascension_mode":true,"campfire_choices":[{"floor":6,"key":"RECALL"},{"floor":8,"key":"REST"},{"floor":15,"key":"REST"},{"floor":23,"key":"REST"},{"floor":29,"key":"REST"},{"floor":31,"key":"REST"},{"floor":34,"key":"REST"}],"circlet_count":0,"master_deck":["animator:Strike_FullmetalAlchemist","animator:Defend_FullmetalAlchemist","animator:Strike","animator:Strike","animator:Strike","animator:Defend","animator:Defend","animator:Defend","animator:ElricEdward","animator:ElricAlphonse","animator:Lancer","animator:Melzalgald","animator:Benimaru","animator:Sloth","animator:Greed","animator:Biyorigo+1","animator:Yoichi","animator:ChlammyZell","animator:GazelDwargon","animator:Shizu+1","animator:EmiyaShirou","animator:Emonzaemon","animator:Nanami","animator:ElricAlphonse+1","animator:YaoHaDucy","animator:NarberalGamma"],"relics":["animator:LivingPicture","animator:TheMissingPiece","animator:PurgingStone","hubris:Towel","Meat on the Bone","Golden Egg","animator:ShionDessert","energizedSpire:OgreHead","hubris:Potato","Strawberry","Snack Pack","Bloody Idol"],"acts_visited":["Exordium","TheCity"],"potions_floor_usage":[7,7,11,16,25,25,32],"damage_taken":[{"damage":1,"enemies":"Jaw Worm","floor":1,"turns":4},{"damage":11,"enemies":"2 Louse","floor":3,"turns":3},{"damage":6,"enemies":"Cultist","floor":4,"turns":3},{"damage":11,"enemies":"2 Fungi Beasts","floor":5,"turns":4},{"damage":22,"enemies":"3 Sentries","floor":7,"turns":8},{"damage":20,"enemies":"Lagavulin","floor":11,"turns":8},{"damage":4,"enemies":"Exordium Thugs","floor":12,"turns":4},{"damage":7,"enemies":"Blue Slaver","floor":13,"turns":4},{"damage":8,"enemies":"3 Louse","floor":14,"turns":3},{"damage":13,"enemies":"Fading Forest","floor":16,"turns":11},{"damage":37,"enemies":"Shell Parasite","floor":18,"turns":4},{"damage":6,"enemies":"3 Byrds","floor":19,"turns":2},{"damage":35,"enemies":"Centurion and Healer","floor":21,"turns":8},{"damage":20,"enemies":"Slavers","floor":25,"turns":5},{"damage":12,"enemies":"Sentry and Sphere","floor":32,"turns":6},{"damage":55,"enemies":"Pondfish","floor":35,"turns":11}],"seed_played":"3413213774864658793","potions_obtained":[{"floor":3,"key":"FearPotion"},{"floor":4,"key":"animator:FalseLifePotion"},{"floor":10,"key":"SteroidPotion"},{"floor":10,"key":"blueLaboratory:HummingbirdPotion"},{"floor":10,"key":"Regen Potion"},{"floor":12,"key":"blueLaboratory:AbyssPotion"},{"floor":16,"key":"Weak Potion"},{"floor":19,"key":"Block Potion"},{"floor":25,"key":"Swift Potion"}],"is_trial":false,"path_per_floor":["M","?","M","M","M","R","E","R","T","?","E","M","M","M","R","B",null,"M","M","$","M","$","R","?","E","T","PTL","PTL","R","$","R","M","?","R","B"],"character_chosen":"THE_ANIMATOR","items_purchased":["hubris:Potato","Strawberry","animator:ElricAlphonse"],"campfire_rested":6,"item_purchase_floors":[20,20,22],"current_hp_per_floor":[65,65,54,48,37,37,16,36,36,36,43,39,44,36,56,51,67,42,36,43,20,20,42,41,33,33,33,33,55,55,74,65,28,50,0,0],"gold":78,"neow_bonus":"HUNDRED_GOLD","is_daily":false,"chose_seed":false,"campfire_upgraded":0,"win_rate":0.0,"timestamp":1608312447,"path_taken":["M","?","M","M","M","R","E","R","T","?","E","?","M","M","R","BOSS","M","M","$","M","$","R","?","E","T","PTL","PTL","R","?","R","M","?","R","BOSS"],"items_purchased_type":["Relic","Relic","Card"],"build_version":"2020-12-13","purchased_purges":0,"victory":false,"max_hp_per_floor":[66,66,66,66,66,66,67,67,67,67,67,67,67,67,67,67,67,67,67,74,74,74,74,74,74,74,74,74,74,74,74,74,74,74,74,74],"relic_stats":{"counters":[16,88],"Bloody Idol":0,"obtain_stats":[{"Golden Egg":9,"animator:ShionDessert":11,"animator:PurgingStone":0,"animator:TheMissingPiece":0,"Strawberry":20,"Bloody Idol":33,"animator:LivingPicture":0,"energizedSpire:OgreHead":17,"Snack Pack":25,"hubris:Towel":2,"hubris:Potato":20,"Meat on the Bone":7},{"Golden Egg":5,"animator:ShionDessert":6,"animator:PurgingStone":0,"animator:TheMissingPiece":0,"Strawberry":12,"Bloody Idol":15,"animator:LivingPicture":0,"energizedSpire:OgreHead":10,"Snack Pack":14,"hubris:Towel":1,"hubris:Potato":12,"Meat on the Bone":5},{"Golden Egg":22,"animator:ShionDessert":30,"animator:PurgingStone":0,"animator:TheMissingPiece":0,"Strawberry":58,"Bloody Idol":77,"animator:LivingPicture":0,"energizedSpire:OgreHead":52,"Snack Pack":71,"hubris:Towel":4,"hubris:Potato":58,"Meat on the Bone":22}],"Meat on the Bone":60},"card_choices":[{"not_picked":["animator:Azekura","animator:IrohaTamaki"],"picked":"animator:Lancer","floor":1},{"not_picked":["animator:UneriGinkaku","animator:Konayuki"],"picked":"animator:Melzalgald","floor":3},{"not_picked":["animator:Shion","animator:Gluttony"],"picked":"animator:Benimaru","floor":4},{"not_picked":["animator:Chung","animator:Sonic"],"picked":"animator:Sloth","floor":5},{"not_picked":["animator:Jibril","animator:ChlammyZell"],"picked":"animator:Greed","floor":7},{"not_picked":["animator:Yoichi","animator:SayakaMiki"],"picked":"animator:Biyorigo","floor":11},{"not_picked":["animator:Shion","animator:Konayuki"],"picked":"animator:Yoichi","floor":12},{"not_picked":["animator:OrikoMikuni","animator:ShinjiMatou"],"picked":"animator:ChlammyZell","floor":13},{"not_picked":["animator:Archer","animator:Benimaru"],"picked":"animator:GazelDwargon","floor":14},{"not_picked":["animator:AcuraShin","animator:HomuraAkemi"],"picked":"animator:Shizu","floor":16},{"not_picked":["animator:MaesHughes","animator:Geryuganshoop"],"picked":"animator:EmiyaShirou","floor":18},{"not_picked":["animator:Vesta+1","animator:KyokoSakura"],"picked":"animator:Emonzaemon","floor":19},{"not_picked":["animator:Konayuki","animator:Mitsuba"],"picked":"animator:Nanami","floor":21},{"not_picked":["animator:Ara","animator:RinTohsaka"],"picked":"animator:YaoHaDucy","floor":25},{"not_picked":["animator:Shinoa+1","animator:SuzuneAmano+1"],"picked":"animator:NarberalGamma","floor":32}],"player_experience":100207,"relics_obtained":[{"floor":7,"key":"Meat on the Bone"},{"floor":9,"key":"Golden Egg"},{"floor":11,"key":"animator:ShionDessert"},{"floor":25,"key":"Snack Pack"}],"event_choices":[{"damage_healed":0,"gold_gain":0,"player_choice":"Got Potions","damage_taken":0,"max_hp_gain":0,"max_hp_loss":0,"event_name":"Lab","floor":10,"gold_loss":0},{"damage_healed":0,"gold_gain":0,"player_choice":"","damage_taken":1,"relics_obtained":[],"max_hp_gain":0,"max_hp_loss":0,"event_name":"betterSkull:BetterSkull","floor":24,"gold_loss":0,"cards_upgraded":[]},{"damage_healed":0,"gold_gain":0,"player_choice":" Idol ","damage_taken":37,"relics_obtained":["Bloody Idol"],"max_hp_gain":65,"max_hp_loss":28,"event_name":"betterAltar:BetterAltar","floor":33,"potions_obtained":[],"relics_lost":[],"gold_loss":0}],"is_beta":false,"boss_relics":[{"not_picked":["Ectoplasm","Sozu"],"picked":"energizedSpire:OgreHead"}],"items_purged_floors":[],"is_endless":false,"potions_floor_spawned":[3,4,12,16,19,25],"killed_by":"Pondfish","ascension_level":2}}