{"host":"zx10cf1fsoa3eqiy","time":1608265513,"event":{"mods":["BaseMod","Colored Powertips","Downfall","Highlight Path","Minty Spire (QoL Compilation)","Quick Restart","Replay The Spire","Shop Mod","StSLib","Td1madao Mod","The Servant 0.9.4","Yuri Mod"],"gold_per_floor":[99,99,128,53,86,102,128,186,186,216,228,228,228,244,264,365,365,290,323,323,88,88,88,115,141,153,183,183,25,43,55,67,171,221,221,221,295,307,1306,1334,1334,1334,1349,1274,1290,735,455,474,486,486,486,513,47,47,47],"floor_reached":56,"playtime":4804,"items_purged":["Normality","Normality"],"score":1637,"play_id":"4046375f-9485-43af-8b17-fb938e238695","local_time":"20201218122513","is_ascension_mode":true,"campfire_choices":[{"floor":1.0,"key":"RECALL"},{"data":"Guardian:Harden","floor":4.0,"key":"SMITH"},{"data":"Guardian:AncientConstruct","floor":9.0,"key":"SMITH"},{"floor":18.0,"key":"DIG"},{"floor":20.0,"key":"REST"},{"data":"Guardian:FloatingOrbs","floor":35.0,"key":"SMITH"},{"data":"Guardian:Clone","floor":44.0,"key":"SMITH"},{"floor":54,"key":"REST"}],"circlet_count":0,"master_deck":["Guardian:Strike_Guardian+1","Guardian:Defend_Guardian+1","Guardian:Defend_Guardian+1","Guardian:Defend_Guardian+1","Guardian:CurlUp+1","Guardian:TwinSlam","Guardian:Harden+1","Guardian:RollAttack","Guardian:StasisField+1","Guardian:AncientConstruct+1","Guardian:CrystalBeam","Guardian:AncientConstruct+1","Guardian:PiercingHide","Guardian:EvasiveProtocol+1","Guardian:ArmoredProtocol","Guardian:FloatingOrbs+1","Guardian:Repulse","Guardian:PiercingHide+1","Guardian:WalkerClaw+1","Guardian:Clone+1","Guardian:Planning","Guardian:CrystalBeam+1","Guardian:Planning+1","Guardian:PrismaticBeam+1","Guardian:RefractedBeam+1","Guardian:Recover","expansioncontent:DecasProtection","Replay:SS_hec_1","expansioncontent:Flail","Decay","Guardian:WalkerClaw+1","Guardian:ShieldSpikes+1","Guardian:TimeCapacitor","Dramatic Entrance","Mayhem","Guardian:StasisStrike","Guardian:WalkerClaw+1","Guardian:EvasiveProtocol","Guardian:Orbwalk","Guardian:DonusPower+1","Guardian:DonusPower","Guardian:FloatingOrbs","Guardian:TimeBomb","Guardian:PolyBeam","Guardian:DonusPower+1","Guardian:Orbwalk"],"relics":["Guardian:ModeShifter","downfall:HeartsMalice","downfall:HeartBlessingRed","Replay:Rubber Ducky","Smiling Mask","Mummified Hand","ReplayTheSpireMod:Lightbulb","ChewingGum","downfall:HeartBlessingGreen","Vajra","Divine Protection","Guide Book","Tiny Chest","Sundial","Juzu Bracelet","ClockworkSouvenir","Philosopher\u0027s Stone","Cursed Key","Replay:Mystery Machine","downfall:HeartBlessingBlue","Incense Burner","hexamod:BolsterEngine","Orrery","MerchantsRug","Counterbalance"],"acts_visited":["Exordium","TheCity","TheBeyond","TheEnding"],"potions_floor_usage":[55],"damage_taken":[{"damage":0.0,"enemies":"Cultist","floor":2.0,"turns":1.0},{"damage":0.0,"enemies":"3 Sentries","floor":3.0,"turns":1.0},{"damage":0.0,"enemies":"Lagavulin","floor":5.0,"turns":1.0},{"damage":0.0,"enemies":"Jaw Worm","floor":6.0,"turns":3.0},{"damage":20.0,"enemies":"Gremlin Nob","floor":10.0,"turns":5.0},{"damage":0.0,"enemies":"Small Slimes","floor":11.0,"turns":3.0},{"damage":9.0,"enemies":"Exordium Thugs","floor":14.0,"turns":3.0},{"damage":0.0,"enemies":"Blue Slaver","floor":15.0,"turns":4.0},{"damage":12.0,"enemies":"downfall:Watcher","floor":16.0,"turns":9.0},{"damage":30.0,"enemies":"Gremlin Leader","floor":19.0,"turns":7.0},{"damage":0.0,"enemies":"downfall:FleeingMerchant","floor":21.0,"turns":4.0},{"damage":1.0,"enemies":"Slavers","floor":25.0,"turns":4.0},{"damage":0.0,"enemies":"Chosen","floor":26.0,"turns":4.0},{"damage":21.0,"enemies":"Gremlin Leader","floor":27.0,"turns":6.0},{"damage":0.0,"enemies":"downfall:FleeingMerchant","floor":29.0,"turns":4.0},{"damage":0.0,"enemies":"Snecko","floor":30.0,"turns":4.0},{"damage":0.0,"enemies":"Shelled Parasite and Fungi","floor":31.0,"turns":5.0},{"damage":0.0,"enemies":"Cultist and Chosen","floor":32.0,"turns":5.0},{"damage":5.0,"enemies":"downfall:Ironclad","floor":33.0,"turns":9.0},{"damage":0.0,"enemies":"3 Darklings","floor":38.0,"turns":4.0},{"damage":11.0,"enemies":"R_Hoarder","floor":40.0,"turns":10.0},{"damage":0.0,"enemies":"3 Shapes","floor":43.0,"turns":8.0},{"damage":0.0,"enemies":"Writhing Mass","floor":45.0,"turns":5.0},{"damage":0.0,"enemies":"downfall:FleeingMerchant","floor":46.0,"turns":4.0},{"damage":0.0,"enemies":"downfall:FleeingMerchant","floor":47.0,"turns":1.0},{"damage":0.0,"enemies":"Transient","floor":48.0,"turns":5.0},{"damage":0.0,"enemies":"Maw","floor":49.0,"turns":5.0},{"damage":0.0,"enemies":"downfall:Defect","floor":50.0,"turns":7.0},{"damage":16.0,"enemies":"downfall:CharBossMerchant","floor":52.0,"turns":9.0},{"damage":0,"enemies":"downfall:NeowBoss","floor":55,"turns":14}],"seed_played":"6345521778635185925","potions_obtained":[{"floor":5.0,"key":"Swift Potion"},{"floor":6.0,"key":"Fire Potion"},{"floor":10.0,"key":"SpeedPotion"},{"floor":14.0,"key":"Cursed Concoction"},{"floor":16.0,"key":"Fire Potion"},{"floor":26.0,"key":"champ:CounterPotion"},{"floor":27.0,"key":"SpeedPotion"},{"floor":30.0,"key":"Venom Potion"},{"floor":33.0,"key":"Toxic Potion"},{"floor":34.0,"key":"EntropicBrew"},{"floor":45.0,"key":"Fire Potion"}],"is_trial":false,"path_per_floor":["R","M","E","R","E","M","T","?","R","E","M","?","?","M","M","B",null,"R","E","R","$","?","?","T","E","M","E","?","$","M","M","M","B",null,"R","?","T","M","?","E","T","?","M","R","M","$","$","M","M","B",null,"E","$","R","B",null],"character_chosen":"GUARDIAN","items_purchased":["Guide Book","Guardian:Repulse","ClockworkSouvenir","Guardian:TimeCapacitor","Dramatic Entrance","Mayhem","Guardian:StasisStrike","Incense Burner","hexamod:BolsterEngine","Guardian:EvasiveProtocol","Orrery","MerchantsRug","Guardian:Orbwalk","Guardian:Gem_Blue","Guardian:Gem_Red","Counterbalance"],"campfire_rested":2,"item_purchase_floors":[21,21,29,46,46,46,46,47,47,47,47,53,53,53,53,53],"current_hp_per_floor":[80,80,80,80,80,80,80,60,60,40,40,40,40,31,31,19,80,80,50,74,74,74,74,74,73,73,52,52,52,52,52,52,47,85,85,75,75,75,75,64,64,64,64,74,74,74,74,74,74,74,95,79,79,95,95],"gold":47,"neow_bonus":"THREE_ENEMY_KILL","is_daily":false,"chose_seed":false,"campfire_upgraded":4,"win_rate":0.0,"timestamp":1608265513,"path_taken":["R","M","E","R","E","?","T","?","R","E","?","?","?","M","M","BOSS","R","E","R","$","?","?","T","E","M","E","?","?","M","M","M","BOSS","R","?","?","M","?","E","T","?","M","R","M","$","$","M","M","BOSS","E","$","R","BOSS"],"items_purchased_type":["Relic","Card","Relic","Card","Card","Card","Card","Relic","Relic","Card","Relic","Relic","Card","Card","Card","Relic"],"build_version":"2020-12-13","purchased_purges":2,"victory":true,"max_hp_per_floor":[80,80,80,80,80,80,80,80,80,80,80,80,80,80,80,80,80,80,80,80,80,80,80,80,80,80,80,80,80,80,80,80,80,85,85,85,85,85,85,85,85,85,85,95,95,95,95,95,95,95,95,95,95,95,95],"card_choices":[{"not_picked":["Guardian:Recover","Guardian:Gem_White"],"picked":"Guardian:Harden","floor":2.0},{"not_picked":["Guardian:Incinerate","Guardian:Gem_Yellow"],"picked":"Guardian:Gem_Blue","floor":3.0},{"not_picked":["Guardian:Planning","Guardian:VentSteam"],"picked":"Guardian:RollAttack","floor":5.0},{"not_picked":["Guardian:Incinerate","Guardian:PrimingBeam"],"picked":"Guardian:StasisField","floor":6.0},{"not_picked":["Guardian:Reroute","Guardian:PrismaticBarrier"],"picked":"Guardian:AncientConstruct","floor":8.0},{"not_picked":["Guardian:Gem_Crimson","Guardian:Reroute"],"picked":"Guardian:CrystalBeam","floor":8.0},{"not_picked":["Guardian:ShieldCharger","Guardian:Suspension"],"picked":"Guardian:AncientConstruct","floor":10.0},{"not_picked":["Guardian:Gem_Lightblue","Guardian:TemporalStrike"],"picked":"Guardian:Gem_Green","floor":11.0},{"not_picked":["Guardian:Reroute","Guardian:Planning"],"picked":"Guardian:PiercingHide","floor":14.0},{"not_picked":["Guardian:SphericShield","Guardian:PrimingBeam"],"picked":"Guardian:EvasiveProtocol","floor":15.0},{"not_picked":["Guardian:AncientConstruct","Guardian:Gem_Synthetic"],"picked":"Guardian:Gem_Orange","floor":16.0},{"not_picked":["Guardian:GuardianWhirl","Guardian:PolyBeam"],"picked":"Guardian:ArmoredProtocol","floor":19.0},{"not_picked":["Guardian:Reroute+1","Guardian:PiercingHide+1"],"picked":"Guardian:FloatingOrbs","floor":21.0},{"not_picked":["Guardian:Recover","Guardian:VentSteam"],"picked":"Guardian:PiercingHide+1","floor":25.0},{"not_picked":["Guardian:TemporalShield","Guardian:Recover+1"],"picked":"Guardian:WalkerClaw+1","floor":26.0},{"not_picked":["Guardian:RefractedBeam+1","Guardian:Reroute","Guardian:RollAttack"],"picked":"SKIP","floor":27.0},{"not_picked":["Guardian:Suspension","Guardian:GatlingBeam"],"picked":"Guardian:Gem_White","floor":29.0},{"not_picked":["Guardian:Planning","Guardian:PrimingBeam","Guardian:RollAttack+1"],"picked":"SKIP","floor":30.0},{"not_picked":["Guardian:PrimingBeam","Guardian:RollAttack+1"],"picked":"Guardian:Planning","floor":30.0},{"not_picked":["Guardian:Gem_Red","Guardian:Recover"],"picked":"Guardian:CrystalBeam+1","floor":31.0},{"not_picked":["Guardian:ChargeCore","Guardian:Gem_Crimson","Guardian:Reroute"],"picked":"SKIP","floor":32.0},{"not_picked":["Guardian:SphericShield","Guardian:AncientConstruct"],"picked":"Guardian:Gem_Orange","floor":33.0},{"not_picked":["Guardian:WalkerClaw","Guardian:Reroute"],"picked":"Guardian:Recover","floor":34.0},{"not_picked":["Replay:SS_fish_2","expansioncontent:Torchfire"],"picked":"expansioncontent:DecasProtection","floor":36.0},{"not_picked":["expansioncontent:AwakenDeath","expansioncontent:ManipulateTime"],"picked":"Replay:SS_hec_1","floor":36.0},{"not_picked":["Replay:SS_fish_2","expansioncontent:FaceSlap"],"picked":"expansioncontent:Flail","floor":36.0},{"not_picked":["Guardian:PrismaticBarrier+1","Guardian:Recover+1"],"picked":"Guardian:WalkerClaw+1","floor":38.0},{"not_picked":["Guardian:Gem_Lightblue","Guardian:RollAttack+1"],"picked":"Guardian:ShieldSpikes+1","floor":40.0},{"not_picked":["Guardian:ChargeCore+1","Guardian:Gem_Crimson"],"picked":"Guardian:Gem_Red","floor":43.0},{"not_picked":["Guardian:Suspension+1","Guardian:CrystalBeam"],"picked":"Guardian:Gem_Red","floor":45.0},{"not_picked":["Guardian:RollAttack","Guardian:Recover"],"picked":"Guardian:Gem_Lightblue","floor":46.0},{"not_picked":["Guardian:ExploitGems","Guardian:Reroute"],"picked":"Guardian:WalkerClaw+1","floor":47.0},{"not_picked":["Guardian:PrismaticBeam","Guardian:AncientConstruct"],"picked":"Guardian:Orbwalk","floor":47.0},{"not_picked":["Guardian:RollAttack","Guardian:Gem_Cyan"],"picked":"Guardian:DonusPower+1","floor":47.0},{"not_picked":["Guardian:PrimingBeam+1","Guardian:Recover+1"],"picked":"Guardian:DonusPower","floor":47.0},{"not_picked":["Guardian:PrismaticBeam","Guardian:WalkerClaw"],"picked":"Guardian:FloatingOrbs","floor":47.0},{"not_picked":["Guardian:FierceBash","Guardian:TemporalStrike"],"picked":"Guardian:TimeBomb","floor":47.0},{"not_picked":["Guardian:VentSteam","Guardian:Planning","Guardian:TemporalStrike+1"],"picked":"SKIP","floor":48.0},{"not_picked":["Guardian:Suspension+1","Guardian:RollAttack+1"],"picked":"Guardian:PolyBeam","floor":49.0},{"not_picked":["Guardian:Reroute+1","Guardian:Emergency+1"],"picked":"Guardian:DonusPower+1","floor":52.0}],"player_experience":243630,"relics_obtained":[{"floor":5.0,"key":"Replay:Rubber Ducky"},{"floor":7.0,"key":"Smiling Mask"},{"floor":8.0,"key":"Mummified Hand"},{"floor":10.0,"key":"ReplayTheSpireMod:Lightbulb"},{"floor":18.0,"key":"Vajra"},{"floor":19.0,"key":"Divine Protection"},{"floor":24.0,"key":"Tiny Chest"},{"floor":25.0,"key":"Sundial"},{"floor":27.0,"key":"Juzu Bracelet"},{"floor":40.0,"key":"Replay:Mystery Machine"}],"event_choices":[{"damage_healed":0.0,"max_hp_gain":0.0,"max_hp_loss":0.0,"gold_gain":0.0,"event_name":"Living Wall","player_choice":"Grow","floor":12.0,"gold_loss":0.0,"damage_taken":0.0,"cards_upgraded":["Guardian:CurlUp"]},{"damage_healed":0.0,"max_hp_gain":0.0,"max_hp_loss":0.0,"gold_gain":0.0,"event_name":"Vampires","player_choice":"Ignored","floor":22.0,"gold_loss":0.0,"damage_taken":0.0},{"damage_healed":0.0,"max_hp_gain":0.0,"max_hp_loss":0.0,"gold_gain":0.0,"event_name":"Back to Basics","player_choice":"Simplicity","floor":23.0,"gold_loss":0.0,"damage_taken":0.0,"cards_upgraded":["Guardian:Strike_Guardian","Guardian:Strike_Guardian","Guardian:Strike_Guardian","Guardian:Strike_Guardian","Guardian:Defend_Guardian","Guardian:Defend_Guardian","Guardian:Defend_Guardian","Guardian:Defend_Guardian"]},{"damage_healed":0.0,"max_hp_gain":0.0,"max_hp_loss":0.0,"gold_gain":0.0,"event_name":"The Library","player_choice":"Read","floor":28.0,"gold_loss":0.0,"damage_taken":0.0,"cards_obtained":["Guardian:Clone"]},{"cards_removed":["Guardian:Defend_Guardian"],"damage_healed":0.0,"max_hp_gain":0.0,"max_hp_loss":0.0,"gold_gain":0.0,"event_name":"Falling","player_choice":"Removed Skill","floor":42.0,"gold_loss":0.0,"damage_taken":0.0}],"is_beta":false,"boss_relics":[{"not_picked":["Painkiller Herb","SlaversCollar"],"picked":"ChewingGum"},{"not_picked":["Snecko Eye","Empty Cage"],"picked":"Replay:Grab Bag"},{"not_picked":["Velvet Choker","Fusion Hammer"],"picked":"Philosopher\u0027s Stone"},{"not_picked":["Coffee Dripper","Runic Dome"],"picked":"Cursed Key"},{"not_picked":["Runic Pyramid","Ring of Chaos"],"picked":"Astrolabe"},{"not_picked":["Kintsugi","Pandora\u0027s Box"],"picked":"Tiny House"}],"items_purged_floors":[46,53],"is_endless":false,"potions_floor_spawned":[5,6,10,14,16,26,27,30,33,45,48,49,52],"ascension_level":3}}