{"host":"p245q48pmopyklqs","time":1608262990,"event":{"mods":["AchievementEnabler","BaseMod","DeckTracker","Minty Spire (QoL Compilation)","Relic Stats","Slay-I","StSLib","SuperFastMode"],"gold_per_floor":[35,72,106,139,170,217,217,246,246,246,315,332,349,106,106,209,209,221,46,96,138,63,63,118,118,118],"floor_reached":25,"playtime":672,"items_purged":["Strike_B","Strike_B"],"score":470,"play_id":"66e1d3b3-7057-4c54-acd7-46be57ab23e2","local_time":"20201218124310","is_ascension_mode":true,"campfire_choices":[{"data":"HandOfGreed","floor":7,"key":"SMITH"},{"data":"Go for the Eyes","floor":15,"key":"SMITH"},{"data":"Consume","floor":23,"key":"SMITH"}],"circlet_count":0,"master_deck":["AscendersBane","Strike_B","Defend_B","Defend_B","Defend_B","Defend_B","Zap","Dualcast","HandOfGreed+1","Cold Snap","Go for the Eyes+1","Self Repair","Sweeping Beam","Capacitor","Glacier","Compile Driver","Hologram","Ball Lightning","Genetic Algorithm","Hello World","Electrodynamics","Consume+1","Biased Cognition"],"relics":["Cracked Core","Vajra","StrikeDummy","Strawberry","Orrery","Philosopher\u0027s Stone","Bag of Marbles"],"acts_visited":["Exordium","TheCity"],"potions_floor_usage":[6,16],"damage_taken":[{"damage":10,"enemies":"2 Louse","floor":1,"turns":4},{"damage":0,"enemies":"Cultist","floor":2,"turns":4},{"damage":7,"enemies":"Jaw Worm","floor":3,"turns":4},{"damage":10,"enemies":"Blue Slaver","floor":4,"turns":4},{"damage":19,"enemies":"3 Louse","floor":5,"turns":4},{"damage":22,"enemies":"Gremlin Nob","floor":6,"turns":4},{"damage":21,"enemies":"Lagavulin","floor":8,"turns":7},{"damage":15,"enemies":"Gremlin Gang","floor":11,"turns":4},{"damage":17,"enemies":"Exordium Wildlife","floor":12,"turns":5},{"damage":8,"enemies":"Looter","floor":13,"turns":3},{"damage":34,"enemies":"Hexaghost","floor":16,"turns":10},{"damage":12,"enemies":"Spheric Guardian","floor":18,"turns":4},{"damage":24,"enemies":"2 Thieves","floor":21,"turns":4},{"damage":42,"enemies":"Gremlin Leader","floor":24,"turns":6},{"damage":9,"enemies":"Snecko","floor":25,"turns":2}],"seed_played":"2760595353470921743","potions_obtained":[{"floor":1,"key":"Block Potion"},{"floor":3,"key":"Ancient Potion"},{"floor":4,"key":"Regen Potion"},{"floor":6,"key":"Fire Potion"},{"floor":16,"key":"Energy Potion"}],"is_trial":false,"path_per_floor":["M","M","M","M","M","E","R","E","T","?","M","M","M","$","R","B",null,"M","$","?","M","?","R","E","M"],"character_chosen":"DEFECT","items_purchased":["Orrery","Consume"],"campfire_rested":0,"item_purchase_floors":[14,19],"current_hp_per_floor":[54,54,47,44,32,29,29,15,22,78,70,60,52,52,52,25,65,60,60,60,43,43,43,8,0,0],"gold":118,"neow_bonus":"RANDOM_COLORLESS_2","is_daily":false,"chose_seed":false,"campfire_upgraded":3,"win_rate":0.0,"timestamp":1608262990,"path_taken":["M","M","M","M","M","E","R","E","T","?","M","M","M","$","R","BOSS","M","$","?","?","?","R","E","M"],"items_purchased_type":["Relic","Card"],"build_version":"2020-12-13","purchased_purges":2,"victory":false,"max_hp_per_floor":[71,71,71,71,71,71,71,71,78,78,78,78,78,78,78,78,78,78,78,78,78,78,78,78,78,78],"relic_stats":{"counters":[15,69],"obtain_stats":[{"Strawberry":9,"Vajra":6,"Orrery":14,"Philosopher\u0027s Stone":17,"Bag of Marbles":24,"Cracked Core":0,"StrikeDummy":8},{"Strawberry":7,"Vajra":6,"Orrery":10,"Philosopher\u0027s Stone":11,"Bag of Marbles":14,"Cracked Core":0,"StrikeDummy":7},{"Strawberry":31,"Vajra":24,"Orrery":43,"Philosopher\u0027s Stone":53,"Bag of Marbles":67,"Cracked Core":0,"StrikeDummy":31}]},"card_choices":[{"not_picked":["Mayhem","The Bomb"],"picked":"HandOfGreed","floor":0},{"not_picked":["Tempest","Chaos"],"picked":"Cold Snap","floor":1},{"not_picked":["Compile Driver","Skim"],"picked":"Go for the Eyes","floor":2},{"not_picked":["FTL","Loop"],"picked":"Self Repair","floor":3},{"not_picked":["Rebound","Redo","Reprogram"],"picked":"SKIP","floor":4},{"not_picked":["Stack","Blizzard"],"picked":"Sweeping Beam","floor":5},{"not_picked":["Turbo","Skim"],"picked":"Capacitor","floor":6},{"not_picked":["Static Discharge","Streamline","All For One"],"picked":"SKIP","floor":8},{"not_picked":["Steam","Beam Cell"],"picked":"Glacier","floor":11},{"not_picked":["Stack","FTL"],"picked":"Compile Driver","floor":12},{"not_picked":["Go for the Eyes","Barrage"],"picked":"Hologram","floor":13},{"not_picked":["Gash","Conserve Battery"],"picked":"Ball Lightning","floor":14},{"not_picked":["Barrage","Conserve Battery"],"picked":"Genetic Algorithm","floor":14},{"not_picked":["Redo","Leap"],"picked":"Hello World","floor":14},{"not_picked":["Echo Form","Buffer"],"picked":"Electrodynamics","floor":16},{"not_picked":["Rebound","Chaos","Stack"],"picked":"SKIP","floor":18},{"not_picked":["Hello World","Hologram","Recycle"],"picked":"SKIP","floor":21},{"not_picked":["Glacier","Scrape+1"],"picked":"Biased Cognition","floor":24}],"player_experience":2298836,"relics_obtained":[{"floor":6,"key":"Vajra"},{"floor":8,"key":"StrikeDummy"},{"floor":9,"key":"Strawberry"},{"floor":24,"key":"Bag of Marbles"}],"event_choices":[{"damage_healed":56,"gold_gain":0,"player_choice":"Full Heal","damage_taken":0,"max_hp_gain":0,"max_hp_loss":0,"event_name":"Wheel of Change","floor":10,"gold_loss":0},{"damage_healed":0,"gold_gain":50,"player_choice":"Pray","damage_taken":0,"max_hp_gain":0,"max_hp_loss":0,"event_name":"Golden Shrine","floor":20,"gold_loss":0},{"cards_removed":["Strike_B"],"damage_healed":0,"gold_gain":0,"player_choice":"Gave Gold","damage_taken":0,"max_hp_gain":0,"max_hp_loss":0,"event_name":"Beggar","floor":22,"gold_loss":75}],"is_beta":false,"boss_relics":[{"not_picked":["Sozu","Snecko Eye"],"picked":"Philosopher\u0027s Stone"}],"items_purged_floors":[14,19],"is_endless":false,"potions_floor_spawned":[1,3,4,6,16,24],"killed_by":"Snecko","ascension_level":20}}