{"host":"z9grmtg2w0nmz8n1","time":1608263998,"event":{"mods":["Aspiration","Bard","BaseMod","Beaked The Cultist","Better Altar","Better Match","Better Third Choice","BetterRewards","CCEM","Colored Map","Conspire","Downfall","GifTheSpireLib","Googly Eyes","Halation","Highlight Path","Hubris","Jedi Mod","Jorbs\u0027s Wanderer Trilogy","Minty Spire (QoL Compilation)","Permanent Neow","Replay The Spire","Spicy Shops","StSLib","Stuff the Spire","The Bug Knight"],"gold_per_floor":[365,365,375,65,93,93,131,157,157,185,185,185,228,260,260,369,369,391,391,391,416,442,481,481,481,481,481,132,162,195,233,233,247,247],"floor_reached":33,"playtime":1720,"items_purged":["beaked:Strike_Y","beaked:Strike_Y","beaked:Strike_Y"],"score":279,"play_id":"7b286c82-09aa-4aeb-b841-e150b3038ba6","local_time":"20201218015958","is_ascension_mode":false,"campfire_choices":[{"floor":6,"key":"RECALL"},{"floor":15,"key":"REST"},{"data":"beaked:StickSmack","floor":27,"key":"SMITH"},{"data":"beaked:StickSmack","floor":32,"key":"SMITH"}],"circlet_count":0,"master_deck":["beaked:Strike_Y","beaked:Strike_Y","beaked:Strike_Y","beaked:Defend_Y","beaked:Defend_Y","beaked:Defend_Y","beaked:Defend_Y","beaked:Ceremony","beaked:Ceremony","beaked:StickSmack+1","beaked:MachineSpirit","beaked:StickSmack+1"],"relics":["beaked:MendingPlumage","Replay:Bandana","Bronze Scales","StuffTheSpire:Mouthbags","Replay:Towering Pillar of Hats","Busted Crown","halation:PinkSoulGem","MutagenicStrength","Orichalcum","Enchiridion","Anchor","ReplayTheSpireMod:Ninjato"],"acts_visited":["Exordium","TheCity"],"potions_floor_usage":[5,13,22,31,33],"damage_taken":[{"damage":10,"enemies":"Jaw Worm","floor":1,"turns":5},{"damage":12,"enemies":"Small Slimes","floor":3,"turns":4},{"damage":2,"enemies":"2 Louse","floor":5,"turns":2},{"damage":35,"enemies":"Gremlin Nob","floor":7,"turns":5},{"damage":16,"enemies":"Blue Slaver","floor":8,"turns":4},{"damage":22,"enemies":"Looter","floor":10,"turns":4},{"damage":39,"enemies":"3 Sentries","floor":13,"turns":5},{"damage":10,"enemies":"3 Louse","floor":14,"turns":3},{"damage":20,"enemies":"Fading Forest","floor":16,"turns":11},{"damage":19,"enemies":"Shell Parasite","floor":18,"turns":5},{"damage":21,"enemies":"conspire:FuzzyDice","floor":21,"turns":5},{"damage":22,"enemies":"3 Cultists","floor":22,"turns":4},{"damage":18,"enemies":"HollowMod:Nosk","floor":23,"turns":6},{"damage":16,"enemies":"conspire:HollyBat","floor":29,"turns":6},{"damage":11,"enemies":"Chosen and Byrds","floor":30,"turns":5},{"damage":8,"enemies":"Centurion and Healer","floor":31,"turns":4},{"damage":71,"enemies":"Collector","floor":33,"turns":5}],"seed_played":"3824409867513250687","potions_obtained":[{"floor":3,"key":"Energy Potion"},{"floor":7,"key":"Venom Potion"},{"floor":10,"key":"ColorlessPotion"},{"floor":21,"key":"champ:CounterPotion"},{"floor":22,"key":"Adrenaline Potion"},{"floor":30,"key":"PowerPotion"}],"is_trial":false,"path_per_floor":["M","?","M","$","M","R","E","M","T","M","?","?","E","M","R","B",null,"M","?","?","M","M","E","?","?","T","R","$","M","M","M","R","B"],"character_chosen":"BEAKED_THE_CULTIST","items_purchased":["Replay:Bandana","Bronze Scales","ReplayTheSpireMod:Ninjato"],"campfire_rested":1,"item_purchase_floors":[4,4,28],"current_hp_per_floor":[41,34,31,31,38,38,17,17,17,11,11,26,10,11,24,45,45,43,43,43,32,24,40,45,29,29,29,29,38,37,45,45,0,0],"gold":247,"neow_bonus":"TWO_FIFTY_GOLD","is_daily":false,"chose_seed":false,"campfire_upgraded":2,"win_rate":0.0,"timestamp":1608263998,"path_taken":["M","?","M","?","M","R","E","M","T","M","?","?","E","M","R","BOSS","M","?","?","M","M","E","?","?","T","R","$","?","M","M","R","BOSS"],"items_purchased_type":["Relic","Relic","Relic"],"build_version":"2020-12-13","purchased_purges":3,"victory":false,"max_hp_per_floor":[45,45,45,45,45,45,45,45,45,45,45,45,45,45,45,45,45,45,45,45,45,45,45,45,45,45,45,45,45,45,45,45,45,45],"card_choices":[{"not_picked":["beaked:Foresight","beaked:BraceForImpact"],"picked":"beaked:StickSmack","floor":1},{"not_picked":["beaked:Foresight","beaked:Tradeoff","beaked:Poke"],"picked":"SKIP","floor":3},{"not_picked":["beaked:MaddeningMurmurs","beaked:FeelMyPain","beaked:WarriorEssence"],"picked":"SKIP","floor":5},{"not_picked":["beaked:Evade","beaked:Struggle"],"picked":"beaked:MachineSpirit","floor":7},{"not_picked":["beaked:Tweet","beaked:Resilience","beaked:VigorBurst"],"picked":"SKIP","floor":8},{"not_picked":["beaked:RuinSticks","beaked:Brace"],"picked":"beaked:StickSmack","floor":10},{"not_picked":["beaked:Devastation","beaked:DigDeeper","beaked:Hexing"],"picked":"SKIP","floor":13},{"not_picked":["beaked:TuckingFeathers","beaked:Brace","beaked:Tradeoff"],"picked":"SKIP","floor":14},{"not_picked":["beaked:Brace"],"picked":"SKIP","floor":18},{"not_picked":["beaked:Tweet"],"picked":"SKIP","floor":21},{"not_picked":["beaked:Poke"],"picked":"SKIP","floor":22},{"not_picked":["beaked:VigorBurst"],"picked":"SKIP","floor":23},{"not_picked":["beaked:HuntressEssence"],"picked":"SKIP","floor":29},{"not_picked":["beaked:Tradeoff"],"picked":"SKIP","floor":30},{"not_picked":["beaked:Daydream"],"picked":"SKIP","floor":31}],"player_experience":591269,"relics_obtained":[{"floor":7,"key":"StuffTheSpire:Mouthbags"},{"floor":13,"key":"Replay:Towering Pillar of Hats"},{"floor":23,"key":"Orichalcum"},{"floor":25,"key":"Enchiridion"},{"floor":26,"key":"Anchor"}],"event_choices":[{"cards_removed":["beaked:Ceremony"],"damage_healed":0,"gold_gain":0,"player_choice":"Card Removal","damage_taken":7,"max_hp_gain":0,"max_hp_loss":0,"event_name":"Golden Wing","floor":2,"gold_loss":0},{"damage_healed":15,"gold_gain":0,"player_choice":"Banana","damage_taken":0,"max_hp_gain":0,"max_hp_loss":0,"event_name":"Big Fish","floor":12,"gold_loss":0},{"damage_healed":0,"gold_gain":0,"player_choice":"Inject Mutagens","damage_taken":0,"relics_obtained":["MutagenicStrength"],"max_hp_gain":0,"max_hp_loss":0,"event_name":"Drug Dealer","floor":20,"gold_loss":0},{"damage_healed":0,"gold_gain":0,"player_choice":"Obtained Book","damage_taken":16,"max_hp_gain":0,"max_hp_loss":0,"event_name":"Cursed Tome","floor":25,"gold_loss":0}],"is_beta":false,"boss_relics":[{"not_picked":["Fusion Hammer","hubris:GrandSneckoEye"],"picked":"Busted Crown"}],"items_purged_floors":[4,28,28],"is_endless":false,"potions_floor_spawned":[3,7,10,21,22,30],"killed_by":"Collector","ascension_level":0}}