{"host":"cyiefo55v5hz1ih5","time":1608276013,"event":{"mods":["2.2 Compatiblity","AchievementEnabler","BaseMod","Downfall","GifTheSpireLib","Hubris","Minty Spire (QoL Compilation)","Replay The Spire","Robot Space Explorer","StSLib"],"gold_per_floor":[99,115,133,133,149,149,149,149,168,196,210,226,246,266,286,390,390,390,390,390,404,424,459,459,384,415,427,439,467,493,96,107,205,255,255,275,200,220,251,251,297,297,297,325,339,359,379,20,34,34],"floor_reached":51,"playtime":6080,"items_purged":["Sickly","champ:Defend"],"score":944,"play_id":"8631d1f3-e0b1-48ed-85e7-785e18a5ccf6","local_time":"20201218022013","is_ascension_mode":true,"campfire_choices":[{"data":"champ:Execute","floor":1,"key":"SMITH"},{"data":"champ:Taunt","floor":6,"key":"SMITH"},{"data":"champ:FocusedGladiator","floor":8,"key":"SMITH"},{"data":"hubris:Sloth","floor":18,"key":"PURGE"},{"floor":25,"key":"REST"},{"floor":27,"key":"REST"},{"floor":35,"key":"RECALL"},{"floor":37,"key":"REST"},{"floor":40,"key":"REST"},{"data":"champ:Backstep","floor":43,"key":"SMITH"}],"circlet_count":0,"master_deck":["champ:Defend","champ:Defend","champ:Defend","champ:Execute+1","champ:Taunt+1","champ:FocusedGladiator+1","champ:GutPunch","champ:BerserkerStyle","champ:AdrenalArmor","champ:PreciseThrust","champ:EnchantSword","champ:ViciousMockery+1","champ:Improvising+1","champ:Backstep+1","champ:EndlessRage","expansioncontent:DefensiveStance","champ:GladiatorStyle","champ:Shatter","champ:ShieldThrow","champ:RageSigil+1","champ:StrikeOfGenius","champ:DeathBlow+1"],"relics":["champ:ChampionCrown","Pondfish Scales","ReplayTheSpireMod:Lightbulb","Replay:Ancient Bell","Replay:WaspNest","Lizard Tail","downfall:RedIOU","Potion Belt","Turnip","downfall:HeartBlessingBlue","MawBank","Omamori","Tiny House","downfall:HeartBlessingRed","Replay:Ringing Soul","Replay:Rubber Ducky","Gremlin Food","Pear"],"acts_visited":["Exordium","TheCity","TheBeyond"],"potions_floor_usage":[10,12,16,16,20,23,31,32,45,47],"damage_taken":[{"damage":5,"enemies":"Cultist","floor":2,"turns":4},{"damage":5,"enemies":"2 Louse","floor":3,"turns":3},{"damage":14,"enemies":"Small Slimes","floor":5,"turns":4},{"damage":18,"enemies":"Lots of Slimes","floor":9,"turns":5},{"damage":34,"enemies":"Lagavulin","floor":10,"turns":6},{"damage":18,"enemies":"3 Louse","floor":11,"turns":4},{"damage":20,"enemies":"Exordium Thugs","floor":12,"turns":7},{"damage":14,"enemies":"Blue Slaver","floor":13,"turns":4},{"damage":30,"enemies":"Gremlin Gang","floor":14,"turns":6},{"damage":6,"enemies":"Blue Slaver","floor":15,"turns":3},{"damage":59,"enemies":"downfall:Defect","floor":16,"turns":8},{"damage":43,"enemies":"downfall:LadyInBlue","floor":20,"turns":8},{"damage":14,"enemies":"Shell Parasite","floor":21,"turns":5},{"damage":5,"enemies":"3 Byrds","floor":22,"turns":3},{"damage":52,"enemies":"Book of Stabbing","floor":23,"turns":6},{"damage":56,"enemies":"Slavers","floor":26,"turns":5},{"damage":32,"enemies":"Centurion and Healer","floor":29,"turns":6},{"damage":21,"enemies":"Snake Plant","floor":30,"turns":4},{"damage":14,"enemies":"downfall:FleeingMerchant","floor":31,"turns":4},{"damage":29,"enemies":"Shelled Parasite and Fungi","floor":32,"turns":5},{"damage":30,"enemies":"downfall:Silent","floor":33,"turns":6},{"damage":71,"enemies":"3 Shapes","floor":36,"turns":6},{"damage":34,"enemies":"3 Darklings","floor":38,"turns":8},{"damage":65,"enemies":"Giant Head","floor":39,"turns":10},{"damage":54,"enemies":"Nemesis","floor":44,"turns":9},{"damage":61,"enemies":"Transient","floor":45,"turns":5},{"damage":20,"enemies":"Sphere and 2 Shapes","floor":46,"turns":6},{"damage":47,"enemies":"Writhing Mass","floor":47,"turns":5},{"damage":36,"enemies":"downfall:FleeingMerchant","floor":48,"turns":4},{"damage":69,"enemies":"Jaw Worm Horde","floor":49,"turns":3},{"damage":42,"enemies":"downfall:Watcher","floor":50,"turns":7}],"seed_played":"-5132076739232830244","potions_obtained":[{"floor":2,"key":"Energy Potion"},{"floor":3,"key":"Dexterity Potion"},{"floor":10,"key":"Block Potion"},{"floor":12,"key":"SkillPotion"},{"floor":13,"key":"Ancient Potion"},{"floor":20,"key":"Regen Potion"},{"floor":20,"key":"Ancient Potion"},{"floor":20,"key":"LiquidBronze"},{"floor":21,"key":"sneckomod:MuddlingPotion"},{"floor":22,"key":"Strength Potion"},{"floor":29,"key":"BlessingOfTheForge"},{"floor":33,"key":"Dexterity Potion"},{"floor":34,"key":"Elixir"},{"floor":36,"key":"CultistPotion"},{"floor":46,"key":"ColorlessPotion"},{"floor":49,"key":"AttackPotion"}],"is_trial":false,"path_per_floor":["R","M","M","?","M","R","T","R","M","E","M","M","M","M","M","B",null,"R","?","?","M","M","E","T","R","E","R","?","M","M","$","M","B",null,"R","M","R","M","E","R","T","?","R","E","M","M","M","$","M","B",null],"character_chosen":"THE_CHAMP","items_purchased":["Omamori","expansioncontent:DefensiveStance","champ:GladiatorStyle","Pear"],"campfire_rested":4,"item_purchase_floors":[31,31,31,48],"current_hp_per_floor":[81,81,81,81,76,76,76,76,81,74,67,69,69,69,69,42,81,81,81,70,65,64,44,44,81,41,68,68,64,52,52,40,29,96,96,56,84,61,46,75,75,75,75,89,58,62,63,78,57,65],"gold":34,"neow_bonus":"REMOVE_TWO","is_daily":false,"chose_seed":false,"campfire_upgraded":4,"win_rate":0.0,"timestamp":1608276013,"path_taken":["R","?","M","?","M","R","T","R","M","E","M","M","M","?","M","BOSS","R","?","?","?","M","E","T","R","E","R","?","M","M","?","M","BOSS","R","M","R","M","E","R","T","?","R","E","M","?","?","$","M","BOSS"],"items_purchased_type":["Relic","Card","Card","Relic"],"build_version":"2020-12-13","purchased_purges":2,"victory":true,"max_hp_per_floor":[81,81,81,81,81,81,81,81,81,81,81,81,81,81,81,81,81,81,81,81,81,81,81,81,91,91,91,91,91,91,91,91,91,96,96,96,96,96,99,99,99,99,99,102,102,102,102,112,112,112],"card_choices":[{"not_picked":["champ:SwordSigil","champ:GladiatorsShout"],"picked":"champ:FocusedGladiator","floor":2},{"not_picked":["champ:BerserkersShout","champ:Encircle"],"picked":"champ:GutPunch","floor":3},{"not_picked":["champ:BerserkerStyle","champ:RageSigil"],"picked":"champ:AdrenalArmor","floor":5},{"not_picked":["champ:CrookedStrike","champ:FlashCut"],"picked":"champ:PreciseThrust","floor":9},{"not_picked":["champ:RageSigil","champ:Lariat"],"picked":"champ:EnchantSword","floor":10},{"not_picked":["champ:Balance","champ:Circumvent"],"picked":"champ:ViciousMockery","floor":11},{"not_picked":["champ:GutPunch","champ:DeathBlow","champ:RageSigil"],"picked":"SKIP","floor":12},{"not_picked":["champ:BladeFlurry","champ:ViciousMockery","champ:PreciseThrust"],"picked":"SKIP","floor":13},{"not_picked":["champ:TornadoPunch","champ:HeartStrike","champ:EnGarde"],"picked":"SKIP","floor":14},{"not_picked":["champ:TornadoPunch","champ:Shatter","champ:SwordSigil"],"picked":"SKIP","floor":15},{"not_picked":["champ:CheapShot","champ:HoldFirm"],"picked":"champ:Improvising","floor":16},{"not_picked":["CurseOfTheBell","Pain"],"picked":"ReplayTheSpireMod:IOU","floor":17},{"not_picked":["Regret","Hallucinations"],"picked":"Sickly","floor":17},{"not_picked":["hexamod:Haunted","Regret"],"picked":"hubris:Sloth","floor":17},{"not_picked":["champ:Haymaker+1","champ:EndlessRage"],"picked":"champ:Backstep","floor":20},{"not_picked":["champ:HoldFirm","champ:Circumvent+1","champ:ShieldWall"],"picked":"SKIP","floor":21},{"not_picked":["champ:Backstep+1","champ:BringItOn","champ:Shatter"],"picked":"SKIP","floor":22},{"not_picked":["champ:StanceDance","champ:Haymaker+1","champ:ShieldThrow"],"picked":"SKIP","floor":23},{"not_picked":["champ:ShieldSigil+1","champ:EnGarde","champ:GutPunch"],"picked":"SKIP","floor":26},{"not_picked":["champ:DeathBlow","champ:FocusedGladiator+1","champ:CrookedStrike"],"picked":"SKIP","floor":29},{"not_picked":["champ:TornadoPunch","champ:StanceDance","champ:Circumvent"],"picked":"SKIP","floor":30},{"not_picked":["champ:PerfectedStrike+1","champ:Encircle+1"],"picked":"champ:EndlessRage","floor":31},{"not_picked":["champ:ShieldWall","champ:CalledShot"],"picked":"champ:Shatter","floor":32},{"not_picked":["champ:ShieldSlam","champ:Improvising"],"picked":"champ:ShieldThrow","floor":33},{"not_picked":["champ:BladeFlurry+1","champ:HeartStrike","champ:StanceDance"],"picked":"SKIP","floor":36},{"not_picked":["champ:Circumvent","champ:ArenaPreparation+1"],"picked":"champ:RageSigil+1","floor":38},{"not_picked":["champ:GladiatorsShout+1","champ:StanceDance"],"picked":"champ:StrikeOfGenius","floor":39},{"not_picked":["champ:ShieldSigil","champ:DefensiveShout+1","champ:DeathBlow+1"],"picked":"SKIP","floor":44},{"not_picked":["champ:ShieldSigil","champ:DefensiveShout+1"],"picked":"champ:DeathBlow+1","floor":44},{"not_picked":["champ:Backstep","champ:CalledShot+1","champ:PerfectedStrike+1"],"picked":"SKIP","floor":45},{"not_picked":["champ:ShieldWall+1","champ:Circumvent+1","champ:Haymaker"],"picked":"SKIP","floor":46},{"not_picked":["champ:PerfectedStrike+1","champ:StanceDance","champ:Shatter"],"picked":"SKIP","floor":47},{"not_picked":["champ:ArenaPreparation+1","champ:Lariat","champ:DefensiveShout+1"],"picked":"SKIP","floor":48},{"not_picked":["champ:Shatter+1","champ:DeathBlow+1","champ:EnchantCrown"],"picked":"SKIP","floor":49}],"player_experience":774540,"relics_obtained":[{"floor":7,"key":"Pondfish Scales"},{"floor":10,"key":"ReplayTheSpireMod:Lightbulb"},{"floor":20,"key":"Potion Belt"},{"floor":23,"key":"Turnip"},{"floor":26,"key":"MawBank"},{"floor":39,"key":"Replay:Ringing Soul"},{"floor":41,"key":"Replay:Rubber Ducky"},{"floor":44,"key":"Gremlin Food"}],"event_choices":[{"damage_healed":0,"gold_gain":0,"cards_transformed":["champ:Strike"],"player_choice":"Transformed","damage_taken":0,"max_hp_gain":0,"max_hp_loss":0,"event_name":"Transmorgrifier","floor":4,"gold_loss":0,"cards_obtained":["champ:BerserkerStyle"]},{"cards_removed":["champ:Strike"],"damage_healed":0,"gold_gain":0,"player_choice":"Offered Basic","damage_taken":0,"max_hp_gain":0,"max_hp_loss":0,"event_name":"Bonfire Elementals","floor":28,"gold_loss":0},{"damage_healed":0,"gold_gain":0,"player_choice":"Forge","damage_taken":0,"max_hp_gain":0,"max_hp_loss":0,"event_name":"Accursed Blacksmith","floor":42,"gold_loss":0,"cards_upgraded":["champ:Improvising"]}],"is_beta":false,"boss_relics":[{"not_picked":["Philosopher\u0027s Stone","Velvet Choker"],"picked":"Replay:Ancient Bell"},{"not_picked":["hubris:SlimyHat","Bag of Preparation"],"picked":"MealTicket"},{"not_picked":["ReplayTheSpireMod:Shallot","Eternal Feather"],"picked":"Replay:WaspNest"},{"not_picked":["CaptainsWheel","Ice Cream"],"picked":"Lizard Tail"},{"not_picked":["Fusion Hammer","Replay:Drink Me"],"picked":"Tiny House"}],"items_purged_floors":[31,48],"is_endless":false,"potions_floor_spawned":[2,3,10,12,13,21,22,29,30,33,36,38,44,46,49],"ascension_level":1}}