{"host":"2wksfjtj8fwk6gfi","time":1608280901,"event":{"mods":["BaseMod","Minty Spire (QoL Compilation)","Quick Restart","StSLib"],"gold_per_floor":[109,124,124,137,150,150,166,341,341,352,53,53,53,53,53,154,154,168,243,18,18,35,35,35],"floor_reached":23,"playtime":758,"items_purged":["Doubt"],"score":190,"play_id":"a22c5b11-3215-4bc7-b1fc-e63602ddf585","local_time":"20201218164141","is_ascension_mode":true,"campfire_choices":[{"data":"Fusion","floor":6.0,"key":"SMITH"},{"floor":13.0,"key":"REST"},{"floor":15.0,"key":"REST"}],"circlet_count":0,"master_deck":["Strike_B","Strike_B","Strike_B","Defend_B+1","Defend_B","Defend_B","Defend_B","Zap","Dualcast+1","Defragment+1","Defragment","Fusion+1","Streamline+1","Leap","Melter","Buffer","Double Energy"],"relics":["Cracked Core","Prayer Wheel","HandDrill","Incense Burner","Runic Pyramid","Membership Card","War Paint","Ice Cream"],"acts_visited":["Exordium","TheCity"],"potions_floor_usage":[16],"damage_taken":[{"damage":1.0,"enemies":"2 Louse","floor":1.0,"turns":2.0},{"damage":1.0,"enemies":"Cultist","floor":2.0,"turns":3.0},{"damage":8.0,"enemies":"Jaw Worm","floor":4.0,"turns":3.0},{"damage":21.0,"enemies":"Exordium Wildlife","floor":5.0,"turns":4.0},{"damage":10.0,"enemies":"Looter","floor":7.0,"turns":4.0},{"damage":24.0,"enemies":"Exordium Thugs","floor":10.0,"turns":6.0},{"damage":43,"enemies":"Hexaghost","floor":16,"turns":8},{"damage":5,"enemies":"Chosen","floor":18,"turns":5},{"damage":0,"enemies":"Spheric Guardian","floor":22,"turns":3},{"damage":79,"enemies":"Book of Stabbing","floor":23,"turns":9}],"seed_played":"-233560435635210752","potions_obtained":[{"floor":1.0,"key":"Fruit Juice"},{"floor":7.0,"key":"EssenceOfDarkness"},{"floor":16,"key":"DuplicationPotion"},{"floor":18,"key":"Strength Potion"}],"is_trial":false,"path_per_floor":["M","M","?","M","M","R","M","?","T","M","$","?","R","?","R","B",null,"M","?","$","T","M","E"],"character_chosen":"DEFECT","items_purchased":["Melter","HandDrill","Membership Card","War Paint"],"campfire_rested":2,"item_purchase_floors":[11,11,20,20],"current_hp_per_floor":[81,80,80,72,51,51,41,41,41,17,22,5,31,24,50,7,87,82,74,74,74,74,0,0],"gold":35,"neow_bonus":"TEN_PERCENT_HP_BONUS","is_daily":false,"chose_seed":false,"campfire_upgraded":1,"win_rate":0.0,"timestamp":1608280901,"path_taken":["M","M","?","M","?","R","M","?","T","M","?","?","R","?","R","BOSS","M","?","?","?","?","E"],"items_purchased_type":["Card","Relic","Relic","Relic"],"build_version":"2020-12-13","purchased_purges":1,"victory":false,"max_hp_per_floor":[82,82,82,82,82,82,82,82,82,82,87,87,87,87,87,87,87,87,87,87,87,87,87,87],"card_choices":[{"not_picked":["Scrape","Hologram"],"picked":"Defragment","floor":1.0},{"not_picked":["Beam Cell","Leap"],"picked":"Defragment","floor":2.0},{"not_picked":["Coolheaded","Barrage","Compile Driver"],"picked":"SKIP","floor":4.0},{"not_picked":["Gash","Stack"],"picked":"Fusion","floor":5.0},{"not_picked":["Compile Driver","Barrage","Redo"],"picked":"SKIP","floor":7.0},{"not_picked":["Redo","Hello World"],"picked":"Streamline","floor":10.0},{"not_picked":["Buffer","FTL"],"picked":"Leap","floor":10.0},{"not_picked":["Thunder Strike","Multi-Cast"],"picked":"Buffer","floor":16},{"not_picked":["Skim","Hello World+1","Double Energy"],"picked":"SKIP","floor":18},{"not_picked":["Consume","Stack","Redo"],"picked":"SKIP","floor":18},{"not_picked":["Cold Snap","Loop"],"picked":"Double Energy","floor":22},{"not_picked":["Hologram","Go for the Eyes","Compile Driver"],"picked":"SKIP","floor":22}],"player_experience":158423,"relics_obtained":[{"floor":9.0,"key":"Prayer Wheel"},{"floor":21,"key":"Ice Cream"}],"event_choices":[{"cards_removed":["Strike_B"],"damage_healed":0.0,"max_hp_gain":0.0,"max_hp_loss":0.0,"gold_gain":0.0,"event_name":"Purifier","player_choice":"Purged","floor":3.0,"gold_loss":0.0,"damage_taken":0.0},{"damage_healed":0.0,"max_hp_gain":0.0,"max_hp_loss":0.0,"gold_gain":175.0,"event_name":"Liars Game","player_choice":"AGREE","floor":8.0,"gold_loss":0.0,"damage_taken":0.0,"cards_obtained":["Doubt"]},{"damage_healed":0.0,"max_hp_gain":0.0,"max_hp_loss":0.0,"gold_gain":0.0,"event_name":"Shining Light","player_choice":"Entered Light","floor":12.0,"gold_loss":0.0,"damage_taken":17.0,"cards_upgraded":["Streamline","Defragment"]},{"damage_healed":0.0,"max_hp_gain":0.0,"max_hp_loss":0.0,"gold_gain":0.0,"event_name":"Scrap Ooze","player_choice":"Success","floor":14.0,"gold_loss":0.0,"damage_taken":7.0,"relics_obtained":["Incense Burner"]},{"damage_healed":0,"gold_gain":75,"player_choice":"Touch","damage_taken":8,"max_hp_gain":0,"max_hp_loss":0,"event_name":"FaceTrader","floor":19,"gold_loss":0}],"is_beta":false,"boss_relics":[{"not_picked":["FrozenCore","Busted Crown"],"picked":"Runic Pyramid"}],"items_purged_floors":[11],"is_endless":false,"potions_floor_spawned":[1,7,16,18],"killed_by":"Book of Stabbing","ascension_level":1}}