{"host":"7tvb1em0d2fx72q7","time":1608251052,"event":{"mods":["BaseMod","Challenge The Spire","Minty Spire (QoL Compilation)","StSLib","everything is the same but u backflip on backflip"],"gold_per_floor":[99,99,99,99,99,99,99,99,99,99,99,99,99,99,99,99,99,99,99,24,24,24,24,24,24,24,24,24,24,24,24,24,24,24,24,24,24,24,24,24,24,24,24,24,24,24,24,24,24,24,24,24,24,24,24,24],"floor_reached":55,"playtime":12703,"items_purged":["Pain"],"score":1678,"play_id":"2dbbc5d7-be4e-4c4f-8dbb-c0c113a8b2f8","local_time":"20201217192412","is_ascension_mode":true,"campfire_choices":[{"data":"Deadly Poison","floor":6.0,"key":"SMITH"},{"floor":10.0,"key":"REST"},{"data":"After Image","floor":15.0,"key":"SMITH"},{"data":"Crippling Poison","floor":23.0,"key":"SMITH"},{"floor":32.0,"key":"REST"},{"data":"Catalyst","floor":40.0,"key":"SMITH"},{"floor":49.0,"key":"RECALL"},{"data":"Catalyst","floor":52.0,"key":"SMITH"}],"circlet_count":0,"master_deck":["AscendersBane","Survivor","Deadly Poison+1","Poisoned Stab","Backflip","All Out Attack","Crippling Poison+1","Deadly Poison","After Image+1","PiercingWail","Poisoned Stab","Blade Dance","Venomology","Catalyst+1","Bane","Noxious Fumes","Catalyst+1","Poisoned Stab","Dash","Concentrate","Predator","Blade Dance","Glass Knife","Setup+1","Unload+1","Deflect+1","Backflip","Blade Dance+1","Backflip","Corpse Explosion+1","PiercingWail+1","Venomology+1","Terror+1","Bouncing Flask+1","Blade Dance+1"],"relics":["Ectoplasm","Dead Branch","Shuriken","Ancient Tea Set","Lantern","Pandora\u0027s Box","WarpedTongs","Gambling Chip","Incense Burner","Centennial Puzzle","Smiling Mask","Ice Cream","Astrolabe","Toxic Egg 2","Du-Vu Doll","Calipers"],"acts_visited":["Exordium","TheCity","TheBeyond","TheEnding"],"potions_floor_usage":[55,55],"damage_taken":[{"damage":0.0,"enemies":"2 Louse","floor":1.0,"turns":3.0},{"damage":1.0,"enemies":"Small Slimes","floor":2.0,"turns":4.0},{"damage":1.0,"enemies":"Cultist","floor":3.0,"turns":4.0},{"damage":10.0,"enemies":"Large Slime","floor":4.0,"turns":7.0},{"damage":0.0,"enemies":"3 Louse","floor":5.0,"turns":3.0},{"damage":0.0,"enemies":"Gremlin Gang","floor":7.0,"turns":2.0},{"damage":25.0,"enemies":"Lagavulin","floor":8.0,"turns":6.0},{"damage":8.0,"enemies":"3 Sentries","floor":11.0,"turns":7.0},{"damage":19.0,"enemies":"Gremlin Nob","floor":13.0,"turns":4.0},{"damage":7.0,"enemies":"Blue Slaver","floor":14.0,"turns":3.0},{"damage":0.0,"enemies":"Hexaghost","floor":16.0,"turns":10.0},{"damage":1.0,"enemies":"Spheric Guardian","floor":18.0,"turns":3.0},{"damage":5.0,"enemies":"Shell Parasite","floor":22.0,"turns":3.0},{"damage":18.0,"enemies":"Book of Stabbing","floor":24.0,"turns":5.0},{"damage":1.0,"enemies":"Slavers","floor":27.0,"turns":4.0},{"damage":17.0,"enemies":"Shelled Parasite and Fungi","floor":29.0,"turns":2.0},{"damage":3.0,"enemies":"Centurion and Healer","floor":30.0,"turns":4.0},{"damage":0.0,"enemies":"Snake Plant","floor":31.0,"turns":3.0},{"damage":5.0,"enemies":"Collector","floor":33.0,"turns":4.0},{"damage":3.0,"enemies":"3 Darklings","floor":35.0,"turns":5.0},{"damage":2.0,"enemies":"3 Shapes","floor":36.0,"turns":4.0},{"damage":5.0,"enemies":"Spire Growth","floor":37.0,"turns":3.0},{"damage":0.0,"enemies":"4 Shapes","floor":41.0,"turns":2.0},{"damage":7.0,"enemies":"Nemesis","floor":42.0,"turns":3.0},{"damage":0.0,"enemies":"Maw","floor":44.0,"turns":5.0},{"damage":13.0,"enemies":"Giant Head","floor":45.0,"turns":5.0},{"damage":0.0,"enemies":"Jaw Worm Horde","floor":46.0,"turns":3.0},{"damage":3.0,"enemies":"4 Shapes","floor":47.0,"turns":5.0},{"damage":0.0,"enemies":"Spire Growth","floor":48.0,"turns":3.0},{"damage":3.0,"enemies":"Awakened One","floor":50.0,"turns":7.0},{"damage":50,"enemies":"Shield and Spear","floor":54,"turns":6},{"damage":68,"enemies":"The Heart","floor":55,"turns":3}],"seed_played":"7031195839496040137","potions_obtained":[{"floor":2.0,"key":"ColorlessPotion"},{"floor":3.0,"key":"SteroidPotion"},{"floor":4.0,"key":"FairyPotion"},{"floor":11.0,"key":"SmokeBomb"},{"floor":14.0,"key":"SteroidPotion"},{"floor":24.0,"key":"Strength Potion"},{"floor":27.0,"key":"Swift Potion"},{"floor":42.0,"key":"Strength Potion"},{"floor":47.0,"key":"Block Potion"},{"floor":54,"key":"Swift Potion"}],"is_trial":false,"path_per_floor":["M","M","M","M","M","R","M","E","T","R","?","?","E","M","R","B",null,"M","?","$","T","M","R","E","?","T","E","?","M","M","M","R","B",null,"M","M","M","?","?","R","M","E","T","M","E","M","M","M","R","B",null,"R","$","E","B"],"character_chosen":"THE_SILENT","items_purchased":[],"campfire_rested":2,"item_purchase_floors":[],"current_hp_per_floor":[59,58,57,47,47,47,47,22,22,41,33,33,14,7,7,7,51,50,50,50,50,45,45,27,27,27,26,26,9,6,15,34,29,57,54,52,47,47,47,47,47,40,40,40,27,27,24,24,24,21,53,53,53,3,0,0],"gold":24,"neow_bonus":"BOSS_RELIC","is_daily":false,"chose_seed":false,"campfire_upgraded":5,"win_rate":0.0,"timestamp":1608251052,"path_taken":["M","M","M","M","M","R","M","E","T","R","?","?","E","M","R","BOSS","M","?","$","?","M","R","E","?","T","E","?","?","M","M","R","BOSS","M","M","M","?","?","R","M","E","T","?","E","M","M","M","R","BOSS","R","$","E","BOSS"],"items_purchased_type":[],"build_version":"2020-12-13","purchased_purges":1,"victory":false,"max_hp_per_floor":[66,66,66,66,66,66,66,66,66,66,66,66,66,66,66,66,66,66,66,66,66,66,66,66,66,66,66,66,66,66,66,66,66,66,66,66,66,66,63,63,63,63,63,63,63,63,63,63,63,63,63,63,63,63,63,63],"card_choices":[{"not_picked":["Backstab","Well Laid Plans"],"picked":"Deadly Poison","floor":1.0},{"not_picked":["Setup","Slice"],"picked":"Poisoned Stab","floor":2.0},{"not_picked":["Deflect","Prepared"],"picked":"Backflip","floor":3.0},{"not_picked":["Poisoned Stab","Accuracy"],"picked":"All Out Attack","floor":4.0},{"not_picked":["Well Laid Plans","Underhanded Strike"],"picked":"Crippling Poison","floor":5.0},{"not_picked":["Deflect","Outmaneuver"],"picked":"Deadly Poison","floor":7.0},{"not_picked":["Blade Dance","Acrobatics"],"picked":"After Image","floor":8.0},{"not_picked":["Outmaneuver","Endless Agony"],"picked":"PiercingWail","floor":11.0},{"not_picked":["Infinite Blades","Backflip"],"picked":"Poisoned Stab","floor":13.0},{"not_picked":["All Out Attack","Blur"],"picked":"Blade Dance","floor":14.0},{"not_picked":["Phantasmal Killer","Bullet Time"],"picked":"Venomology","floor":16.0},{"not_picked":["Poisoned Stab","Infinite Blades","Dodge and Roll"],"picked":"SKIP","floor":18.0},{"not_picked":["Prepared","Sucker Punch"],"picked":"Dash","floor":22.0},{"not_picked":["Setup","Flying Knee","Acrobatics"],"picked":"SKIP","floor":24.0},{"not_picked":["Grand Finale","Acrobatics","Underhanded Strike"],"picked":"SKIP","floor":27.0},{"not_picked":["Dagger Spray","Blade Dance"],"picked":"Predator","floor":29.0},{"not_picked":["Dagger Spray","Reflex","Dash+1"],"picked":"SKIP","floor":30.0},{"not_picked":["Heel Hook","All Out Attack"],"picked":"Blade Dance","floor":31.0},{"not_picked":["Die Die Die","Envenom"],"picked":"Glass Knife","floor":33.0},{"not_picked":["Blade Dance","Bane"],"picked":"Backflip","floor":35.0},{"not_picked":["Sucker Punch","Bane","Poisoned Stab"],"picked":"SKIP","floor":36.0},{"not_picked":["Masterful Stab","Prepared"],"picked":"Blade Dance+1","floor":37.0},{"not_picked":["Poisoned Stab","Slice"],"picked":"Backflip","floor":41.0},{"not_picked":["Footwork","Escape Plan+1"],"picked":"Corpse Explosion+1","floor":42.0},{"not_picked":["Bane","Dagger Throw"],"picked":"PiercingWail+1","floor":44.0},{"not_picked":["PiercingWail+1","Infinite Blades"],"picked":"Venomology+1","floor":45.0},{"not_picked":["Accuracy","PiercingWail+1"],"picked":"Terror+1","floor":46.0},{"not_picked":["Escape Plan+1","Flying Knee"],"picked":"Bouncing Flask+1","floor":47.0},{"not_picked":["Sucker Punch","Tools of the Trade"],"picked":"Blade Dance+1","floor":48.0},{"not_picked":["Dash","Dagger Spray","Noxious Fumes"],"picked":"SKIP","floor":54}],"player_experience":1850158,"relics_obtained":[{"floor":8.0,"key":"Dead Branch"},{"floor":9.0,"key":"Shuriken"},{"floor":11.0,"key":"Ancient Tea Set"},{"floor":13.0,"key":"Lantern"},{"floor":21.0,"key":"Gambling Chip"},{"floor":24.0,"key":"Incense Burner"},{"floor":26.0,"key":"Centennial Puzzle"},{"floor":27.0,"key":"Smiling Mask"},{"floor":42.0,"key":"Toxic Egg 2"},{"floor":45.0,"key":"Du-Vu Doll"},{"floor":54,"key":"Calipers"}],"event_choices":[{"damage_healed":0.0,"max_hp_gain":0.0,"max_hp_loss":0.0,"gold_gain":0.0,"event_name":"Dead Adventurer","player_choice":"Searched \u00271\u0027 times","floor":11.0,"gold_loss":0.0,"damage_taken":0.0},{"damage_healed":0.0,"max_hp_gain":0.0,"max_hp_loss":0.0,"gold_gain":0.0,"event_name":"Liars Game","player_choice":"Ignored","floor":12.0,"gold_loss":0.0,"damage_taken":0.0},{"damage_healed":0.0,"max_hp_gain":0.0,"max_hp_loss":0.0,"gold_gain":0.0,"event_name":"Accursed Blacksmith","player_choice":"Rummage","floor":19.0,"gold_loss":0.0,"damage_taken":0.0,"relics_obtained":["WarpedTongs"],"cards_obtained":["Pain"]},{"damage_healed":0.0,"max_hp_gain":0.0,"max_hp_loss":0.0,"gold_gain":0.0,"cards_transformed":["Outmaneuver","Tools of the Trade"],"event_name":"Drug Dealer","player_choice":"Became Test Subject","floor":25.0,"gold_loss":0.0,"damage_taken":0.0,"cards_obtained":["Grand Finale","Concentrate"]},{"cards_removed":["Unload"],"damage_healed":0.0,"max_hp_gain":0.0,"max_hp_loss":0.0,"gold_gain":0.0,"event_name":"WeMeetAgain","player_choice":"Gave Card","floor":28.0,"gold_loss":0.0,"damage_taken":0.0,"relics_obtained":["Ice Cream"]},{"cards_removed":["Neutralize"],"damage_healed":0.0,"max_hp_gain":0.0,"max_hp_loss":0.0,"gold_gain":0.0,"event_name":"Falling","player_choice":"Removed Attack","floor":38.0,"gold_loss":0.0,"damage_taken":0.0},{"damage_healed":0.0,"max_hp_gain":0.0,"max_hp_loss":3.0,"gold_gain":0.0,"event_name":"Winding Halls","player_choice":"Max HP","floor":39.0,"gold_loss":0.0,"damage_taken":0.0}],"is_beta":false,"boss_relics":[{"not_picked":["HoveringKite","Runic Pyramid"],"picked":"Pandora\u0027s Box"},{"not_picked":["Busted Crown","Tiny House"],"picked":"Astrolabe"}],"items_purged_floors":[20],"is_endless":false,"potions_floor_spawned":[2,3,4,11,14,24,27,41,42,44,47,48,54],"killed_by":"The Heart","ascension_level":19}}