{"host":"ocy7z4248lncoz2b","time":1608280648,"event":{"mods":["BaseMod","Beaked The Cultist","Better Match","Better Sensory Stone","Better Third Choice","BetterRewards","Clockwork Mod","Colored Powertips","Conspire","Downfall","Friendly Minions","Highlight Path","Hubris","Infinite Spire","Marisa????????","Mimic Mod","Minty Spire (QoL Compilation)","READ ME - Guardian Mod","Replay The Spire","Shop Mod","Spicy Shops","Spikes Relics","StSLib","SuperFastMode","The Blue Laboratory","The Construct","The Jungle"],"gold_per_floor":[99,3,3,14,14,14,37,37,22,60,18,36,63,513,531,531,531],"floor_reached":16,"playtime":547,"items_purged":[],"score":98,"play_id":"835ba058-3e2c-4845-8c22-80db30d147f6","local_time":"20201218173728","is_ascension_mode":false,"campfire_choices":[{"data":"ShootingEcho","floor":1,"key":"SMITH"},{"data":"OpenUniverse","floor":3,"key":"SMITH"},{"data":"StarBarrage","floor":6,"key":"SMITH"},{"data":"OrrerysSun","floor":8,"key":"SMITH"}],"circlet_count":0,"master_deck":["Strike_MRS","Strike_MRS","Strike_MRS","Defend_MRS","Defend_MRS","Defend_MRS","Defend_MRS","MasterSpark","UpSweep","ShootingEcho+1","OpenUniverse+1","OrrerysSun+1","StarBarrage+1","Robbery","PulseMagic","WitchOfGreed","Slimebound:Icky","Slimebound:Icky","Slimebound:Icky","OortCloud"],"relics":["MiniHakkero","Centennial Puzzle","MawBank","Letter Opener"],"acts_visited":["Exordium"],"potions_floor_usage":[9,11,15,16,16],"damage_taken":[{"damage":0,"enemies":"downfall:FleeingMerchant","floor":2,"turns":4},{"damage":1,"enemies":"Cultist","floor":4,"turns":4},{"damage":2,"enemies":"downfall:FleeingMerchant","floor":9,"turns":4},{"damage":26,"enemies":"3 Sentries","floor":10,"turns":6},{"damage":15,"enemies":"downfall:FleeingMerchant","floor":11,"turns":4},{"damage":8,"enemies":"Jaw Worm","floor":12,"turns":3},{"damage":0,"enemies":"Small Slimes","floor":13,"turns":3},{"damage":7,"enemies":"2 Fungi Beasts","floor":15,"turns":3},{"damage":23,"enemies":"downfall:Defect","floor":16,"turns":4}],"seed_played":"4781179025341898013","potions_obtained":[{"floor":5,"key":"Guardian:BlockOnCardUsePotion"},{"floor":5,"key":"Doom Potion"},{"floor":5,"key":"Cursed Concoction"},{"floor":10,"key":"Energy Potion"},{"floor":13,"key":"ColorlessPotion"},{"floor":15,"key":"Elixir"}],"is_trial":false,"path_per_floor":["R","$","R","M","?","R","T","R","$","E","$","M","M","?","M","B"],"character_chosen":"MARISA","items_purchased":["OrrerysSun","WitchOfGreed"],"campfire_rested":0,"item_purchase_floors":[2,11],"current_hp_per_floor":[75,75,75,74,74,74,74,74,72,46,31,23,23,23,16,0,0],"gold":531,"neow_bonus":"TRANSFORM_CARD","is_daily":false,"chose_seed":false,"campfire_upgraded":4,"win_rate":0.0,"timestamp":1608280648,"path_taken":["R","?","R","M","?","R","T","R","$","E","$","M","?","?","M","BOSS"],"items_purchased_type":["Card","Card"],"build_version":"2020-12-13","purchased_purges":0,"victory":false,"max_hp_per_floor":[75,75,75,75,75,75,75,75,75,75,75,75,75,75,75,75,75],"card_choices":[{"not_picked":["IllusionStar","OneTimeOff"],"picked":"OpenUniverse","floor":2},{"not_picked":["DragonMeteor","ShootTheMoon"],"picked":"StarBarrage","floor":4},{"not_picked":["Occultation","WitchLeyline"],"picked":"Robbery","floor":9},{"not_picked":["DoubleSpark","DC","StarlightTyphoon"],"picked":"SKIP","floor":10},{"not_picked":["DoubleSpark","DC","StarlightTyphoon"],"picked":"SKIP","floor":10},{"not_picked":["UnstableBomb","IllusionStar"],"picked":"PulseMagic","floor":11},{"not_picked":["DarkSpark","GravityBeat","MysteriousBeam"],"picked":"SKIP","floor":12},{"not_picked":["GrandCross","GravityBeat","Acceleration"],"picked":"SKIP","floor":13},{"not_picked":["ShootingEcho","WitchLeyline"],"picked":"OortCloud","floor":15}],"player_experience":262832,"relics_obtained":[{"floor":7,"key":"Centennial Puzzle"},{"floor":10,"key":"MawBank"}],"event_choices":[{"damage_healed":0,"gold_gain":0,"player_choice":"Got Potions","damage_taken":0,"max_hp_gain":0,"max_hp_loss":0,"event_name":"Lab","floor":5,"gold_loss":0}],"is_beta":false,"boss_relics":[],"items_purged_floors":[],"is_endless":false,"potions_floor_spawned":[10,13,15],"killed_by":"downfall:Defect","ascension_level":0}}