{"host":"Qube","time":1608331694,"event":{"mods":["AchievementEnabler","BaseMod","Colored Powertips","Minty Spire (QoL Compilation)","Quick Restart","Random Character Button"],"gold_per_floor":[112,123,123,143,155,155,184,184,184,201,221,247,247,264,264,341,341,357,368,63,63,75,75,75],"floor_reached":23,"playtime":857,"items_purged":[],"score":349,"play_id":"af6b2a2e-7568-4c7c-ab94-4f9d766fd188","local_time":"20201218144814","is_ascension_mode":true,"campfire_choices":[{"data":"Perfected Strike","floor":6.0,"key":"SMITH"},{"data":"Fire Breathing","floor":8.0,"key":"SMITH"},{"data":"Armaments","floor":13,"key":"SMITH"},{"data":"Rage","floor":15,"key":"SMITH"}],"circlet_count":0,"master_deck":["AscendersBane","Strike_R","Strike_R","Strike_R","Strike_R","Strike_R","Defend_R","Defend_R","Defend_R","Defend_R","Bash+1","Cleave","Headbutt","Perfected Strike+1","Fire Breathing+1","Rage+1","Shrug It Off","Battle Trance","Armaments+1","Immolate+1"],"relics":["Burning Blood","NeowsBlessing","Blue Candle","Self Forming Clay","Molten Egg 2","Runic Cube","Shovel"],"acts_visited":["Exordium","TheCity"],"potions_floor_usage":[11,16,18],"damage_taken":[{"damage":0.0,"enemies":"Jaw Worm","floor":1.0,"turns":1.0},{"damage":0.0,"enemies":"Cultist","floor":2.0,"turns":1.0},{"damage":0.0,"enemies":"Small Slimes","floor":4.0,"turns":1.0},{"damage":10.0,"enemies":"2 Fungi Beasts","floor":5.0,"turns":3.0},{"damage":16.0,"enemies":"Gremlin Nob","floor":7.0,"turns":3.0},{"damage":18.0,"enemies":"Large Slime","floor":10.0,"turns":5.0},{"damage":19,"enemies":"Exordium Wildlife","floor":11,"turns":4},{"damage":9,"enemies":"3 Sentries","floor":12,"turns":5},{"damage":3,"enemies":"Blue Slaver","floor":14,"turns":3},{"damage":21,"enemies":"Slime Boss","floor":16,"turns":8},{"damage":12,"enemies":"3 Byrds","floor":18,"turns":5},{"damage":20,"enemies":"2 Thieves","floor":19,"turns":4},{"damage":15,"enemies":"Snecko","floor":22,"turns":5},{"damage":49,"enemies":"Book of Stabbing","floor":23,"turns":5}],"seed_played":"-5327139532688703853","potions_obtained":[{"floor":2.0,"key":"Regen Potion"},{"floor":5.0,"key":"Fire Potion"},{"floor":10.0,"key":"FairyPotion"},{"floor":11,"key":"LiquidMemories"},{"floor":16,"key":"Fire Potion"}],"is_trial":false,"path_per_floor":["M","M","?","M","M","R","E","R","T","M","M","E","R","M","R","B",null,"M","M","$","?","M","E"],"character_chosen":"IRONCLAD","items_purchased":["Shovel"],"campfire_rested":0,"item_purchase_floors":[20],"current_hp_per_floor":[74,75,75,75,71,71,61,61,61,49,48,45,45,48,48,33,65,59,45,45,31,22,0,0],"gold":75,"neow_bonus":"THREE_ENEMY_KILL","is_daily":false,"chose_seed":false,"campfire_upgraded":4,"win_rate":0.0,"timestamp":1608331694,"path_taken":["M","M","?","M","M","R","E","R","T","M","M","E","R","?","R","BOSS","M","M","$","?","M","E"],"items_purchased_type":["Relic"],"build_version":"2020-12-17","purchased_purges":0,"victory":false,"max_hp_per_floor":[75,75,75,75,75,75,75,75,75,75,75,75,75,75,75,75,75,75,75,75,80,80,80,80],"card_choices":[{"not_picked":["Body Slam","Flex"],"picked":"Cleave","floor":1.0},{"not_picked":["Dropkick","Heavy Blade"],"picked":"Headbutt","floor":2.0},{"not_picked":["Second Wind","Clothesline"],"picked":"Perfected Strike","floor":4.0},{"not_picked":["Barricade","Warcry"],"picked":"Fire Breathing","floor":5.0},{"not_picked":["Warcry","Seeing Red"],"picked":"Rage","floor":7.0},{"not_picked":["Iron Wave","Cleave"],"picked":"Shrug It Off","floor":10.0},{"not_picked":["Heavy Blade","Power Through"],"picked":"Battle Trance","floor":11},{"not_picked":["Reaper+1","Feel No Pain"],"picked":"Armaments","floor":12},{"not_picked":["Thunderclap+1","Infernal Blade","Flex"],"picked":"SKIP","floor":14},{"not_picked":["Offering","Limit Break"],"picked":"Immolate+1","floor":16},{"not_picked":["Dropkick+1","Thunderclap+1","Searing Blow+1"],"picked":"SKIP","floor":18},{"not_picked":["Feel No Pain","Headbutt+1","Clothesline+1"],"picked":"SKIP","floor":19},{"not_picked":["Sword Boomerang+1","Clash+1","Headbutt+1"],"picked":"SKIP","floor":22}],"player_experience":716157,"relics_obtained":[{"floor":7.0,"key":"Blue Candle"},{"floor":9.0,"key":"Self Forming Clay"},{"floor":12,"key":"Molten Egg 2"}],"event_choices":[{"damage_healed":0.0,"max_hp_gain":0.0,"max_hp_loss":0.0,"gold_gain":0.0,"event_name":"Upgrade Shrine","player_choice":"Upgraded","floor":3.0,"gold_loss":0.0,"damage_taken":0.0,"cards_upgraded":["Bash"]},{"damage_healed":0,"gold_gain":0,"player_choice":"Shed Blood","damage_taken":19,"max_hp_gain":5,"max_hp_loss":0,"event_name":"Forgotten Altar","floor":21,"gold_loss":0}],"is_beta":true,"boss_relics":[{"not_picked":["Empty Cage","Tiny House"],"picked":"Runic Cube"}],"items_purged_floors":[],"is_endless":false,"potions_floor_spawned":[2,5,10,11,14,16],"killed_by":"Book of Stabbing","ascension_level":14}}