{"host":"fecqo9dle3r7xt66","time":1608268326,"event":{"mods":["BaseMod","Downfall","Minty Spire (QoL Compilation)","Replay The Spire","Shop Mod","StSLib","[IsaacMod]ÒÔÈö¼âËþ"],"gold_per_floor":[115,165,179,179,7,7,7,7,7,32,61,92,92,123,123,218,218,233,233,283,302,334,334,6,23,23,23,23,50,64,79,79,179,179,199,397,21,68,68,68,68,95,95,25,59,129,204,219,219,219],"floor_reached":51,"playtime":4061,"items_purged":[],"score":970,"play_id":"a9595014-0190-4ac9-b451-3b21067a1f93","local_time":"20201218131206","daily_mods":["Heirloom","Flight","downfall:ChampStances","DeadlyEvents"],"is_ascension_mode":false,"campfire_choices":[{"floor":6.0,"key":"REST"},{"data":"sneckomod:SnekBeam","floor":8.0,"key":"SMITH"},{"data":"sneckomod:MorePower","floor":15.0,"key":"SMITH"},{"floor":23.0,"key":"REST"},{"floor":27,"key":"REST"},{"floor":40,"key":"REST"},{"floor":41,"key":"REST"}],"circlet_count":1,"master_deck":["sneckomod:Strike","sneckomod:Strike","sneckomod:Defend","sneckomod:Defend+1","sneckomod:Defend","sneckomod:TailWhip","sneckomod:SnekBite","sneckomod:Unknown+1","sneckomod:Unknown","sneckomod:UnknownCommonAttack","sneckomod:UnknownExhaust","sneckomod:UnknownClassTHE_CHAMP_GRAY","sneckomod:UnknownUncommonSkill","sneckomod:UnknownUncommonPower","sneckomod:UnknownStrike","sneckomod:SnekBeam+1","sneckomod:MorePower+1","sneckomod:UnknownRarePower+1","sneckomod:UnknownUncommonAttack+1","sneckomod:UnknownUncommonSkill+1","sneckomod:CheapStock","sneckomod:DiceBoulder","sneckomod:UnknownUncommonSkill+1","sneckomod:DangerNoodle","sneckomod:UnknownClassRED+1","sneckomod:DiceBoulder","sneckomod:SerpentIdol","sneckomod:UnknownRarePower+1","sneckomod:UnknownUncommonAttack+1","sneckomod:UnknownRarePower+1","sneckomod:SoulExchange","expansioncontent:AwakenDeath","sneckomod:UnknownUncommonPower","sneckomod:UnknownStrength+1","sneckomod:DiceCrush","sneckomod:Unknown3Cost+1","sneckomod:WideSting","sneckomod:UnknownWeak+1","sneckomod:UnknownUncommonAttack+1","sneckomod:UnknownStrength+1","sneckomod:RainOfDice","Ghostly","Ghostly","Ghostly","Ghostly","Ghostly","sneckomod:UnknownUncommonPower+1","sneckomod:DangerNoodle+1","expansioncontent:QuickStudy+1","sneckomod:UnknownWeak+1","sneckomod:UnknownUncommonAttack+1","sneckomod:ImprovisedGuard+1","sneckomod:CheapStock+1","sneckomod:UnknownBlock","Sickly","sneckomod:Unknown0Cost","sneckomod:UnknownCommonSkill+1","sneckomod:QuickBite+1","sneckomod:UnknownRareSkill+1","sneckomod:CheapStock","sneckomod:Unknown0Cost+1","sneckomod:Nope+1"],"relics":["sneckomod:SuperSneckoSoul","champ:ChampStancesModRelic","HushsDoor","Durian","DeadEye","BookofShadows","HowToJump","Bag of Marbles","War Paint","Lantern","Toy Ornithopter","Circlet","SlaversCollar","Smiling Mask","Snack Pack","PreservedInsect","Golden Egg","The Courier","ReplayFunnel","DeathBook","Vajra","ReplayTheSpireMod:Ring of Challenge","Ring of Hypnosis","Torii","Lizard Tail","BookOfRevelations","Meat on the Bone","Bronze Scales"],"acts_visited":["Exordium","TheCity","TheBeyond"],"potions_floor_usage":[33,42,50],"damage_taken":[{"damage":1.0,"enemies":"Jaw Worm","floor":1.0,"turns":2.0},{"damage":31.0,"enemies":"Hiden Room Battle","floor":2.0,"turns":4.0},{"damage":3.0,"enemies":"Cultist","floor":3.0,"turns":4.0},{"damage":7.0,"enemies":"HollowMod:MossKnight","floor":10.0,"turns":3.0},{"damage":32.0,"enemies":"Lagavulin","floor":11.0,"turns":6.0},{"damage":1.0,"enemies":"Gremlin Nob","floor":12.0,"turns":4.0},{"damage":0.0,"enemies":"HollowMod:MossKnight","floor":14.0,"turns":1.0},{"damage":4.0,"enemies":"Slime Boss","floor":16.0,"turns":6.0},{"damage":0.0,"enemies":"Shell Parasite","floor":18.0,"turns":4.0},{"damage":4.0,"enemies":"Chosen","floor":21.0,"turns":3.0},{"damage":90.0,"enemies":"Book of Stabbing","floor":22.0,"turns":8.0},{"damage":19,"enemies":"Centurion and Healer","floor":25,"turns":5},{"damage":10,"enemies":"Slavers","floor":29,"turns":6},{"damage":59,"enemies":"Sentry and Sphere","floor":30,"turns":8},{"damage":27,"enemies":"Cultist and Chosen","floor":31,"turns":5},{"damage":12,"enemies":"Collector","floor":33,"turns":8},{"damage":35,"enemies":"3 Darklings","floor":35,"turns":9},{"damage":46,"enemies":"3 Shapes","floor":38,"turns":4},{"damage":34,"enemies":"Reptomancer","floor":42,"turns":4},{"damage":3,"enemies":"Giant Head","floor":45,"turns":6},{"damage":77,"enemies":"Reptomancer","floor":47,"turns":7},{"damage":7,"enemies":"3 Darklings","floor":48,"turns":7},{"damage":57,"enemies":"Awakened One","floor":50,"turns":10}],"seed_played":"-2202478520977847493","potions_obtained":[{"floor":1.0,"key":"Guardian:BlockOnCardUsePotion"},{"floor":3.0,"key":"Fruit Juice"},{"floor":10.0,"key":"Ancient Potion"},{"floor":16.0,"key":"DuplicationPotion"},{"floor":35,"key":"SteroidPotion"},{"floor":42,"key":"SpeedPotion"}],"is_trial":true,"path_per_floor":["M","?","M","?","$","R","$","R","T","E","E","E","$","E","R","B",null,"M","?","T","M","E","R","$","M","T","R","T","E","M","M","R","B",null,"M","?","$","M","?","R","R","E","T","$","E","T","E","M","R","B",null],"character_chosen":"THE_SNECKO","items_purchased":["sneckomod:UnknownUncommonPower","sneckomod:UnknownStrike","sneckomod:SnekBeam","expansioncontent:AwakenDeath","PreservedInsect","sneckomod:UnknownUncommonPower","expansioncontent:QuickStudy","sneckomod:CheapStock","DeathBook","Vajra","Bomb"],"campfire_rested":5,"item_purchase_floors":[5,5,5,24,24,24,34,37,37,37,44],"current_hp_per_floor":[95,65,63,64,66,96,96,96,96,98,80,80,80,80,80,102,110,111,111,111,109,26,60,61,60,60,94,94,93,38,14,14,10,102,67,67,67,32,32,62,92,76,76,76,102,102,43,50,80,76],"gold":219,"neow_bonus":"","is_daily":false,"chose_seed":false,"campfire_upgraded":2,"win_rate":0.0,"timestamp":1608268326,"path_taken":["M","?","?","?","$","R","?","R","T","E","?","E","?","?","R","BOSS","M","?","?","?","?","R","$","M","T","R","?","?","?","M","R","BOSS","M","?","$","?","?","R","R","?","T","?","?","?","?","M","R","BOSS"],"items_purchased_type":["Card","Card","Card","Card","Relic","Card","Card","Card","Relic","Relic","Card"],"build_version":"2020-12-13","purchased_purges":0,"victory":true,"max_hp_per_floor":[96,97,98,99,101,101,101,101,101,101,103,104,104,104,104,110,110,111,111,111,113,114,114,115,116,116,116,116,117,119,120,60,61,102,102,102,102,102,102,102,102,102,102,102,102,102,102,102,102,102],"card_choices":[{"not_picked":[],"picked":"Bomb","floor":0.0},{"not_picked":["sneckomod:SoulDraw","sneckomod:Unknown1Cost"],"picked":"sneckomod:UnknownCommonAttack","floor":1.0},{"not_picked":["sneckomod:UnknownClassPURPLE","sneckomod:QuickBite"],"picked":"sneckomod:UnknownExhaust","floor":2.0},{"not_picked":["sneckomod:SlitherStrike","sneckomod:DiceCrush"],"picked":"sneckomod:UnknownClassTHE_CHAMP_GRAY","floor":3.0},{"not_picked":["sneckomod:Nope","sneckomod:UnknownWeak"],"picked":"sneckomod:MorePower","floor":10.0},{"not_picked":["sneckomod:UnknownWeak+1","sneckomod:UnknownExhaust+1"],"picked":"sneckomod:UnknownRarePower+1","floor":11.0},{"not_picked":["sneckomod:TrashToTreasure","sneckomod:UnknownExhaust"],"picked":"sneckomod:UnknownUncommonAttack","floor":11.0},{"not_picked":["sneckomod:UnknownVulnerable+1","sneckomod:UnknownClassAchievements+1"],"picked":"sneckomod:UnknownUncommonSkill+1","floor":12.0},{"not_picked":["sneckomod:SoulRoll","sneckomod:RainOfDice"],"picked":"sneckomod:CheapStock","floor":12.0},{"not_picked":["sneckomod:RainOfDice","Bomb"],"picked":"sneckomod:DiceBoulder","floor":14.0},{"not_picked":["sneckomod:Unknown1Cost+1","sneckomod:UnknownClassBLUE+1"],"picked":"sneckomod:UnknownUncommonSkill+1","floor":16.0},{"not_picked":["sneckomod:Unknown3Cost","sneckomod:MorePower"],"picked":"sneckomod:DangerNoodle","floor":16.0},{"not_picked":["sneckomod:UnknownVulnerable+1","sneckomod:UnknownDexterity+1"],"picked":"sneckomod:UnknownClassRED+1","floor":18.0},{"not_picked":["sneckomod:QuickBite+1","sneckomod:UnknownBlock"],"picked":"sneckomod:DiceBoulder","floor":18.0},{"not_picked":["sneckomod:Unknown1Cost+1","sneckomod:UnknownColorless+1"],"picked":"sneckomod:UnknownRarePower+1","floor":21.0},{"not_picked":["sneckomod:UnknownClassBUGKNIGHT_GRAY_COLOR","sneckomod:SoulExchange"],"picked":"sneckomod:UnknownUncommonAttack+1","floor":21.0},{"not_picked":["sneckomod:UnknownClassSLIMEBOUND+1","sneckomod:UnknownUncommonSkill+1"],"picked":"sneckomod:UnknownRarePower+1","floor":22.0},{"not_picked":["sneckomod:UnknownClassBLUE","sneckomod:UnknownEthereal"],"picked":"sneckomod:SoulExchange","floor":22.0},{"not_picked":["sneckomod:UnknownClassGREEN+1","sneckomod:UnknownBlock+1"],"picked":"sneckomod:UnknownStrength+1","floor":25},{"not_picked":["sneckomod:IronFang","sneckomod:DiceBoulder"],"picked":"sneckomod:DiceCrush","floor":25},{"not_picked":["sneckomod:UnknownVulnerable+1","sneckomod:UnknownX+1"],"picked":"sneckomod:Unknown3Cost+1","floor":29},{"not_picked":["sneckomod:SerpentIdol+1","sneckomod:QuickBite+1"],"picked":"sneckomod:WideSting","floor":29},{"not_picked":["sneckomod:UnknownDexterity+1","sneckomod:UnknownCommonAttack+1"],"picked":"sneckomod:UnknownWeak+1","floor":30},{"not_picked":["sneckomod:SoulRoll","sneckomod:UnknownCommonSkill"],"picked":"sneckomod:UnknownUncommonAttack+1","floor":30},{"not_picked":["sneckomod:Unknown2Cost+1","sneckomod:UnknownClassRED+1"],"picked":"sneckomod:UnknownStrength+1","floor":31},{"not_picked":["sneckomod:UnknownCommonSkill","sneckomod:SoulDraw+1"],"picked":"sneckomod:RainOfDice","floor":31},{"not_picked":["sneckomod:Unknown1Cost+1","sneckomod:UnknownRarePower+1"],"picked":"sneckomod:UnknownUncommonPower+1","floor":33},{"not_picked":["sneckomod:Restock","sneckomod:UnknownRarePower"],"picked":"sneckomod:DangerNoodle","floor":33},{"not_picked":["sneckomod:UnknownBlock+1","sneckomod:UnknownClassGUARDIAN+1"],"picked":"sneckomod:UnknownWeak+1","floor":35},{"not_picked":["sneckomod:WideSting","sneckomod:DiceCrush+1"],"picked":"sneckomod:UnknownUncommonAttack+1","floor":35},{"not_picked":["sneckomod:Unknown2Cost+1","sneckomod:SnakeSap+1"],"picked":"sneckomod:ImprovisedGuard+1","floor":36},{"not_picked":["sneckomod:SoulDraw","sneckomod:UnknownStrike"],"picked":"sneckomod:UnknownBlock","floor":38},{"not_picked":["sneckomod:UnknownUncommonAttack","sneckomod:UnknownBlock"],"picked":"sneckomod:Unknown0Cost","floor":42},{"not_picked":["sneckomod:UnknownClassBLUE+1","sneckomod:UnknownClassHEXA_GHOST_PURPLE+1"],"picked":"sneckomod:UnknownCommonSkill+1","floor":45},{"not_picked":["sneckomod:UnknownBlock","sneckomod:Unknown1Cost+1"],"picked":"sneckomod:QuickBite+1","floor":45},{"not_picked":["sneckomod:UnknownClassRED+1","sneckomod:UnknownVulnerable+1"],"picked":"sneckomod:UnknownRareSkill+1","floor":47},{"not_picked":["sneckomod:RainOfDice+1","sneckomod:Unknown1Cost"],"picked":"sneckomod:CheapStock","floor":47},{"not_picked":["sneckomod:UnknownClassHEXA_GHOST_PURPLE+1","sneckomod:UnknownVulnerable+1"],"picked":"sneckomod:Unknown0Cost+1","floor":48},{"not_picked":["sneckomod:UnknownClassRED","sneckomod:UnknownBlock+1"],"picked":"sneckomod:Nope+1","floor":48}],"player_experience":8471,"relics_obtained":[{"floor":2.0,"key":"BookofShadows"},{"floor":2.0,"key":"HowToJump"},{"floor":9.0,"key":"Dead Branch"},{"floor":10.0,"key":"Bag of Marbles"},{"floor":11.0,"key":"War Paint"},{"floor":12.0,"key":"Lantern"},{"floor":14.0,"key":"Toy Ornithopter"},{"floor":20.0,"key":"Smiling Mask"},{"floor":22.0,"key":"Snack Pack"},{"floor":26,"key":"Golden Egg"},{"floor":28,"key":"The Courier"},{"floor":29,"key":"ReplayFunnel"},{"floor":39,"key":"ReplayTheSpireMod:Ring of Challenge"},{"floor":39,"key":"Ring of Hypnosis"},{"floor":42,"key":"Torii"},{"floor":43,"key":"Lizard Tail"},{"floor":45,"key":"BookOfRevelations"},{"floor":46,"key":"Meat on the Bone"},{"floor":47,"key":"Bronze Scales"}],"event_choices":[{"damage_healed":0.0,"max_hp_gain":0.0,"max_hp_loss":0.0,"gold_gain":0.0,"event_name":"HidenRoomEvent","player_choice":"Fight","floor":2.0,"gold_loss":0.0,"damage_taken":0.0},{"damage_healed":0.0,"max_hp_gain":0.0,"max_hp_loss":0.0,"gold_gain":0.0,"cards_transformed":["sneckomod:Strike"],"event_name":"Living Wall","player_choice":"Change","floor":4.0,"gold_loss":0.0,"damage_taken":0.0,"cards_obtained":["sneckomod:UnknownUncommonSkill"]},{"damage_healed":0.0,"max_hp_gain":0.0,"max_hp_loss":0.0,"gold_gain":0.0,"event_name":"The Library","player_choice":"Read","floor":19.0,"gold_loss":0.0,"damage_taken":0.0,"cards_obtained":["sneckomod:SerpentIdol"]},{"damage_healed":0,"gold_gain":0,"player_choice":"Became a Ghost","damage_taken":0,"max_hp_gain":0,"max_hp_loss":60,"event_name":"Ghosts","floor":32,"gold_loss":0,"cards_obtained":["Ghostly","Ghostly","Ghostly","Ghostly","Ghostly"]}],"is_beta":false,"boss_relics":[{"not_picked":["Kintsugi","Velvet Choker"],"picked":"SlaversCollar"},{"not_picked":[]},{"not_picked":["ChewingGum","Fusion Hammer"],"picked":"sneckomod:SuperSneckoSoul"},{"not_picked":[]}],"items_purged_floors":[],"is_endless":false,"potions_floor_spawned":[1,3,10,14,16,29,31,35,38,42,47],"ascension_level":0}}