{"host":"naykp6d9ulahlwib","time":1608259164,"event":{"mods":["BaseMod","Highlight Path","Minty Spire (QoL Compilation)","Shop Mod","StSLib"],"gold_per_floor":[116,116,130,55,73,73,93,108,135,35,55,130,130,130,130,226,226,246,246,246,121,132,132,166,166,166,166,16,116,145,162,162,261,311,328,328,181,195,208,208,234,15,15,31,66,83,83,83,83,83],"floor_reached":51,"playtime":5728,"items_purged":["Defend_G","Strike_G","Strike_G","Defend_G"],"score":1082,"play_id":"da45e80b-3bd1-414c-95c5-9c7b8e294d77","local_time":"20201217203924","is_ascension_mode":true,"campfire_choices":[{"data":"Neutralize","floor":6.0,"key":"SMITH"},{"floor":13.0,"key":"REST"},{"floor":15.0,"key":"REST"},{"data":"After Image","floor":23.0,"key":"SMITH"},{"floor":25.0,"key":"REST"},{"data":"Accuracy","floor":27.0,"key":"SMITH"},{"floor":32.0,"key":"REST"},{"data":"After Image","floor":40.0,"key":"SMITH"},{"data":"Footwork","floor":47.0,"key":"SMITH"},{"data":"Footwork","floor":49.0,"key":"SMITH"}],"circlet_count":0,"master_deck":["Strike_G","Strike_G+1","Defend_G","Defend_G","Defend_G","Survivor","Neutralize+1","Blade Dance","All Out Attack","After Image+1","Accuracy+1","Noxious Fumes","After Image+1","Blade Dance+1","Blade Dance+1","Backflip+1","Accuracy","Footwork+1","Footwork+1","Good Instincts"],"relics":["Ring of the Snake","Mango","Art of War","Potion Belt","Philosopher\u0027s Stone","Oddly Smooth Stone","Vajra","Thread and Needle","FossilizedHelix","StrikeDummy","Regal Pillow","Tiny House","Lantern","Prayer Wheel","Bag of Preparation","The Courier","Blood Vial"],"acts_visited":["Exordium","TheCity","TheBeyond"],"potions_floor_usage":[50,50,50],"damage_taken":[{"damage":2.0,"enemies":"Cultist","floor":1.0,"turns":5.0},{"damage":6.0,"enemies":"Jaw Worm","floor":3.0,"turns":6.0},{"damage":2.0,"enemies":"Small Slimes","floor":5.0,"turns":3.0},{"damage":10.0,"enemies":"Exordium Wildlife","floor":7.0,"turns":4.0},{"damage":0.0,"enemies":"2 Fungi Beasts","floor":8.0,"turns":3.0},{"damage":7.0,"enemies":"3 Louse","floor":11.0,"turns":4.0},{"damage":55.0,"enemies":"Slime Boss","floor":16.0,"turns":10.0},{"damage":6.0,"enemies":"Shell Parasite","floor":18.0,"turns":8.0},{"damage":8.0,"enemies":"2 Thieves","floor":22.0,"turns":5.0},{"damage":17.0,"enemies":"Book of Stabbing","floor":24.0,"turns":7.0},{"damage":6.0,"enemies":"Colosseum Slavers","floor":29.0,"turns":5.0},{"damage":4.0,"enemies":"Colosseum Nobs","floor":29.0,"turns":3.0},{"damage":16.0,"enemies":"Gremlin Leader","floor":30.0,"turns":7.0},{"damage":0.0,"enemies":"Snecko","floor":31.0,"turns":3.0},{"damage":46.0,"enemies":"Automaton","floor":33.0,"turns":13.0},{"damage":0.0,"enemies":"3 Shapes","floor":35.0,"turns":5.0},{"damage":0.0,"enemies":"Orb Walker","floor":38.0,"turns":3.0},{"damage":2.0,"enemies":"Jaw Worm Horde","floor":39.0,"turns":4.0},{"damage":0.0,"enemies":"Giant Head","floor":41.0,"turns":6.0},{"damage":0.0,"enemies":"3 Darklings","floor":44.0,"turns":3.0},{"damage":0.0,"enemies":"Reptomancer","floor":45.0,"turns":5.0},{"damage":0.0,"enemies":"Sphere and 2 Shapes","floor":46.0,"turns":3.0},{"damage":0,"enemies":"Time Eater","floor":50,"turns":8}],"seed_played":"6589548193964515648","potions_obtained":[{"floor":5.0,"key":"PowerPotion"},{"floor":7.0,"key":"BlessingOfTheForge"},{"floor":8.0,"key":"AttackPotion"},{"floor":22.0,"key":"Energy Potion"},{"floor":24.0,"key":"PowerPotion"},{"floor":33.0,"key":"Swift Potion"},{"floor":34.0,"key":"PowerPotion"},{"floor":38.0,"key":"Block Potion"},{"floor":45.0,"key":"BlessingOfTheForge"},{"floor":46.0,"key":"PowerPotion"}],"is_trial":false,"path_per_floor":["M","?","M","$","M","R","M","M","T","$","M","?","R","T","R","B",null,"M","?","?","$","M","R","E","R","T","R","$","?","E","M","R","B",null,"M","?","$","M","M","R","E","$","T","M","E","M","R","?","R","B",null],"character_chosen":"THE_SILENT","items_purchased":["Lantern","Accuracy","Bag of Preparation"],"campfire_rested":4,"item_purchase_floors":[37,42,42],"current_hp_per_floor":[57,57,51,51,49,49,39,39,39,39,32,21,46,46,71,16,67,61,61,61,61,53,53,36,61,61,61,61,51,35,35,75,29,75,75,75,75,75,73,73,73,73,73,73,73,75,75,75,75,77],"gold":83,"neow_bonus":"ONE_RARE_RELIC","is_daily":false,"chose_seed":false,"campfire_upgraded":6,"win_rate":0.0,"timestamp":1608259164,"path_taken":["M","?","M","$","M","R","M","?","T","$","M","?","R","?","R","BOSS","M","?","?","$","M","R","E","R","T","R","?","?","E","M","R","BOSS","M","?","?","M","M","R","E","$","T","M","E","M","R","?","R","BOSS"],"items_purchased_type":["Relic","Card","Relic"],"build_version":"2020-12-13","purchased_purges":4,"victory":true,"max_hp_per_floor":[84,84,84,84,84,84,84,84,84,84,84,84,84,84,84,84,84,84,84,84,84,84,84,84,84,84,84,84,84,84,84,84,84,89,89,89,89,89,89,89,89,89,89,89,89,89,89,89,89,89],"card_choices":[{"not_picked":["Cloak And Dagger","Predator","Reflex"],"picked":"SKIP","floor":1.0},{"not_picked":["Leg Sweep","Backstab"],"picked":"Blade Dance","floor":3.0},{"not_picked":["Quick Slash","Blade Dance","Prepared"],"picked":"SKIP","floor":5.0},{"not_picked":["Quick Slash","Blade Dance","Prepared"],"picked":"SKIP","floor":5.0},{"not_picked":["Tactician","Underhanded Strike","Eviscerate"],"picked":"SKIP","floor":7.0},{"not_picked":["Choke","Heel Hook","Underhanded Strike"],"picked":"SKIP","floor":8.0},{"not_picked":["Riddle With Holes","Dagger Spray"],"picked":"All Out Attack","floor":11.0},{"not_picked":["Corpse Explosion","Envenom"],"picked":"After Image","floor":16.0},{"not_picked":["Outmaneuver","Expertise","Bane+1"],"picked":"SKIP","floor":18.0},{"not_picked":["Poisoned Stab","Riddle With Holes+1"],"picked":"Noxious Fumes","floor":22.0},{"not_picked":["Bane","Poisoned Stab","Flying Knee+1"],"picked":"SKIP","floor":24.0},{"not_picked":["Deadly Poison","Wraith Form v2","Dash+1"],"picked":"SKIP","floor":30.0},{"not_picked":["Choke+1","Outmaneuver","Flying Knee"],"picked":"SKIP","floor":31.0},{"not_picked":["Bullet Time","Malaise"],"picked":"After Image","floor":33.0},{"not_picked":["Distraction","Outmaneuver","Slice"],"picked":"SKIP","floor":35.0},{"not_picked":["Calculated Gamble+1","Acrobatics"],"picked":"Blade Dance+1","floor":38.0},{"not_picked":["Backflip","Tactician+1"],"picked":"Blade Dance+1","floor":39.0},{"not_picked":["Dash+1","Dagger Throw+1"],"picked":"Backflip+1","floor":41.0},{"not_picked":["Dodge and Roll+1","Terror"],"picked":"Footwork","floor":44.0},{"not_picked":["Escape Plan+1","Concentrate+1","Dodge and Roll+1"],"picked":"SKIP","floor":44.0},{"not_picked":["Underhanded Strike+1","Catalyst+1","Outmaneuver+1"],"picked":"SKIP","floor":45.0},{"not_picked":["Poisoned Stab+1","Slice"],"picked":"Footwork","floor":46.0},{"not_picked":["Wraith Form v2","Choke","Escape Plan"],"picked":"SKIP","floor":46.0},{"not_picked":["Forethought","Metamorphosis"],"picked":"Good Instincts","floor":48.0}],"player_experience":799905,"relics_obtained":[{"floor":9.0,"key":"Art of War"},{"floor":14.0,"key":"Potion Belt"},{"floor":24.0,"key":"Vajra"},{"floor":26.0,"key":"Thread and Needle"},{"floor":29.0,"key":"FossilizedHelix"},{"floor":29.0,"key":"StrikeDummy"},{"floor":30.0,"key":"Regal Pillow"},{"floor":41.0,"key":"Prayer Wheel"},{"floor":43.0,"key":"The Courier"},{"floor":45.0,"key":"Blood Vial"}],"event_choices":[{"cards_removed":["Strike_G"],"damage_healed":0.0,"max_hp_gain":0.0,"max_hp_loss":0.0,"gold_gain":0.0,"event_name":"Bonfire Elementals","player_choice":"Offered Basic","floor":2.0,"gold_loss":0.0,"damage_taken":0.0},{"damage_healed":0.0,"max_hp_gain":0.0,"max_hp_loss":0.0,"gold_gain":75.0,"event_name":"World of Goop","player_choice":"Gather Gold","floor":12.0,"gold_loss":0.0,"damage_taken":11.0},{"damage_healed":0.0,"max_hp_gain":0.0,"max_hp_loss":0.0,"gold_gain":0.0,"event_name":"The Mausoleum","player_choice":"Opened","floor":19.0,"gold_loss":0.0,"damage_taken":0.0,"relics_obtained":["Oddly Smooth Stone"]},{"damage_healed":0.0,"max_hp_gain":0.0,"max_hp_loss":0.0,"gold_gain":0.0,"event_name":"The Library","player_choice":"Read","floor":20.0,"gold_loss":0.0,"damage_taken":0.0,"cards_obtained":["Accuracy"]},{"damage_healed":0.0,"max_hp_gain":0.0,"max_hp_loss":0.0,"gold_gain":0.0,"event_name":"Colosseum","player_choice":"Fight","floor":29.0,"gold_loss":0.0,"damage_taken":0.0},{"damage_healed":0.0,"max_hp_gain":0.0,"max_hp_loss":0.0,"gold_gain":0.0,"event_name":"Colosseum","player_choice":"Fought Nobs","floor":29.0,"gold_loss":0.0,"damage_taken":0.0},{"damage_healed":0.0,"max_hp_gain":0.0,"max_hp_loss":0.0,"gold_gain":0.0,"event_name":"Tomb of Lord Red Mask","player_choice":"Ignored","floor":36.0,"gold_loss":0.0,"damage_taken":0.0},{"damage_healed":0.0,"max_hp_gain":0.0,"max_hp_loss":0.0,"gold_gain":0.0,"event_name":"SensoryStone","player_choice":"Memory 1","floor":48.0,"gold_loss":0.0,"damage_taken":0.0}],"is_beta":false,"boss_relics":[{"not_picked":["Ring of the Serpent","Astrolabe"],"picked":"Philosopher\u0027s Stone"},{"not_picked":["Busted Crown","Cursed Key"],"picked":"Tiny House"}],"items_purged_floors":[4,10,21,28],"is_endless":false,"potions_floor_spawned":[5,7,8,22,24,29,33,38,45,46],"ascension_level":7}}