{"host":"nv0c20v7c30k7ue5","time":1608334183,"event":{"mods":["2.2 Compatiblity","Aspiration","BaseMod","Beaked The Cultist","Bestiary","BetterRewards","ChefMod","Clockwork Mod","Colored Map","Colored Powertips","Conspire","DeckTracker","Downfall","Duelist Mod","GungeonMod","Hermit","Highlight Path","Hubris","Infinite Spire","Jedi Mod","Jorbs\u0027s Wanderer Trilogy","Mad Scientist","Mimic Mod","Minty Spire (QoL Compilation)","Relic Stats","Replay The Spire","Robot Space Explorer","Shop Mod","Spikes Relics","StSLib","Strawberry Spire","The Administrix","The Cursed","The Disciple","The Dragon Tamer","The Exalted","The Exordian Avenger","The Hierophant","The IronCluck","The Judge","The Poker Player","The Runesmith","The Sage","The Servant 0.9.4","The Valiant","TheBandit","TheFirefly","TheHero","Unceasing Turn Reminder","thorton"],"gold_per_floor":[115,115,115,115,132,164,164,182,182,209,209,222,235,250,250,385,385,435,479,498,546,546,546,556,556,556,566,566,576,592,609,609,712,712,724,754,754],"floor_reached":36,"playtime":1695,"items_purged":[],"score":507,"play_id":"b903d65d-e4de-4d0d-b33a-20593af2eb79","local_time":"20201218152943","is_ascension_mode":false,"campfire_choices":[{"data":"animeID:Bakugo","floor":7,"key":"SMITH"},{"data":"animeID:Himiko","floor":23,"key":"SMITH"},{"data":"animeID:PresentMic","floor":25,"key":"SMITH"},{"data":"ReplayTheSpireMod:??????????????????????","floor":28,"key":"SMITH"},{"data":"animeID:TodorokiShoto","floor":32,"key":"SMITH"}],"circlet_count":0,"master_deck":["animeID:Deku+1","animeID:Bakugo+1","animeID:Smash","animeID:Smash","animeID:Smash","animeID:Smash","animeID:DefendMH","animeID:DefendMH","animeID:DefendMH","animeID:DefendMH","animeID:Kendo+1","Injury","animeID:TodorokiShoto+1","animeID:Tamaki","animeID:Kaminari","animeID:Stain+1","animeID:PresentMic+1","animeID:Bakugo+1","animeID:GentleCriminal+1","animeID:USA_Smash+1","animeID:Tomura+1","animeID:Himiko+1","animeID:DetroitSmash+1","ReplayTheSpireMod:??????????????????????+1","animeID:ToruHagakure","animeID:GranTorino","animeID:PlusUltra"],"relics":["animeID:HeroCostume","NeowsBlessing","Molten Egg 2","FaceOfCleric","Bag of Marbles","Replay:Bottled Flurry","Runesmith:Locket","hubris:PeanutButter","strawberrySpire:Dictionifier","Pocketwatch","beaked:ShinyBauble","ChewingGum"],"acts_visited":["Exordium","TheCity","TheBeyond"],"potions_floor_usage":[16,16,16,21,33,33,36,36],"damage_taken":[{"damage":0,"enemies":"Small Slimes","floor":1,"turns":1},{"damage":0,"enemies":"Jaw Worm","floor":5,"turns":1},{"damage":0,"enemies":"Gremlin Nob","floor":6,"turns":1},{"damage":0,"enemies":"Cultist","floor":8,"turns":2},{"damage":22,"enemies":"Lagavulin","floor":10,"turns":4},{"damage":0,"enemies":"Exordium Wildlife","floor":12,"turns":3},{"damage":2,"enemies":"Looter","floor":13,"turns":2},{"damage":4,"enemies":"3 Louse","floor":14,"turns":4},{"damage":53,"enemies":"Fading Forest","floor":16,"turns":11},{"damage":0,"enemies":"Chosen","floor":18,"turns":3},{"damage":11,"enemies":"2 Thieves","floor":19,"turns":3},{"damage":13,"enemies":"Cultist and Chosen","floor":20,"turns":4},{"damage":16,"enemies":"Shelled Parasite and Fungi","floor":21,"turns":3},{"damage":0,"enemies":"Snake Plant","floor":24,"turns":2},{"damage":0,"enemies":"Centurion and Healer","floor":27,"turns":2},{"damage":0,"enemies":"Cultist and Chosen","floor":29,"turns":2},{"damage":0,"enemies":"conspire:HollyBat","floor":30,"turns":4},{"damage":10,"enemies":"Centurion and Healer","floor":31,"turns":4},{"damage":0,"enemies":"hubris:MusketHawk","floor":33,"turns":1},{"damage":0,"enemies":"Orb Walker","floor":35,"turns":1},{"damage":0,"enemies":"infinitespire:Three Voidlings","floor":36,"turns":2},{"damage":104,"enemies":"Nightmare_Alpha","floor":36,"turns":6}],"seed_played":"3226865833045598771","potions_obtained":[{"floor":1,"key":"ColorlessPotion"},{"floor":5,"key":"FearPotion"},{"floor":8,"key":"jedi:tentaclejuice"},{"floor":16,"key":"Elixir"},{"floor":19,"key":"Strength Potion"},{"floor":29,"key":"DuplicationPotion"},{"floor":30,"key":"Strength Potion"},{"floor":33,"key":"Strength Potion"},{"floor":35,"key":"sagemod:Wine"}],"is_trial":false,"path_per_floor":["M","?","?","?","M","E","R","M","T","E","T","M","M","M","R_BF","B",null,"M","M","M","M","AVR","R","M","R","T","M","R","M","M","M","R","B",null,"M","?"],"character_chosen":"THE_HERO","items_purchased":[],"campfire_rested":0,"item_purchase_floors":[],"current_hp_per_floor":[75,75,60,60,61,62,62,65,65,46,46,71,72,71,82,74,83,84,74,64,53,53,53,54,54,54,59,59,60,65,63,63,89,93,94,0,0],"gold":754,"neow_bonus":"THREE_ENEMY_KILL","is_daily":false,"chose_seed":false,"campfire_upgraded":5,"win_rate":0.0,"timestamp":1608334183,"path_taken":["M","?","?","?","?","E","R","M","T","E","?","?","M","M","R_BF","BOSS","M","M","M","M","AVR","R","M","R","T","M","R","M","M","M","R","BOSS","M","?"],"items_purchased_type":[],"build_version":"2020-12-13","purchased_purges":0,"victory":false,"max_hp_per_floor":[75,75,75,75,76,77,77,78,78,79,79,80,81,82,82,83,83,84,85,86,87,87,87,88,88,88,89,89,90,91,92,92,93,93,94,95,95],"relic_stats":{"FaceOfCleric":20,"counters":[22,66],"obtain_stats":[{"beaked:ShinyBauble":26,"NeowsBlessing":0,"Runesmith:Locket":10,"DemoMod:GlassGuonStoneRelic":1,"strawberrySpire:Dictionifier":17,"FaceOfCleric":4,"Molten Egg 2":2,"hubris:PeanutButter":11,"ChewingGum":34,"Bag of Marbles":6,"Replay:Bottled Flurry":9,"animeID:HeroCostume":0,"Pocketwatch":22},{"beaked:ShinyBauble":14,"NeowsBlessing":0,"Runesmith:Locket":5,"DemoMod:GlassGuonStoneRelic":1,"strawberrySpire:Dictionifier":9,"FaceOfCleric":1,"Molten Egg 2":1,"hubris:PeanutButter":5,"ChewingGum":19,"Bag of Marbles":3,"Replay:Bottled Flurry":4,"animeID:HeroCostume":0,"Pocketwatch":13},{"beaked:ShinyBauble":44,"NeowsBlessing":0,"Runesmith:Locket":9,"DemoMod:GlassGuonStoneRelic":1,"strawberrySpire:Dictionifier":29,"FaceOfCleric":1,"Molten Egg 2":1,"hubris:PeanutButter":9,"ChewingGum":57,"Bag of Marbles":3,"Replay:Bottled Flurry":5,"animeID:HeroCostume":0,"Pocketwatch":42}],"Pocketwatch":[17]},"card_choices":[{"not_picked":["animeID:DelawareSmash","animeID:Tamaki"],"picked":"animeID:Kendo","floor":1},{"not_picked":["animeID:MtLady+1","animeID:FatGum"],"picked":"animeID:TodorokiShoto","floor":5},{"not_picked":["animeID:SkinnyGum","animeID:Momo"],"picked":"animeID:Tamaki","floor":6},{"not_picked":["animeID:Rei","animeID:Bakugo+1"],"picked":"animeID:Kaminari","floor":8},{"not_picked":["animeID:Deku","animeID:TodorokiShoto"],"picked":"animeID:Stain+1","floor":10},{"not_picked":["animeID:Tomura+1","animeID:Rappa+1"],"picked":"animeID:PresentMic","floor":12},{"not_picked":["animeID:Uraraka","animeID:Kaminari"],"picked":"animeID:Bakugo+1","floor":13},{"not_picked":["animeID:Uraraka","animeID:Deku"],"picked":"animeID:GentleCriminal","floor":14},{"not_picked":["animeID:ProminenceBurn","animeID:Eri"],"picked":"animeID:USA_Smash+1","floor":16},{"not_picked":["animeID:Iida","animeID:HighFive"],"picked":"animeID:Tomura+1","floor":18},{"not_picked":["animeID:Tsuyu","animeID:Mineta","animeID:Rappa+1"],"picked":"SKIP","floor":19},{"not_picked":["animeID:Kaminari","animeID:Tsuyu"],"picked":"animeID:Himiko","floor":20},{"not_picked":["animeID:TodorokiShoto+1","animeID:Eri"],"picked":"animeID:DetroitSmash+1","floor":21},{"not_picked":["animeID:Crystallize","animeID:Uraraka","animeID:HighFive+1"],"picked":"SKIP","floor":24},{"not_picked":["animeID:Mina+1","animeID:Thirteen","animeID:Crystallize"],"picked":"SKIP","floor":27},{"not_picked":["animeID:Kurono","animeID:DetroitSmash+1"],"picked":"animeID:ToruHagakure","floor":29},{"not_picked":["animeID:Kirishima+1","animeID:Bakugo+1"],"picked":"animeID:GranTorino","floor":30},{"not_picked":["animeID:Iida","animeID:Tomura+1","animeID:Kirishima+1"],"picked":"SKIP","floor":31},{"not_picked":["animeID:Hawks","animeID:Eri"],"picked":"animeID:PlusUltra","floor":33},{"not_picked":["animeID:DetroitSmash+1","animeID:Momo","animeID:NightEye+1"],"picked":"SKIP","floor":35}],"player_experience":126401,"relics_obtained":[{"floor":6,"key":"Bag of Marbles"},{"floor":9,"key":"Replay:Bottled Flurry"},{"floor":10,"key":"Runesmith:Locket"},{"floor":11,"key":"hubris:PeanutButter"},{"floor":26,"key":"beaked:ShinyBauble"}],"event_choices":[{"damage_healed":0,"gold_gain":0,"player_choice":"Entered Light","damage_taken":15,"max_hp_gain":0,"max_hp_loss":0,"event_name":"Shining Light","floor":3,"gold_loss":0,"cards_upgraded":["animeID:Kendo","animeID:Deku"]},{"damage_healed":0,"gold_gain":0,"player_choice":"Trade","damage_taken":0,"relics_obtained":["FaceOfCleric"],"max_hp_gain":0,"max_hp_loss":0,"event_name":"FaceTrader","floor":4,"gold_loss":0}],"is_beta":false,"boss_relics":[{"not_picked":["aspiration:RitualDagger","thethorton:GreedFountain"],"picked":"strawberrySpire:Dictionifier"},{"not_picked":["conspire:SlowCooker","hubris:HollowSoul"],"picked":"ChewingGum"}],"items_purged_floors":[],"is_endless":false,"potions_floor_spawned":[1,5,8,12,16,19,29,30,31,33,35],"killed_by":"Nightmare_Alpha","ascension_level":0}}