{"host":"hjw1ay65n7jm40lc","time":1608301960,"event":{"mods":["AchievementEnabler","BaseMod","Colored Map","Colored Powertips","Googly Eyes","Highlight Path","Minty Spire (QoL Compilation)","Quick Restart","Relic Stats"],"gold_per_floor":[215,490,501,68,85,111,111,144,144,144,173,40,59,87,87,158,158,173,98,117,117,137,167,167,195,195,195,228,228,228,238,238,315,315,327,327,339,43,43,77,89,119,119,139,168,168,185,0,0,0,0,0,0,31,31],"floor_reached":56,"playtime":6302,"items_purged":["Regret"],"score":2248,"play_id":"57a523f1-4036-416c-b312-52997de720c4","local_time":"20201218093240","is_ascension_mode":true,"campfire_choices":[{"data":"Metallicize","floor":7.0,"key":"SMITH"},{"floor":10.0,"key":"REST"},{"data":"Whirlwind","floor":15.0,"key":"SMITH"},{"data":"Shockwave","floor":24.0,"key":"SMITH"},{"data":"Berserk","floor":27.0,"key":"SMITH"},{"data":"Spot Weakness","floor":30.0,"key":"SMITH"},{"data":"Flame Barrier","floor":32.0,"key":"SMITH"},{"floor":49,"key":"RECALL"},{"data":"Dual Wield","floor":52,"key":"SMITH"}],"circlet_count":0,"master_deck":["AscendersBane","Strike_R+1","Strike_R+1","Strike_R+1","Strike_R+1","Defend_R+1","Defend_R+1","Defend_R+1","Defend_R+1","Bash","Disarm","Metallicize+1","Clothesline","Spot Weakness+1","Whirlwind+1","Flame Barrier+1","Reaper","Berserk+1","Shockwave+1","Feed","Reaper","Second Wind+1","Offering","Impervious","Dual Wield+1"],"relics":["Burning Blood","Sundial","Potion Belt","The Courier","Happy Flower","White Beast Statue","Odd Mushroom","Runic Pyramid","Centennial Puzzle","MealTicket","Matryoshka","Paper Frog","SacredBark","Thread and Needle","Pantograph","Omamori","Ornamental Fan","InkBottle","Red Mask","Bronze Scales"],"acts_visited":["Exordium","TheCity","TheBeyond","TheEnding"],"potions_floor_usage":[40,41,42,42,45,50,55],"damage_taken":[{"damage":10.0,"enemies":"Small Slimes","floor":1.0,"turns":4.0},{"damage":8.0,"enemies":"Cultist","floor":3.0,"turns":4.0},{"damage":3.0,"enemies":"2 Louse","floor":5.0,"turns":4.0},{"damage":39.0,"enemies":"Lagavulin","floor":6.0,"turns":8.0},{"damage":35.0,"enemies":"3 Sentries","floor":8.0,"turns":9.0},{"damage":32.0,"enemies":"Lagavulin","floor":11.0,"turns":8.0},{"damage":7.0,"enemies":"Blue Slaver","floor":13.0,"turns":5.0},{"damage":22.0,"enemies":"The Mushroom Lair","floor":14.0,"turns":4.0},{"damage":3.0,"enemies":"Hexaghost","floor":16.0,"turns":9.0},{"damage":19.0,"enemies":"Spheric Guardian","floor":18.0,"turns":7.0},{"damage":4.0,"enemies":"3 Byrds","floor":20.0,"turns":5.0},{"damage":32.0,"enemies":"Sentry and Sphere","floor":22.0,"turns":9.0},{"damage":12.0,"enemies":"Book of Stabbing","floor":23.0,"turns":5.0},{"damage":49.0,"enemies":"Gremlin Leader","floor":25.0,"turns":7.0},{"damage":19.0,"enemies":"Book of Stabbing","floor":28.0,"turns":8.0},{"damage":0.0,"enemies":"3 Cultists","floor":31.0,"turns":2.0},{"damage":24.0,"enemies":"Collector","floor":33.0,"turns":10.0},{"damage":12.0,"enemies":"3 Shapes","floor":35.0,"turns":6.0},{"damage":40.0,"enemies":"3 Darklings","floor":37.0,"turns":5.0},{"damage":18,"enemies":"Reptomancer","floor":40,"turns":5},{"damage":15,"enemies":"Spire Growth","floor":41,"turns":8},{"damage":46,"enemies":"Giant Head","floor":42,"turns":10},{"damage":24,"enemies":"4 Shapes","floor":44,"turns":12},{"damage":11,"enemies":"Reptomancer","floor":45,"turns":5},{"damage":6,"enemies":"Maw","floor":47,"turns":8},{"damage":77,"enemies":"Time Eater","floor":50,"turns":15},{"damage":166,"enemies":"Shield and Spear","floor":54,"turns":11},{"damage":120,"enemies":"The Heart","floor":55,"turns":11}],"seed_played":"4395876571356274976","potions_obtained":[{"floor":1.0,"key":"Regen Potion"},{"floor":3.0,"key":"Ancient Potion"},{"floor":13.0,"key":"SkillPotion"},{"floor":14.0,"key":"LiquidBronze"},{"floor":16.0,"key":"Weak Potion"},{"floor":18.0,"key":"FairyPotion"},{"floor":20.0,"key":"PowerPotion"},{"floor":22.0,"key":"Weak Potion"},{"floor":23.0,"key":"Swift Potion"},{"floor":25.0,"key":"Fire Potion"},{"floor":28.0,"key":"Dexterity Potion"},{"floor":31.0,"key":"PowerPotion"},{"floor":33.0,"key":"AttackPotion"},{"floor":35.0,"key":"Explosive Potion"},{"floor":37.0,"key":"DistilledChaos"},{"floor":40,"key":"Ancient Potion"},{"floor":41,"key":"Dexterity Potion"},{"floor":42,"key":"Dexterity Potion"},{"floor":44,"key":"SteroidPotion"},{"floor":45,"key":"ElixirPotion"},{"floor":47,"key":"BloodPotion"},{"floor":54,"key":"ElixirPotion"}],"is_trial":false,"path_per_floor":["M","?","M","$","M","E","R","E","T","R","E","$","M","?","R","B",null,"M","?","M","?","M","E","R","E","T","R","E","$","R","M","R","B",null,"M","?","M","$","?","E","M","E","T","M","E","$","M","?","R","B",null,"R","$","E","B",null],"character_chosen":"IRONCLAD","items_purchased":["Sundial","Metallicize","Reaper","Thread and Needle","ColorlessPotion"],"campfire_rested":1,"item_purchase_floors":[4,4,12,38,38],"current_hp_per_floor":[64,64,62,62,65,47,47,18,18,40,14,14,17,13,13,16,60,47,47,55,55,42,49,49,63,63,63,78,87,87,87,87,90,90,93,93,96,96,96,99,102,74,74,105,117,117,120,120,120,89,115,115,123,81,70],"gold":31,"neow_bonus":"HUNDRED_GOLD","is_daily":false,"chose_seed":false,"campfire_upgraded":7,"win_rate":0.0,"timestamp":1608301960,"path_taken":["M","?","?","$","M","E","R","E","T","R","E","$","M","?","R","BOSS","M","?","M","?","M","E","R","E","T","R","E","$","R","M","R","BOSS","M","?","M","$","?","E","?","E","T","M","E","$","?","?","R","BOSS","R","$","E","BOSS"],"items_purchased_type":["Relic","Card","Card","Relic","Potion"],"build_version":"2020-12-13","purchased_purges":1,"victory":true,"max_hp_per_floor":[75,75,75,75,75,75,75,75,75,75,75,75,75,75,75,75,75,75,75,75,75,78,81,81,84,84,84,87,87,87,87,87,90,90,93,93,96,96,96,99,102,105,105,114,117,117,120,120,120,123,123,123,123,126,126],"relic_stats":{"Centennial Puzzle":[42],"Happy Flower":[58],"counters":[28,204],"Sundial":[30],"Ornamental Fan":[52],"Pantograph":25,"Bronze Scales":[144],"MealTicket":17,"obtain_stats":[{"Potion Belt":6,"Happy Flower":9,"SacredBark":34,"Thread and Needle":38,"The Courier":8,"Omamori":42,"Odd Mushroom":14,"Burning Blood":0,"White Beast Statue":11,"Centennial Puzzle":23,"Matryoshka":26,"Sundial":4,"Ornamental Fan":43,"Pantograph":40,"Bronze Scales":54,"MealTicket":25,"Red Mask":48,"InkBottle":45,"Runic Pyramid":17,"Paper Frog":28},{"Potion Belt":4,"Happy Flower":5,"SacredBark":17,"Thread and Needle":19,"The Courier":5,"Omamori":22,"Odd Mushroom":8,"Burning Blood":0,"White Beast Statue":6,"Centennial Puzzle":13,"Matryoshka":14,"Sundial":2,"Ornamental Fan":22,"Pantograph":20,"Bronze Scales":27,"MealTicket":14,"Red Mask":25,"InkBottle":24,"Runic Pyramid":9,"Paper Frog":15},{"Potion Belt":20,"Happy Flower":29,"SacredBark":108,"Thread and Needle":119,"The Courier":29,"Omamori":142,"Odd Mushroom":46,"Burning Blood":0,"White Beast Statue":37,"Centennial Puzzle":81,"Matryoshka":88,"Sundial":8,"Ornamental Fan":142,"Pantograph":124,"Bronze Scales":193,"MealTicket":88,"Red Mask":167,"InkBottle":159,"Runic Pyramid":55,"Paper Frog":96}],"Burning Blood":141,"InkBottle":[16]},"card_choices":[{"not_picked":["Searing Blow","True Grit"],"picked":"Carnage","floor":1.0},{"not_picked":["Clothesline","Wild Strike"],"picked":"Disarm","floor":3.0},{"not_picked":["Rampage","Heavy Blade"],"picked":"Clothesline","floor":5.0},{"not_picked":["Clothesline","Rage"],"picked":"Spot Weakness","floor":6.0},{"not_picked":["Evolve","Double Tap"],"picked":"Whirlwind","floor":8.0},{"not_picked":["Perfected Strike","Havoc"],"picked":"Flame Barrier","floor":11.0},{"not_picked":["Dark Embrace","Cleave","Sever Soul"],"picked":"SKIP","floor":13.0},{"not_picked":["Immolate","Exhume"],"picked":"Berserk","floor":16.0},{"not_picked":["Shrug It Off","Cleave"],"picked":"Shockwave","floor":18.0},{"not_picked":["Iron Wave","Flame Barrier"],"picked":"Feed","floor":20.0},{"not_picked":["Thunderclap","Heavy Blade","Twin Strike"],"picked":"SKIP","floor":22.0},{"not_picked":["Uppercut","Sentinel"],"picked":"Reaper","floor":23.0},{"not_picked":["Dropkick","Cleave","Body Slam+1"],"picked":"SKIP","floor":25.0},{"not_picked":["Berserk","Combust+1","Seeing Red"],"picked":"SKIP","floor":28.0},{"not_picked":["Shrug It Off","Pommel Strike","Dropkick"],"picked":"SKIP","floor":31.0},{"not_picked":["Havoc","Fire Breathing+1"],"picked":"Second Wind+1","floor":35.0},{"not_picked":["Clash+1","Anger","Wild Strike"],"picked":"SKIP","floor":37.0},{"not_picked":["Shrug It Off+1","Dark Embrace"],"picked":"Impervious","floor":40},{"not_picked":["Cleave+1","Pommel Strike","Iron Wave+1"],"picked":"SKIP","floor":41},{"not_picked":["Spot Weakness","Inflame+1"],"picked":"Dual Wield","floor":42},{"not_picked":["Whirlwind+1","Clothesline","Rampage+1"],"picked":"SKIP","floor":44},{"not_picked":["Whirlwind+1","Clothesline","Rampage+1"],"picked":"SKIP","floor":44},{"not_picked":["Shockwave","Thunderclap","Flame Barrier+1"],"picked":"SKIP","floor":45},{"not_picked":["Flame Barrier","Clothesline","Sword Boomerang+1"],"picked":"SKIP","floor":47},{"not_picked":["Flame Barrier","Clothesline","Sword Boomerang+1"],"picked":"SKIP","floor":47},{"not_picked":["Rampage","Sever Soul","Perfected Strike"],"picked":"SKIP","floor":54}],"player_experience":337554,"relics_obtained":[{"floor":6.0,"key":"Potion Belt"},{"floor":8.0,"key":"The Courier"},{"floor":9.0,"key":"Happy Flower"},{"floor":11.0,"key":"White Beast Statue"},{"floor":14.0,"key":"Odd Mushroom"},{"floor":23.0,"key":"Centennial Puzzle"},{"floor":25.0,"key":"MealTicket"},{"floor":26.0,"key":"Matryoshka"},{"floor":28.0,"key":"Paper Frog"},{"floor":40,"key":"Pantograph"},{"floor":42,"key":"Omamori"},{"floor":43,"key":"Ornamental Fan"},{"floor":45,"key":"InkBottle"},{"floor":54,"key":"Bronze Scales"}],"event_choices":[{"damage_healed":0.0,"max_hp_gain":0.0,"max_hp_loss":0.0,"gold_gain":275.0,"event_name":"Golden Shrine","player_choice":"Desecrate","floor":2.0,"gold_loss":0.0,"damage_taken":0.0,"cards_obtained":["Regret"]},{"damage_healed":0.0,"max_hp_gain":0.0,"max_hp_loss":0.0,"gold_gain":0.0,"event_name":"Mushrooms","player_choice":"Fought Mushrooms","floor":14.0,"gold_loss":0.0,"damage_taken":0.0},{"cards_removed":["Strike_R"],"damage_healed":0.0,"max_hp_gain":0.0,"max_hp_loss":0.0,"gold_gain":0.0,"event_name":"Beggar","player_choice":"Gave Gold","floor":19.0,"gold_loss":75.0,"damage_taken":0.0},{"damage_healed":0.0,"max_hp_gain":0.0,"max_hp_loss":0.0,"gold_gain":0.0,"event_name":"Back to Basics","player_choice":"Simplicity","floor":21.0,"gold_loss":0.0,"damage_taken":0.0,"cards_upgraded":["Strike_R","Strike_R","Strike_R","Strike_R","Defend_R","Defend_R","Defend_R","Defend_R"]},{"cards_removed":["Carnage"],"damage_healed":0.0,"max_hp_gain":0.0,"max_hp_loss":0.0,"gold_gain":0.0,"event_name":"Falling","player_choice":"Removed Attack","floor":36.0,"gold_loss":0.0,"damage_taken":0.0},{"damage_healed":0,"gold_gain":0,"player_choice":"1 cards matched","damage_taken":0,"max_hp_gain":0,"max_hp_loss":0,"event_name":"Match and Keep!","floor":39,"gold_loss":0,"cards_obtained":["Offering"]},{"damage_healed":0,"gold_gain":0,"player_choice":"Paid","damage_taken":0,"relics_obtained":["Red Mask"],"max_hp_gain":0,"max_hp_loss":0,"event_name":"Tomb of Lord Red Mask","floor":48,"gold_loss":185}],"is_beta":false,"boss_relics":[{"not_picked":["Calling Bell","Astrolabe"],"picked":"Runic Pyramid"},{"not_picked":["Cursed Key","Sozu"],"picked":"SacredBark"}],"items_purged_floors":[4],"is_endless":false,"potions_floor_spawned":[1,3,13,14,16,18,20,22,23,25,28,31,33,35,37,40,41,42,44,45,47,54],"ascension_level":19}}