{"host":"9i3p3psgt8uik67c","time":1608272183,"event":{"mods":["Abigail Mod","Act Like it!","BaseMod","BetterRewards","Downfall","Friendly Minions","Highlight Path","Hubris","Infinite Spire","Jorbs\u0027s Wanderer Trilogy","Minty Spire (QoL Compilation)","READ ME - Guardian Mod","Replay The Spire","Shop Mod","StSLib","Td1madao Mod","The Animator","The Bladedancer","The Cursed","The Hierophant","The Jungle","The Necromancer","The Servant 0.9.4"],"gold_per_floor":[99,99,126,126,51,51,78,95,20,55,55],"floor_reached":10,"playtime":430,"items_purged":["champ:Defend"],"score":62,"play_id":"6c364371-70a4-4f4f-8356-0c7e817dec71","local_time":"20201218011623","is_ascension_mode":false,"campfire_choices":[{"floor":1,"key":"RECALL"},{"floor":9,"key":"REST"}],"circlet_count":0,"master_deck":["champ:Strike","champ:Strike","champ:Strike","champ:Defend","champ:Defend","champ:Defend","champ:Execute","champ:Taunt","champ:StanceDance","champ:Encircle","champ:RecklessLeap","champ:BringItOn","champ:Circumvent","champ:Shatter","champ:FocusedDefense"],"relics":["champ:ChampionCrown","downfall:HeartsMalice","Mango","Dream Catcher","downfall:HeartBlessingRed","hubris:TinFlute"],"acts_visited":["Exordium"],"potions_floor_usage":[10],"damage_taken":[{"damage":0,"enemies":"2 Louse","floor":2,"turns":1},{"damage":0,"enemies":"downfall:FleeingMerchant","floor":5,"turns":1},{"damage":0,"enemies":"Jaw Worm","floor":6,"turns":1},{"damage":5,"enemies":"Small Slimes","floor":8,"turns":4},{"damage":66,"enemies":"3 Sentries","floor":10,"turns":6}],"seed_played":"-678458627315531349","potions_obtained":[{"floor":8,"key":"Adrenaline Potion"}],"is_trial":false,"path_per_floor":["R","M","?","?","$","M","T","M","R","E"],"character_chosen":"THE_CHAMP","items_purchased":[],"campfire_rested":1,"item_purchase_floors":[],"current_hp_per_floor":[90,90,104,104,104,104,104,104,104,60,60],"gold":55,"neow_bonus":"THREE_ENEMY_KILL","is_daily":false,"chose_seed":false,"campfire_upgraded":0,"win_rate":0.0,"timestamp":1608272183,"path_taken":["R","M","?","?","$","M","T","?","R","E"],"items_purchased_type":[],"build_version":"2020-12-13","purchased_purges":1,"victory":false,"max_hp_per_floor":[90,90,104,104,104,104,104,104,104,104,104],"card_choices":[{"not_picked":["champ:BladeFlurry","champ:Riposte"],"picked":"champ:StanceDance","floor":2},{"not_picked":["champ:PerfectedStrike","champ:GladiatorStyle"],"picked":"champ:Encircle","floor":3},{"not_picked":["champ:BerserkerStyle","champ:Haymaker"],"picked":"champ:BringItOn","floor":5},{"not_picked":["champ:IronFortress","champ:DefensiveStyle"],"picked":"champ:Circumvent","floor":6},{"not_picked":["champ:SwordThrow","champ:StanceDance"],"picked":"champ:Shatter","floor":8},{"not_picked":["champ:PerfectedStrike","champ:Encircle"],"picked":"champ:FocusedDefense","floor":9}],"player_experience":60618,"relics_obtained":[{"floor":3,"key":"Mango"},{"floor":7,"key":"Dream Catcher"},{"floor":10,"key":"hubris:TinFlute"}],"event_choices":[{"damage_healed":0,"gold_gain":0,"cards_transformed":["champ:Strike"],"player_choice":"Transformed","damage_taken":0,"max_hp_gain":0,"max_hp_loss":0,"event_name":"Transmorgrifier","floor":4,"gold_loss":0,"cards_obtained":["champ:RecklessLeap"]}],"is_beta":false,"boss_relics":[],"items_purged_floors":[5],"is_endless":false,"potions_floor_spawned":[8],"killed_by":"3 Sentries","ascension_level":0}}