{"host":"byu8oejwd0fdcxn8","time":1608282248,"event":{"mods":["Act Like it!","Arknights The Spire","BaseMod","Custom Start","Friendly Minions","Hermit","Minty Spire (QoL Compilation)","StSLib"],"gold_per_floor":[213,225,236,248,264,264,8,8,8,40,51,16,16,91,91,196,196,208,208,188,200,400,400,429,429,429],"floor_reached":25,"playtime":999,"items_purged":[],"score":223,"play_id":"cf9d2d14-f8ce-404d-a2a0-9dffcb50a8cd","local_time":"20201218180408","is_ascension_mode":false,"campfire_choices":[{"data":"ats:Dogmatic Field","floor":15,"key":"SMITH"},{"data":"ats:Ambush","floor":23,"key":"SMITH"}],"circlet_count":0,"master_deck":["ats:Powerful Strike","ats:Powerful Strike","ats:Armor Crushing Shot","ats:Defend Up","ats:Defend Up","ats:Defend Up","ats:Emotion Absorption","ats:Emotion Absorption","ats:Just Like an Apocalypse","ats:Overload","ats:Attack Strengthen","ats:Poison Spread","ats:Very Hot Blade","ats:Dogmatic Field+1","ats:Ambush+1","ats:Volcano+1","ats:Explosion Area Strengthen+1","ats:Shell Defense+1","ats:Just Like an Apocalypse+1","ats:Fate","ats:Neurotoxin","ats:Ignite+1"],"relics":["ats:Sanity","ats:Originium","Eternal Feather","ats:Originium","StoneCalendar","Mango","ats:Originium","Astrolabe","Bird Faced Urn"],"acts_visited":["Exordium","TheCity"],"potions_floor_usage":[16,16,20,20,24],"damage_taken":[{"damage":0,"enemies":"2 Louse","floor":1,"turns":3},{"damage":5,"enemies":"Cultist","floor":2,"turns":4},{"damage":11,"enemies":"Jaw Worm","floor":3,"turns":3},{"damage":6,"enemies":"3 Louse","floor":4,"turns":5},{"damage":15,"enemies":"Exordium Wildlife","floor":5,"turns":6},{"damage":40,"enemies":"Lagavulin","floor":10,"turns":7},{"damage":26,"enemies":"Large Slime","floor":11,"turns":6},{"damage":35,"enemies":"Slime Boss","floor":16,"turns":7},{"damage":54,"enemies":"Shell Parasite","floor":18,"turns":7},{"damage":20,"enemies":"2 Thieves","floor":20,"turns":4},{"damage":69,"enemies":"Chosen and Byrds","floor":21,"turns":8},{"damage":87,"enemies":"Slavers","floor":24,"turns":7},{"damage":31,"enemies":"3 Cultists","floor":25,"turns":3}],"seed_played":"6830372401549259822","potions_obtained":[{"floor":2,"key":"LiquidBronze"},{"floor":5,"key":"Dexterity Potion"},{"floor":10,"key":"SneckoOil"},{"floor":16,"key":"DistilledChaos"},{"floor":18,"key":"Dexterity Potion"},{"floor":19,"key":"SkillPotion"}],"is_trial":false,"path_per_floor":["M","M","M","M","M","R","$","R","T","E","M","?","R","?","R","B",null,"M","?","M","M","?","R","E","M"],"character_chosen":"DOCTOR_CLASS","items_purchased":["Eternal Feather"],"campfire_rested":0,"item_purchase_floors":[7],"current_hp_per_floor":[72,68,59,57,46,46,46,55,55,33,11,32,41,30,39,38,86,61,61,86,44,44,56,20,0,0],"gold":429,"neow_bonus":"HUNDRED_GOLD","is_daily":false,"chose_seed":false,"campfire_upgraded":2,"win_rate":0.0,"timestamp":1608282248,"path_taken":["M","M","M","M","M","R","$","R","T","E","M","?","R","?","R","BOSS","M","?","?","M","?","R","E","?"],"items_purchased_type":["Relic"],"build_version":"2020-12-13","purchased_purges":0,"victory":false,"max_hp_per_floor":[72,72,72,72,72,72,72,72,72,86,86,86,86,86,86,86,86,86,86,86,86,86,86,86,86,86],"card_choices":[{"not_picked":["ats:Cat Scratch","ats:Curse Doll"],"picked":"ats:Just Like an Apocalypse","floor":1},{"not_picked":["ats:Thorns","ats:Wolf Pack"],"picked":"ats:Overload","floor":2},{"not_picked":["ats:Defend Order","ats:Assault Order"],"picked":"ats:Magnetic Hammer","floor":3},{"not_picked":["ats:Thermite Blade","ats:Composite Medical Shells"],"picked":"ats:Attack Strengthen","floor":4},{"not_picked":["ats:Just Like an Apocalypse","ats:Curse Doll"],"picked":"ats:Poison Spread","floor":5},{"not_picked":["ats:Cat Scratch","ats:Assault Order"],"picked":"ats:Very Hot Blade","floor":10},{"not_picked":["ats:Curse Doll","ats:Revitalization"],"picked":"ats:Dogmatic Field","floor":11},{"not_picked":["ats:Soul Rend","ats:Wolf Pack"],"picked":"ats:Ambush","floor":16},{"not_picked":["ats:Revitalization","ats:Cat Scratch+1"],"picked":"ats:Just Like an Apocalypse+1","floor":18},{"not_picked":["ats:Shell Defense","ats:Neurotoxin"],"picked":"ats:Fate","floor":20},{"not_picked":["ats:Blood Oath+1","ats:Spore Proliferation"],"picked":"ats:Neurotoxin","floor":21},{"not_picked":["ats:Very Hot Blade","ats:Magnetic Hammer"],"picked":"ats:Ignite+1","floor":24}],"player_experience":1061395,"relics_obtained":[{"floor":6,"key":"ats:Originium"},{"floor":8,"key":"ats:Originium"},{"floor":9,"key":"StoneCalendar"},{"floor":10,"key":"Mango"},{"floor":13,"key":"ats:Originium"},{"floor":24,"key":"Bird Faced Urn"}],"event_choices":[{"damage_healed":21,"gold_gain":0,"player_choice":"Healed","damage_taken":0,"max_hp_gain":0,"max_hp_loss":0,"event_name":"The Cleric","floor":12,"gold_loss":35},{"damage_healed":0,"gold_gain":75,"player_choice":"Gather Gold","damage_taken":11,"max_hp_gain":0,"max_hp_loss":0,"event_name":"World of Goop","floor":14,"gold_loss":0},{"damage_healed":0,"gold_gain":0,"player_choice":"Got Potions","damage_taken":0,"max_hp_gain":0,"max_hp_loss":0,"event_name":"Lab","floor":19,"gold_loss":0},{"damage_healed":0,"gold_gain":250,"player_choice":"Bet on Owner","damage_taken":0,"max_hp_gain":0,"max_hp_loss":0,"event_name":"The Joust","floor":22,"gold_loss":50}],"is_beta":false,"boss_relics":[{"not_picked":["Snecko Eye","Runic Pyramid"],"picked":"Astrolabe"}],"items_purged_floors":[],"is_endless":false,"potions_floor_spawned":[2,5,10,16,18],"killed_by":"3 Cultists","ascension_level":0}}