{"host":"4a6fro0of1ie0h2w","time":1608302668,"event":{"mods":["Aspiration","BaseMod","CCEM","Colored Map","Conspire","Downfall","GifTheSpireLib","Halation","Highlight Path","Hubris","Infinite Spire","Marisa????????","Minty Spire (QoL Compilation)","Permanent Neow","Replay The Spire","StSLib","Stuff the Spire","The Servant 0.9.4"],"gold_per_floor":[99,119,119,119,3,21,21,51,71,71,71,91,104,104,119,222,222,147,167,167,187,214,214,214,233,233,233],"floor_reached":26,"playtime":1079,"items_purged":["hexamod:Strike","hexamod:Defend"],"score":316,"play_id":"c9d74377-acfa-49b6-a692-5f6e908ab867","local_time":"20201218164428","is_ascension_mode":true,"campfire_choices":[{"floor":1,"key":"DIG"},{"data":"hexamod:Float","floor":3,"key":"SMITH"},{"floor":10,"key":"RECALL"},{"data":"expansioncontent:Corrupt","floor":18,"key":"SMITH"}],"circlet_count":0,"master_deck":["hexamod:Strike","hexamod:Strike","hexamod:Strike","hexamod:Defend","hexamod:Defend","hexamod:Defend+1","hexamod:Sear","hexamod:Float+1","expansioncontent:Corrupt+1","hexamod:ExtraCrispy","hexamod:ThermalTransfer","hexamod:HauntingEcho","hexamod:AdvancingGuard+1","hubris:InfiniteBlow+63","hexamod:FastForward","hexamod:AdvancingGuard+1","StuffTheSpire:Innocence+1","hexamod:SixthSeal","hexamod:Again"],"relics":["hexamod:SpiritBrand","StuffTheSpire:HeavyRock","War Paint","CCEMRelics:OrganicArmor","Odd Mushroom","hexamod:IceCube","downfall:HeartBlessingRed","hexamod:CandleOfCauterizing","Shuriken","StuffTheSpire:ModemDavis","hexamod:TheBrokenSeal"],"acts_visited":["Exordium","TheCity"],"potions_floor_usage":[12,12,21,22,22],"damage_taken":[{"damage":0,"enemies":"Small Slimes","floor":2,"turns":3},{"damage":0,"enemies":"downfall:FleeingMerchant","floor":5,"turns":4},{"damage":0,"enemies":"Cultist","floor":6,"turns":4},{"damage":0,"enemies":"Lagavulin","floor":8,"turns":5},{"damage":0,"enemies":"2 Louse","floor":9,"turns":2},{"damage":3,"enemies":"The Mushroom Lair","floor":12,"turns":4},{"damage":0,"enemies":"Large Slime","floor":13,"turns":2},{"damage":2,"enemies":"Exordium Wildlife","floor":15,"turns":3},{"damage":9,"enemies":"downfall:Ironclad","floor":16,"turns":7},{"damage":0,"enemies":"Shell Parasite","floor":19,"turns":2},{"damage":40,"enemies":"3 Byrds","floor":21,"turns":5},{"damage":0,"enemies":"Nightmare","floor":22,"turns":3},{"damage":32,"enemies":"Cultist and Chosen","floor":25,"turns":9},{"damage":0,"enemies":"3 Cultists","floor":26,"turns":2}],"seed_played":"4552566554942853967","potions_obtained":[{"floor":2,"key":"Adrenaline Potion"},{"floor":8,"key":"Adrenaline Potion"},{"floor":13,"key":"Energy Potion"},{"floor":15,"key":"Explosive Potion"},{"floor":16,"key":"Fire Potion"},{"floor":21,"key":"EssenceOfSteel"},{"floor":25,"key":"EntropicBrew"}],"is_trial":false,"path_per_floor":["R_BF","M","R","?","$","M","T","E","M","R","?","?","M","?","M","B",null,"R","M","?","M","NM","AVR","T","M","M"],"character_chosen":"THE_SPIRIT","items_purchased":["hexamod:HauntingEcho"],"campfire_rested":0,"item_purchase_floors":[5],"current_hp_per_floor":[49,49,49,49,49,49,49,49,49,49,32,29,29,22,20,19,70,70,70,70,30,37,37,37,58,58,58],"gold":233,"neow_bonus":"RANDOM_COLORLESS_2","is_daily":false,"chose_seed":false,"campfire_upgraded":2,"win_rate":0.0,"timestamp":1608302668,"path_taken":["R_BF","M","R","?","?","M","T","E","M","R","?","?","?","?","M","BOSS","R","M","?","M","NM","AVR","T","M","M"],"items_purchased_type":["Card"],"build_version":"2020-12-13","purchased_purges":2,"victory":false,"max_hp_per_floor":[70,70,70,70,70,70,70,70,70,70,70,70,70,70,70,70,70,70,70,70,70,70,70,70,80,80,80],"card_choices":[{"not_picked":["ReplayTheSpireMod:Necrogeddon","Secret Technique"],"picked":"expansioncontent:Corrupt","floor":0},{"not_picked":["hexamod:RadiantFlame","hexamod:NightmareStrike"],"picked":"hexamod:ExtraCrispy","floor":2},{"not_picked":["hexamod:ShieldOfDarkness","hexamod:AdvancingGuard"],"picked":"hexamod:ThermalTransfer","floor":5},{"not_picked":["hexamod:SpectralSpark","hexamod:GhostLash"],"picked":"hexamod:AdvancingGuard","floor":6},{"not_picked":["hexamod:NightmareStrike","hexamod:CatchUp","hexamod:Firestarter"],"picked":"SKIP","floor":8},{"not_picked":["hexamod:Hexaguard","hexamod:EtherealExpedition"],"picked":"hexamod:FifthSeal","floor":9},{"not_picked":["ReplayTheSpireMod:Book of Names","infinitespire:FinalStrike"],"picked":"hubris:InfiniteBlow+61","floor":11},{"not_picked":["hexamod:FirstSeal","hexamod:FourthSeal"],"picked":"hexamod:SixthSeal","floor":12},{"not_picked":["hexamod:GhostLash","hexamod:ThermalTransfer"],"picked":"hexamod:FastForward","floor":12},{"not_picked":["hexamod:Firestarter","hexamod:SwordOfDarkness"],"picked":"hexamod:AdvancingGuard","floor":13},{"not_picked":["hexamod:ThermalTransfer","hexamod:NightmareStrike"],"picked":"hexamod:FourthSeal","floor":15},{"not_picked":["hexamod:FirstSeal","hexamod:FourthSeal"],"picked":"hexamod:ThirdSeal","floor":16},{"not_picked":["hexamod:GhostflameInferno","hexamod:SearingWound"],"picked":"hexamod:SixthSeal","floor":16},{"not_picked":["hexamod:ThermalTransfer","hexamod:NightmareStrike","hexamod:Hexaguard"],"picked":"SKIP","floor":19},{"not_picked":["hexamod:ThirdSeal","hexamod:FourthSeal"],"picked":"hexamod:FirstSeal","floor":21},{"not_picked":["hexamod:HauntingEcho","hexamod:SwordOfDarkness","hexamod:NightmareStrike+1"],"picked":"SKIP","floor":21},{"not_picked":["hexamod:GhostShield+1","hexamod:GhostLash","hexamod:FirstSeal"],"picked":"SKIP","floor":21},{"not_picked":["hexamod:SixthSeal","hexamod:FirstSeal"],"picked":"hexamod:SecondSeal","floor":22},{"not_picked":["hexamod:HauntingEcho","hexamod:GhostOfSpirePast"],"picked":"hexamod:Again","floor":22},{"not_picked":["hexamod:GhostLash+1","hexamod:NightmareGuise","hexamod:ShieldOfDarkness+1"],"picked":"SKIP","floor":25}],"player_experience":196029,"relics_obtained":[{"floor":1,"key":"StuffTheSpire:HeavyRock"},{"floor":7,"key":"War Paint"},{"floor":8,"key":"CCEMRelics:OrganicArmor"},{"floor":12,"key":"Odd Mushroom"},{"floor":22,"key":"hexamod:CandleOfCauterizing"}],"event_choices":[{"damage_healed":0,"gold_gain":0,"player_choice":"Ignored","damage_taken":0,"max_hp_gain":0,"max_hp_loss":0,"event_name":"NoteForYourself","floor":4,"gold_loss":0},{"damage_healed":0,"gold_gain":0,"player_choice":"Fought Mushrooms","damage_taken":0,"max_hp_gain":0,"max_hp_loss":0,"event_name":"Mushrooms","floor":12,"gold_loss":0}],"is_beta":false,"boss_relics":[{"not_picked":["halation:HeavySnake","Painkiller Herb"],"picked":"hexamod:IceCube"}],"items_purged_floors":[5,23],"is_endless":false,"potions_floor_spawned":[2,8,13,15],"killed_by":"3 Cultists","ascension_level":1}}