{"host":"no0bdlpxzp7bzzks","time":1608254052,"event":{"mods":["BaseMod","Better Match","Block Reminder","Colored Map","Curses Come First","DeckTracker","Downfall","Duelist Mod","Filter the Spire","Highlight Path","Jedi Mod","Jorbs\u0027s Wanderer Trilogy","Key Reminder","Minty Spire (QoL Compilation)","Permanent Neow","Relic Sorter","Relic Stats","Replay The Spire","StSLib","The Construct"],"gold_per_floor":[112,125,0,10,39,39,39,39],"floor_reached":7,"playtime":1047,"items_purged":[],"score":43,"play_id":"5971b5b5-8d53-4a60-b9cb-bbb249576f63","local_time":"20201217191412","is_ascension_mode":false,"campfire_choices":[{"data":"stsjorbsmod:Channel","floor":6,"key":"SMITH"}],"circlet_count":0,"master_deck":["stsjorbsmod:ForbiddenGrimoire+1","stsjorbsmod:Strike_Wanderer","stsjorbsmod:Strike_Wanderer","stsjorbsmod:Strike_Wanderer","stsjorbsmod:Strike_Wanderer","stsjorbsmod:Defend_Wanderer","stsjorbsmod:Defend_Wanderer","stsjorbsmod:Defend_Wanderer","stsjorbsmod:Defend_Wanderer","stsjorbsmod:FreshAdventure","stsjorbsmod:EyeOfTheStorm","stsjorbsmod:MirrorImage","stsjorbsmod:FracturedMind","stsjorbsmod:MistyStep","stsjorbsmod:LocateObject+1","stsjorbsmod:BookOfTongues","stsjorbsmod:Channel+1","stsjorbsmod:MistyStep"],"relics":["stsjorbsmod:GrimoireRelic"],"acts_visited":["Exordium"],"potions_floor_usage":[7],"damage_taken":[{"damage":4,"enemies":"Cultist","floor":1,"turns":5},{"damage":6,"enemies":"2 Louse","floor":2,"turns":7},{"damage":22,"enemies":"Jaw Worm","floor":4,"turns":7},{"damage":6,"enemies":"3 Louse","floor":5,"turns":7},{"damage":38,"enemies":"3 Sentries","floor":7,"turns":6}],"seed_played":"-6413222176008198649","potions_obtained":[{"floor":1,"key":"construct:ShiftPotion"},{"floor":5,"key":"SteroidPotion"}],"is_trial":false,"path_per_floor":["M","M","$","M","M","R","E"],"character_chosen":"WANDERER","items_purchased":["stsjorbsmod:LocateObject+1","stsjorbsmod:BookOfTongues"],"campfire_rested":0,"item_purchase_floors":[3,3],"current_hp_per_floor":[67,63,63,41,35,35,0,0],"gold":39,"neow_bonus":"ONE_RANDOM_RARE_CARD","is_daily":false,"chose_seed":false,"campfire_upgraded":1,"win_rate":0.0,"timestamp":1608254052,"path_taken":["M","?","?","M","?","R","E"],"items_purchased_type":["Card","Card"],"build_version":"2020-12-13","purchased_purges":0,"victory":false,"max_hp_per_floor":[68,70,70,70,70,70,70,70],"relic_stats":{"counters":[5,32],"obtain_stats":[{"stsjorbsmod:GrimoireRelic":0},{"stsjorbsmod:GrimoireRelic":0},{"stsjorbsmod:GrimoireRelic":0}]},"card_choices":[{"not_picked":["stsjorbsmod:FaerieFire","stsjorbsmod:DoubleCheck"],"picked":"stsjorbsmod:FracturedMind","floor":1},{"not_picked":["stsjorbsmod:TollTheDead","stsjorbsmod:FracturedMind"],"picked":"stsjorbsmod:MistyStep","floor":2},{"not_picked":["stsjorbsmod:Prepare","stsjorbsmod:BlackTentacles"],"picked":"stsjorbsmod:Channel","floor":4},{"not_picked":["stsjorbsmod:ChainLightning","stsjorbsmod:MirrorImage"],"picked":"stsjorbsmod:MistyStep","floor":5}],"player_experience":134694,"relics_obtained":[],"event_choices":[],"is_beta":false,"boss_relics":[],"items_purged_floors":[],"is_endless":false,"potions_floor_spawned":[1,5],"killed_by":"3 Sentries","ascension_level":0}}