{"host":"uwdjobnswnt8y9oc","time":1608304071,"event":{"mods":["BaseMod","Colored Powertips","Minty Spire (QoL Compilation)"],"gold_per_floor":[116,133,151,162,162,162,179,179,204,215,233,263,263,273,273,372,372,391,391,410,426,438,468,468,468,468,468,497,513,542,562,562,664,664,679,694,704,437,437,437,486,486,486,486,486,515,530,544,544,544,544,544,0,33,33,33],"floor_reached":55,"playtime":3014,"items_purged":["Normality"],"score":743,"play_id":"5c07f8cf-f261-4938-846b-f7642fb2bfc7","local_time":"20201218220751","is_ascension_mode":false,"campfire_choices":[{"floor":6.0,"key":"RECALL"},{"floor":8.0,"key":"REST"},{"data":"Accuracy","floor":15.0,"key":"SMITH"},{"data":"A Thousand Cuts","floor":25.0,"key":"SMITH"},{"floor":27.0,"key":"REST"},{"floor":32.0,"key":"REST"},{"data":"Apotheosis","floor":40.0,"key":"SMITH"},{"floor":42.0,"key":"REST"},{"data":"Mayhem","floor":45.0,"key":"SMITH"},{"floor":49.0,"key":"REST"},{"data":"Envenom","floor":52.0,"key":"SMITH"}],"circlet_count":0,"master_deck":["Strike_G","Strike_G","Strike_G+1","Strike_G","Strike_G","Defend_G","Defend_G","Defend_G","Defend_G","Defend_G","Survivor+1","Neutralize+1","Cloak And Dagger","Adrenaline+1","Choke","Cloak And Dagger+1","Finisher","Blade Dance","Terror","Accuracy+1","A Thousand Cuts+1","Predator","Acrobatics","Expertise","Cloak And Dagger","Purity","Finisher","Phantasmal Killer","Envenom+1","Sadistic Nature+1","Bullet Time+1","Blade Dance","Backflip+1","Well Laid Plans","Apotheosis+1","Master of Strategy","Mayhem+1","Infinite Blades+1","Setup","Secret Weapon","Finesse"],"relics":["Ring of the Snake","NeowsBlessing","Bag of Marbles","Cursed Key","Whetstone","Shuriken","Regal Pillow","Red Mask","Astrolabe","The Specimen","Singing Bowl","Snake Skull","Nunchaku"],"acts_visited":["Exordium","TheCity","TheBeyond","TheEnding"],"potions_floor_usage":[],"damage_taken":[{"damage":0.0,"enemies":"2 Louse","floor":1.0,"turns":1.0},{"damage":0.0,"enemies":"Jaw Worm","floor":2.0,"turns":1.0},{"damage":0.0,"enemies":"Small Slimes","floor":3.0,"turns":1.0},{"damage":11.0,"enemies":"Gremlin Gang","floor":4.0,"turns":5.0},{"damage":4.0,"enemies":"Large Slime","floor":7.0,"turns":7.0},{"damage":0.0,"enemies":"2 Fungi Beasts","floor":10.0,"turns":3.0},{"damage":9.0,"enemies":"Blue Slaver","floor":11.0,"turns":5.0},{"damage":12.0,"enemies":"Lagavulin","floor":12.0,"turns":4.0},{"damage":0.0,"enemies":"Looter","floor":14.0,"turns":2.0},{"damage":20.0,"enemies":"Slime Boss","floor":16.0,"turns":10.0},{"damage":0.0,"enemies":"Chosen","floor":18.0,"turns":2.0},{"damage":0.0,"enemies":"Shell Parasite","floor":20.0,"turns":3.0},{"damage":1.0,"enemies":"Snecko","floor":21.0,"turns":3.0},{"damage":1.0,"enemies":"Centurion and Healer","floor":22.0,"turns":4.0},{"damage":18.0,"enemies":"Slavers","floor":23.0,"turns":5.0},{"damage":12.0,"enemies":"Book of Stabbing","floor":28.0,"turns":3.0},{"damage":0.0,"enemies":"3 Cultists","floor":29.0,"turns":4.0},{"damage":0.0,"enemies":"Masked Bandits","floor":30.0,"turns":2.0},{"damage":11.0,"enemies":"Snecko","floor":31.0,"turns":3.0},{"damage":40.0,"enemies":"Collector","floor":33.0,"turns":6.0},{"damage":24.0,"enemies":"3 Darklings","floor":35.0,"turns":6.0},{"damage":0.0,"enemies":"Orb Walker","floor":36.0,"turns":2.0},{"damage":1.0,"enemies":"Jaw Worm Horde","floor":37.0,"turns":3.0},{"damage":22.0,"enemies":"2 Orb Walkers","floor":41.0,"turns":3.0},{"damage":13.0,"enemies":"Nemesis","floor":46.0,"turns":5.0},{"damage":6.0,"enemies":"Transient","floor":47.0,"turns":5.0},{"damage":3.0,"enemies":"Sphere and 2 Shapes","floor":48.0,"turns":4.0},{"damage":59.0,"enemies":"Donu and Deca","floor":50.0,"turns":5.0},{"damage":0.0,"enemies":"Shield and Spear","floor":54.0,"turns":2.0},{"damage":79,"enemies":"The Heart","floor":55,"turns":3}],"seed_played":"3138270499607348965","potions_obtained":[{"floor":2.0,"key":"AttackPotion"},{"floor":4.0,"key":"Block Potion"},{"floor":10.0,"key":"FearPotion"},{"floor":11.0,"key":"Explosive Potion"},{"floor":18.0,"key":"EntropicBrew"},{"floor":28.0,"key":"Swift Potion"},{"floor":29.0,"key":"Fire Potion"},{"floor":30.0,"key":"FearPotion"},{"floor":33.0,"key":"Energy Potion"},{"floor":35.0,"key":"DistilledChaos"},{"floor":46.0,"key":"DistilledChaos"}],"is_trial":false,"path_per_floor":["M","M","M","M","?","R","M","R","T","M","M","E","?","M","R","B",null,"M","$","M","M","M","E","?","R","T","R","E","M","?","M","R","B",null,"M","M","M","$","?","R","?","R","T","T","R","E","M","M","R","B",null,"R","$","E","B"],"character_chosen":"THE_SILENT","items_purchased":["Apotheosis","Snake Skull","Setup","Secret Weapon","Finesse","Swift Potion"],"campfire_rested":5,"item_purchase_floors":[38,53,53,53,53,53],"current_hp_per_floor":[70,70,70,59,59,59,55,70,70,70,61,49,35,35,35,15,70,70,70,70,69,68,50,31,31,31,52,40,40,40,29,65,25,70,46,46,45,45,40,40,18,54,54,54,54,43,39,38,75,16,76,76,76,78,0,0],"gold":33,"neow_bonus":"THREE_ENEMY_KILL","is_daily":false,"chose_seed":false,"campfire_upgraded":5,"win_rate":0.0,"timestamp":1608304071,"path_taken":["M","M","M","M","?","R","M","R","T","M","M","E","?","M","R","BOSS","M","$","M","M","M","E","?","R","T","R","E","?","?","M","R","BOSS","M","M","M","$","?","R","?","R","T","?","R","E","M","M","R","BOSS","R","$","E","BOSS"],"items_purchased_type":["Card","Relic","Card","Card","Card","Potion"],"build_version":"2020-12-13","purchased_purges":1,"victory":false,"max_hp_per_floor":[70,70,70,70,70,70,70,70,70,70,70,70,70,70,70,70,70,70,70,70,70,70,70,70,70,70,70,70,70,70,70,70,70,70,70,70,70,70,70,70,70,70,70,70,70,72,74,76,76,76,76,76,76,78,78,78],"card_choices":[{"not_picked":["Deadly Poison","Poisoned Stab"],"picked":"Cloak And Dagger","floor":1.0},{"not_picked":["Bane","Prepared"],"picked":"Adrenaline","floor":2.0},{"not_picked":["Outmaneuver","Poisoned Stab"],"picked":"Choke","floor":3.0},{"not_picked":["Deadly Poison","Dagger Throw"],"picked":"Cloak And Dagger","floor":4.0},{"not_picked":["Dodge and Roll","Choke"],"picked":"Acrobatics","floor":7.0},{"not_picked":["Crippling Poison","Sucker Punch"],"picked":"Finisher","floor":10.0},{"not_picked":["PiercingWail","Reflex"],"picked":"Blade Dance","floor":11.0},{"not_picked":["Concentrate","Malaise"],"picked":"Terror","floor":12.0},{"not_picked":["Caltrops","Flechettes"],"picked":"Accuracy","floor":14.0},{"not_picked":["Corpse Explosion","Grand Finale"],"picked":"A Thousand Cuts","floor":16.0},{"not_picked":["Caltrops","Riddle With Holes","Bouncing Flask"],"picked":"SKIP","floor":18.0},{"not_picked":["Poisoned Stab","Eviscerate"],"picked":"Predator","floor":20.0},{"not_picked":["Dagger Spray+1","Finisher"],"picked":"Acrobatics","floor":21.0},{"not_picked":["Dagger Throw+1","Escape Plan"],"picked":"Expertise","floor":22.0},{"not_picked":["Dagger Throw","Riddle With Holes"],"picked":"Cloak And Dagger","floor":23.0},{"not_picked":["Catalyst","Leg Sweep"],"picked":"Finisher","floor":28.0},{"not_picked":["Dagger Throw","Skewer+1"],"picked":"Phantasmal Killer","floor":29.0},{"not_picked":["Acrobatics","PiercingWail+1","Deadly Poison"],"picked":"SKIP","floor":31.0},{"not_picked":["Bullet Time","Venomology"],"picked":"Envenom","floor":33.0},{"not_picked":["Bouncing Flask+1","Deflect+1"],"picked":"Blade Dance","floor":35.0},{"not_picked":["Endless Agony+1","Underhanded Strike+1"],"picked":"Backflip+1","floor":36.0},{"not_picked":["Heel Hook+1","Dash"],"picked":"Well Laid Plans","floor":37.0},{"not_picked":["Secret Weapon","Bandage Up"],"picked":"Master of Strategy","floor":39.0},{"not_picked":["PanicButton","Thinking Ahead"],"picked":"Mayhem","floor":39.0},{"not_picked":["Distraction+1","Calculated Gamble+1"],"picked":"Infinite Blades+1","floor":41.0},{"not_picked":["Infinite Blades+1","Finisher+1","Blur+1"],"picked":"Singing Bowl","floor":46.0},{"not_picked":["Predator+1","Finisher","Accuracy"],"picked":"Singing Bowl","floor":47.0},{"not_picked":["Poisoned Stab+1","Finisher","Leg Sweep+1"],"picked":"SKIP","floor":48.0},{"not_picked":["Poisoned Stab+1","Finisher","Leg Sweep+1"],"picked":"Singing Bowl","floor":48.0},{"not_picked":["Backstab","Acrobatics","Poisoned Stab+1"],"picked":"Singing Bowl","floor":54.0}],"player_experience":518399,"relics_obtained":[{"floor":12.0,"key":"Bag of Marbles"},{"floor":23.0,"key":"Whetstone"},{"floor":26.0,"key":"Shuriken"},{"floor":28.0,"key":"Regal Pillow"},{"floor":30.0,"key":"Red Mask"},{"floor":41.0,"key":"The Specimen"},{"floor":46.0,"key":"Singing Bowl"},{"floor":54.0,"key":"Nunchaku"}],"event_choices":[{"damage_healed":0.0,"max_hp_gain":0.0,"max_hp_loss":0.0,"gold_gain":0.0,"event_name":"Living Wall","player_choice":"Grow","floor":5.0,"gold_loss":0.0,"damage_taken":0.0,"cards_upgraded":["Adrenaline"]},{"damage_healed":0.0,"max_hp_gain":0.0,"max_hp_loss":0.0,"gold_gain":0.0,"event_name":"Shining Light","player_choice":"Entered Light","floor":13.0,"gold_loss":0.0,"damage_taken":14.0,"cards_upgraded":["Survivor","Cloak And Dagger"]},{"damage_healed":0.0,"max_hp_gain":0.0,"max_hp_loss":0.0,"gold_gain":0.0,"event_name":"Knowing Skull","player_choice":"CARD CARD ","floor":24.0,"potions_obtained":[],"gold_loss":0.0,"damage_taken":19.0,"cards_obtained":["Purity","Purity"]},{"damage_healed":0.0,"max_hp_gain":0.0,"max_hp_loss":0.0,"gold_gain":0.0,"event_name":"Masked Bandits","player_choice":"Fought Bandits","floor":30.0,"gold_loss":0.0,"damage_taken":0.0},{"damage_healed":0.0,"max_hp_gain":0.0,"max_hp_loss":0.0,"gold_gain":0.0,"event_name":"SensoryStone","player_choice":"Memory 2","floor":39.0,"gold_loss":0.0,"damage_taken":5.0},{"damage_healed":0.0,"max_hp_gain":0.0,"max_hp_loss":0.0,"gold_gain":0.0,"event_name":"Mysterious Sphere","player_choice":"Fight","floor":41.0,"gold_loss":0.0,"damage_taken":0.0}],"is_beta":false,"boss_relics":[{"not_picked":["Snecko Eye","Coffee Dripper"],"picked":"Cursed Key"},{"not_picked":["SacredBark","Empty Cage"],"picked":"Astrolabe"}],"items_purged_floors":[38],"is_endless":false,"potions_floor_spawned":[2,4,10,11,18,28,29,30,33,35,36,46],"killed_by":"The Heart","ascension_level":0}}