{"host":"4lebci84u2l5u89t","time":1608332606,"event":{"mods":["AchievementEnabler","Aspiration","Bard","BaseMod","Beaked The Cultist","Better Altar","Better Match","Better Note","Better Sensory Stone","Better Skull","Better Third Choice","BetterRewards","CCEM","Colored Map","Conspire","Downfall","GifTheSpireLib","Googly Eyes","Halation","Hermit","Highlight Path","Hubris","Hunter ??","Jedi Mod","Jorbs\u0027s Wanderer Trilogy","Lobotomy","Mad Scientist","Marisa????????","Mimic Mod","Minty Spire (QoL Compilation)","Permanent Neow","Replay The Spire","Shade Mod","Spicy Shops","StSLib","Stuff the Spire","Unceasing Turn Reminder"],"gold_per_floor":[112,127,196,196,214,251,300,300,300,323,323,323,336,370,370,470,470,440,412,412,412],"floor_reached":20,"playtime":2027,"items_purged":[],"score":184,"play_id":"fef43f38-7b8a-4d5d-8440-20435912b5b7","local_time":"20201219000326","is_ascension_mode":false,"campfire_choices":[{"floor":8,"key":"REST"}],"circlet_count":0,"master_deck":["hermit:Strike_Hermit","hermit:Strike_Hermit","hermit:Strike_Hermit","hermit:Strike_Hermit","hermit:Defend_Hermit","hermit:Defend_Hermit","hermit:Defend_Hermit","hermit:Defend_Hermit","hermit:Snapshot","hermit:Covet","hermit:Scavenge","MeatLantern","UniverseFragment","hermit:Ricochet","Machine Learning","OSAHOGD","hermit:Quickdraw","HappyTeddy","hermit:PistolWhip","Freischutz","hermit:EyeOfTheStorm","Wellcheers","hermit:WideOpen","Regret","StuffTheSpire:GnomedCurse","stsjorbsmod:Concentrate","NakedNest","QueenOfHatred","BeautyBeast","Sweeping Beam+1","HeroicMonk"],"relics":["hermit:Momento","CogitoBucket","halation:Trompette","Torii","Replay:Rubber Ducky","Art of War","BehaviorAdjustment","StuffTheSpire:RedRose","PrismaticShard","hubris:TenFootPole","Fusion Hammer","TreeSap"],"acts_visited":["Exordium","TheCity"],"potions_floor_usage":[6,10,14,16,19],"damage_taken":[{"damage":2,"enemies":"Jaw Worm","floor":1,"turns":4},{"damage":0,"enemies":"2 Louse","floor":2,"turns":3},{"damage":6,"enemies":"Small Slimes","floor":5,"turns":5},{"damage":14,"enemies":"Lagavulin","floor":6,"turns":6},{"damage":21,"enemies":"conspire:MimicChest","floor":7,"turns":8},{"damage":1,"enemies":"Blue Slaver","floor":10,"turns":6},{"damage":2,"enemies":"Looter","floor":13,"turns":3},{"damage":6,"enemies":"Gremlin Nob","floor":14,"turns":4},{"damage":12,"enemies":"Hexaghost","floor":16,"turns":10},{"damage":64,"enemies":"2 Thieves","floor":18,"turns":4},{"damage":16,"enemies":"3 Byrds","floor":19,"turns":5},{"damage":17,"enemies":"Snake Plant","floor":20,"turns":3}],"seed_played":"-4264070214492293440","potions_obtained":[{"floor":1,"key":"SteroidPotion"},{"floor":7,"key":"AttackPotion"},{"floor":13,"key":"PowerPotion"},{"floor":14,"key":"SkillPotion"},{"floor":18,"key":"SkillPotion"}],"is_trial":false,"path_per_floor":["M","M","?","?","M","E","?","R","T","M","?","?","M","E","R","B",null,"M","M","M"],"character_chosen":"HERMIT","items_purchased":[],"campfire_rested":1,"item_purchase_floors":[],"current_hp_per_floor":[73,73,73,52,46,32,11,33,33,32,32,32,33,27,27,24,75,18,14,0,0],"gold":412,"neow_bonus":"","is_daily":false,"chose_seed":false,"campfire_upgraded":0,"win_rate":0.0,"timestamp":1608332606,"path_taken":["M","M","?","?","M","E","?","R","T","?","?","?","M","E","R","BOSS","M","M","M"],"items_purchased_type":[],"build_version":"2020-12-13","purchased_purges":0,"victory":false,"max_hp_per_floor":[75,75,75,75,75,75,75,75,75,75,75,75,75,75,75,75,75,75,75,75,75],"card_choices":[{"not_picked":["hermit:Coalescence","hermit:LowProfile"],"picked":"hermit:Scavenge","floor":1},{"not_picked":["CrumblingArmor","GalaxyChild"],"picked":"MeatLantern","floor":1},{"not_picked":["ShyLook","GreedKing"],"picked":"UniverseFragment","floor":2},{"not_picked":["hermit:Feint","hermit:Vantage"],"picked":"hermit:Ricochet","floor":2},{"not_picked":["CherryBlossoms","ShyLook"],"picked":"OSAHOGD","floor":5},{"not_picked":["hermit:NoHoldsBarred","hermit:Roulette"],"picked":"hermit:Quickdraw","floor":5},{"not_picked":["BeautyBeast","DespairKnight"],"picked":"HappyTeddy","floor":6},{"not_picked":["hermit:Roulette","hermit:Combo"],"picked":"hermit:PistolWhip","floor":6},{"not_picked":["Bloodbath","Alriune"],"picked":"Freischutz","floor":7},{"not_picked":["hermit:Manifest","hermit:Misfire"],"picked":"hermit:EyeOfTheStorm","floor":7},{"not_picked":["MHz","ShyLook"],"picked":"Wellcheers","floor":10},{"not_picked":["hermit:Ricochet","hermit:ItchyTrigger"],"picked":"hermit:WideOpen","floor":10},{"not_picked":["StarBarrage","ThirdEye","beaked:Caw"],"picked":"SKIP","floor":13},{"not_picked":["Guardian:ExploitGems","hexamod:AdvancingGuard"],"picked":"stsjorbsmod:Concentrate","floor":14},{"not_picked":["Scorched","Murderer"],"picked":"NakedNest","floor":14},{"not_picked":["PunishingBird","SpiderBud"],"picked":"QueenOfHatred","floor":16},{"not_picked":["Porccubus","MHz"],"picked":"BeautyBeast","floor":18},{"not_picked":["Cloak And Dagger","Shade:Haruspicy","Ready_Giant"],"picked":"SKIP","floor":18},{"not_picked":["Cloak And Dagger","Shade:Haruspicy","Ready_Giant"],"picked":"SKIP","floor":18},{"not_picked":["bard:FeastOnFear+1","beaked:MimicWarrior"],"picked":"Sweeping Beam+1","floor":19},{"not_picked":["PunishingBird","BodiesMountain"],"picked":"HeroicMonk","floor":19}],"player_experience":265590,"relics_obtained":[{"floor":6,"key":"Torii"},{"floor":7,"key":"Replay:Rubber Ducky"},{"floor":9,"key":"Art of War"},{"floor":14,"key":"hubris:TenFootPole"}],"event_choices":[{"damage_healed":0,"gold_gain":69,"player_choice":"Gained Gold","damage_taken":0,"max_hp_gain":0,"max_hp_loss":0,"event_name":"Golden Wing","floor":3,"gold_loss":0}],"is_beta":false,"boss_relics":[{"not_picked":["hubris:ScarierMask","jedi:hotpepper"],"picked":"Fusion Hammer"}],"items_purged_floors":[],"is_endless":false,"potions_floor_spawned":[1,7,13,14,18],"killed_by":"Snake Plant","ascension_level":0}}