{"host":"k5dhp0bkccqfauyu","time":1608293333,"event":{"mods":["BaseMod","Better Note","Better Skull","Better Vampires","Colored Map","Colored Powertips","DeckTracker","Minty Spire (QoL Compilation)","Permanent Neow","StSLib","SuperFastMode"],"gold_per_floor":[117,137,137,158,21,21,62,62,62,62,62,17,51,69,69,162,162,176,196,121,121,121,155,155,178,204,218,261,261,261,261],"floor_reached":30,"playtime":1090,"items_purged":[],"score":652,"play_id":"a8e89565-19ab-4434-b954-680bfa091511","local_time":"20201218230853","is_ascension_mode":true,"campfire_choices":[{"data":"Eviscerate","floor":6,"key":"SMITH"},{"floor":8,"key":"REST"},{"data":"Crippling Poison","floor":10,"key":"SMITH"},{"data":"Noxious Fumes","floor":15,"key":"SMITH"},{"data":"Malaise","floor":24,"key":"SMITH"},{"floor":29,"key":"REST"}],"circlet_count":0,"master_deck":["AscendersBane","Strike_G+1","Strike_G+1","Strike_G+1","Strike_G+1","Defend_G+1","Defend_G+1","Defend_G+1","Defend_G+1","Defend_G+1","Survivor","Neutralize","Eviscerate+1","Escape Plan","Crippling Poison+1","Noxious Fumes+1","Deadly Poison","Prepared","Masterful Stab","Crippling Poison","Acrobatics","Malaise+1","Acrobatics","Writhe","PiercingWail","Choke+1","Calculated Gamble","Underhanded Strike+1"],"relics":["Sozu","Golden Idol","Paper Crane","Akabeko","Snecko Eye","Molten Egg 2","Blood Vial","Snake Skull","Tiny Chest"],"acts_visited":["Exordium","TheCity"],"potions_floor_usage":[],"damage_taken":[{"damage":2,"enemies":"Jaw Worm","floor":1,"turns":4},{"damage":1,"enemies":"2 Louse","floor":2,"turns":3},{"damage":7,"enemies":"Cultist","floor":4,"turns":5},{"damage":35,"enemies":"3 Sentries","floor":7,"turns":7},{"damage":6,"enemies":"Gremlin Nob","floor":13,"turns":3},{"damage":5,"enemies":"Gremlin Gang","floor":14,"turns":4},{"damage":0,"enemies":"The Guardian","floor":16,"turns":8},{"damage":6,"enemies":"Chosen","floor":18,"turns":6},{"damage":1,"enemies":"2 Thieves","floor":19,"turns":3},{"damage":16,"enemies":"Book of Stabbing","floor":23,"turns":7},{"damage":0,"enemies":"Snecko","floor":25,"turns":4},{"damage":3,"enemies":"Centurion and Healer","floor":27,"turns":6},{"damage":1,"enemies":"Gremlin Leader","floor":28,"turns":5},{"damage":61,"enemies":"Slavers","floor":30,"turns":7}],"seed_played":"4774348951602573707","potions_obtained":[],"is_trial":false,"path_per_floor":["M","M","?","M","$","R","E","R","T","R","?","$","E","M","R","B",null,"M","M","?","?","?","E","R","M","T","M","E","R","E"],"character_chosen":"THE_SILENT","items_purchased":["Noxious Fumes","Deadly Poison","Masterful Stab"],"campfire_rested":2,"item_purchase_floors":[5,5,12],"current_hp_per_floor":[57,56,56,49,49,49,14,32,32,32,52,52,46,41,41,41,55,49,48,48,48,48,32,32,34,34,33,34,52,0,0],"gold":261,"neow_bonus":"BOSS_RELIC","is_daily":false,"chose_seed":false,"campfire_upgraded":4,"win_rate":0.0,"timestamp":1608293333,"path_taken":["M","M","?","M","$","R","E","R","T","R","?","$","E","M","R","BOSS","M","M","?","?","?","E","R","M","T","?","E","R","E"],"items_purchased_type":["Card","Card","Card"],"build_version":"2020-12-13","purchased_purges":0,"victory":false,"max_hp_per_floor":[66,66,60,60,60,60,60,60,60,60,60,60,60,60,60,60,60,60,60,60,60,60,60,60,60,60,60,60,60,60,60],"card_choices":[{"not_picked":["Underhanded Strike","Deflect"],"picked":"Eviscerate","floor":1},{"not_picked":["Flying Knee","Underhanded Strike"],"picked":"Escape Plan","floor":2},{"not_picked":["Flying Knee","Cloak And Dagger"],"picked":"Crippling Poison","floor":4},{"not_picked":["Bane","Flechettes"],"picked":"Prepared","floor":7},{"not_picked":["Caltrops","Poisoned Stab"],"picked":"Crippling Poison","floor":13},{"not_picked":["Cloak And Dagger","Dash"],"picked":"Acrobatics","floor":14},{"not_picked":["Wraith Form v2","Venomology"],"picked":"Malaise","floor":16},{"not_picked":["Underhanded Strike","Dagger Spray"],"picked":"Acrobatics","floor":18},{"not_picked":["Bane","Infinite Blades","PiercingWail"],"picked":"SKIP","floor":19},{"not_picked":["Outmaneuver","Dagger Throw+1"],"picked":"PiercingWail","floor":23},{"not_picked":["Concentrate+1","Backflip"],"picked":"Choke+1","floor":25},{"not_picked":["Cloak And Dagger","Deadly Poison"],"picked":"Calculated Gamble","floor":27},{"not_picked":["Prepared","PiercingWail"],"picked":"Underhanded Strike+1","floor":28}],"player_experience":1778374,"relics_obtained":[{"floor":7,"key":"Paper Crane"},{"floor":13,"key":"Akabeko"},{"floor":23,"key":"Blood Vial"},{"floor":26,"key":"Snake Skull"},{"floor":28,"key":"Tiny Chest"}],"event_choices":[{"damage_healed":0,"gold_gain":0,"player_choice":"Lose Max HP","damage_taken":0,"relics_obtained":["Golden Idol"],"max_hp_gain":0,"max_hp_loss":6,"event_name":"Golden Idol","floor":3,"gold_loss":0},{"damage_healed":20,"gold_gain":0,"player_choice":"Banana","damage_taken":0,"max_hp_gain":0,"max_hp_loss":0,"event_name":"Big Fish","floor":11,"gold_loss":0},{"cards_removed":["Strike_G"],"damage_healed":0,"gold_gain":0,"player_choice":"Gave Gold","damage_taken":0,"max_hp_gain":0,"max_hp_loss":0,"event_name":"Beggar","floor":20,"gold_loss":75},{"damage_healed":0,"gold_gain":0,"player_choice":"Simplicity","damage_taken":0,"max_hp_gain":0,"max_hp_loss":0,"event_name":"Back to Basics","floor":21,"gold_loss":0,"cards_upgraded":["Strike_G","Strike_G","Strike_G","Strike_G","Defend_G","Defend_G","Defend_G","Defend_G","Defend_G"]},{"damage_healed":0,"gold_gain":0,"player_choice":"Opened","damage_taken":0,"relics_obtained":["Molten Egg 2"],"max_hp_gain":0,"max_hp_loss":0,"event_name":"The Mausoleum","floor":22,"gold_loss":0,"cards_obtained":["Writhe"]}],"is_beta":false,"boss_relics":[{"not_picked":["Black Star","WristBlade"],"picked":"Snecko Eye"}],"items_purged_floors":[],"is_endless":false,"potions_floor_spawned":[1,13,16,18,19,23,28],"killed_by":"Slavers","ascension_level":20}}