{"host":"j0a1jfichhxu8b8p","time":1608283256,"event":{"mods":["BaseMod","Colored Map","DeckTracker","Keyboard Shortcuts","Minty Spire (QoL Compilation)","Permanent Neow","StSLib","everything is the same but u backflip on backflip"],"gold_per_floor":[118,26,26,26,43,68,88,88,88,100,100,130,147,157,157,157,157],"floor_reached":16,"playtime":540,"items_purged":[],"score":243,"play_id":"11cb29d2-66f0-496b-9819-97efdfa0db12","local_time":"20201218182056","is_ascension_mode":true,"campfire_choices":[{"data":"Chill","floor":8,"key":"SMITH"},{"floor":15,"key":"REST"}],"circlet_count":0,"master_deck":["AscendersBane","Strike_B","Strike_B","Strike_B","Strike_B","Defend_B","Defend_B","Defend_B","Defend_B","Zap","Dualcast","Rip and Tear","Conserve Battery","Chill+1","Chill","Self Repair+1","Cold Snap","Hologram+1","Seek+1","BootSequence+1","Steam+1"],"relics":["Cracked Core","NeowsBlessing","Frozen Egg 2","Shuriken","Toxic Egg 2","Akabeko"],"acts_visited":["Exordium"],"potions_floor_usage":[12,12,16],"damage_taken":[{"damage":0,"enemies":"Jaw Worm","floor":1,"turns":1},{"damage":0,"enemies":"2 Louse","floor":5,"turns":1},{"damage":0,"enemies":"Lagavulin","floor":6,"turns":1},{"damage":0,"enemies":"Cultist","floor":7,"turns":3},{"damage":20,"enemies":"Exordium Wildlife","floor":10,"turns":6},{"damage":0,"enemies":"Gremlin Nob","floor":12,"turns":3},{"damage":0,"enemies":"Looter","floor":13,"turns":3},{"damage":0,"enemies":"Lots of Slimes","floor":14,"turns":3},{"damage":34,"enemies":"Hexaghost","floor":16,"turns":12}],"seed_played":"8088306062077541095","potions_obtained":[{"floor":1,"key":"LiquidBronze"},{"floor":5,"key":"FocusPotion"},{"floor":11,"key":"AttackPotion"},{"floor":11,"key":"AttackPotion"},{"floor":13,"key":"LiquidMemories"},{"floor":14,"key":"PowerPotion"}],"is_trial":false,"path_per_floor":["M","$","?","$","M","E","M","R","T","M","?","E","M","M","R","B"],"character_chosen":"DEFECT","items_purchased":["Conserve Battery","Chill"],"campfire_rested":1,"item_purchase_floors":[2,2],"current_hp_per_floor":[68,68,26,26,26,26,36,36,36,26,26,26,26,36,58,24,24],"gold":157,"neow_bonus":"THREE_ENEMY_KILL","is_daily":false,"chose_seed":false,"campfire_upgraded":1,"win_rate":0.0,"timestamp":1608283256,"path_taken":["M","$","?","$","M","E","M","R","T","M","?","E","M","M","R","BOSS"],"items_purchased_type":["Card","Card"],"build_version":"2020-12-13","purchased_purges":0,"victory":false,"max_hp_per_floor":[75,75,75,75,75,75,75,75,75,75,75,75,75,75,75,75,75],"card_choices":[{"not_picked":["Force Field","Coolheaded"],"picked":"Rip and Tear","floor":1},{"not_picked":["White Noise","Compile Driver"],"picked":"Chill","floor":5},{"not_picked":["Sweeping Beam","Coolheaded"],"picked":"Self Repair+1","floor":6},{"not_picked":["Compile Driver","Redo"],"picked":"Cold Snap","floor":7},{"not_picked":["Rip and Tear","Redo+1"],"picked":"Hologram+1","floor":10},{"not_picked":["Amplify+1","Sweeping Beam"],"picked":"Seek+1","floor":12},{"not_picked":["Conserve Battery+1","Beam Cell"],"picked":"BootSequence+1","floor":13},{"not_picked":["Rebound","Force Field+1"],"picked":"Steam+1","floor":14}],"player_experience":327670,"relics_obtained":[{"floor":6,"key":"Shuriken"},{"floor":9,"key":"Toxic Egg 2"},{"floor":12,"key":"Akabeko"}],"event_choices":[{"damage_healed":0,"gold_gain":0,"player_choice":"Success","damage_taken":42,"relics_obtained":["Frozen Egg 2"],"max_hp_gain":0,"max_hp_loss":0,"event_name":"Scrap Ooze","floor":3,"gold_loss":0},{"damage_healed":0,"gold_gain":0,"player_choice":"Got Potions","damage_taken":0,"max_hp_gain":0,"max_hp_loss":0,"event_name":"Lab","floor":11,"gold_loss":0}],"is_beta":false,"boss_relics":[],"items_purged_floors":[],"is_endless":false,"potions_floor_spawned":[1,5,13,14],"killed_by":"Hexaghost","ascension_level":10}}