{"host":"wha9hktbkslqvblg","time":1608254194,"event":{"mods":["BaseMod","Colored Map","Minty Spire (QoL Compilation)","Relic Stats","SuperFastMode","everything is the same but u backflip on backflip"],"gold_per_floor":[116,4,4,4,15,45,45,74,100,100,112,112,147,72,72,149,149,160,160,160,60,75,0,0,10,10,35,47,73,73,73,73,73,73],"floor_reached":33,"playtime":799,"items_purged":["Strike_R","Feel No Pain"],"score":588,"play_id":"4fcf59dc-3304-4113-b9fe-d4fb54750838","local_time":"20201218101634","is_ascension_mode":true,"campfire_choices":[{"data":"Blood for Blood","floor":7.0,"key":"SMITH"},{"data":"Fire Breathing","floor":15.0,"key":"SMITH"},{"data":"Armaments","floor":24.0,"key":"SMITH"},{"data":"Demon Form","floor":30.0,"key":"SMITH"},{"data":"Dual Wield","floor":32.0,"key":"SMITH"}],"circlet_count":0,"master_deck":["AscendersBane","Evolve","Blood for Blood+1","Fire Breathing+1","Double Tap","Inflame","Demon Form+1","Burning Pact","Reaper","Armaments+1","Dual Wield+1","Ghostly","Ghostly","Ghostly"],"relics":["Burning Blood","NeowsBlessing","WingedGreaves","Odd Mushroom","Pen Nib","Pandora\u0027s Box","Toxic Egg 2","Lantern","Paper Frog"],"acts_visited":["Exordium","TheCity"],"potions_floor_usage":[33,33],"damage_taken":[{"damage":0.0,"enemies":"Cultist","floor":1.0,"turns":1.0},{"damage":0.0,"enemies":"Jaw Worm","floor":5.0,"turns":1.0},{"damage":0.0,"enemies":"Gremlin Nob","floor":6.0,"turns":1.0},{"damage":22.0,"enemies":"The Mushroom Lair","floor":8.0,"turns":5.0},{"damage":5.0,"enemies":"2 Louse","floor":11.0,"turns":3.0},{"damage":15.0,"enemies":"3 Sentries","floor":13.0,"turns":5.0},{"damage":29.0,"enemies":"Hexaghost","floor":16.0,"turns":8.0},{"damage":38.0,"enemies":"Spheric Guardian","floor":18.0,"turns":5.0},{"damage":25.0,"enemies":"2 Thieves","floor":22.0,"turns":4.0},{"damage":31.0,"enemies":"Cultist and Chosen","floor":25.0,"turns":6.0},{"damage":28.0,"enemies":"Centurion and Healer","floor":28.0,"turns":6.0},{"damage":4.0,"enemies":"Gremlin Leader","floor":29.0,"turns":7.0},{"damage":37,"enemies":"Collector","floor":33,"turns":6}],"seed_played":"3931734604863892781","potions_obtained":[{"floor":6.0,"key":"SkillPotion"},{"floor":8.0,"key":"Dexterity Potion"},{"floor":11.0,"key":"Ancient Potion"},{"floor":22.0,"key":"Explosive Potion"},{"floor":29.0,"key":"SteroidPotion"}],"is_trial":false,"path_per_floor":["M","$","?","$","M","E","R","?","T","?","M","?","E","?","R","B",null,"M","?","?","$","M","?","R","M","T","T","M","E","R","?","R","B"],"character_chosen":"IRONCLAD","items_purchased":["Blood for Blood"],"campfire_rested":0,"item_purchase_floors":[2],"current_hp_per_floor":[74,74,79,79,80,80,80,64,64,64,65,65,56,56,56,33,68,36,36,36,36,27,27,27,26,26,26,40,40,40,31,31,3,3],"gold":73,"neow_bonus":"THREE_ENEMY_KILL","is_daily":false,"chose_seed":false,"campfire_upgraded":5,"win_rate":0.0,"timestamp":1608254194,"path_taken":["M","$","?","$","M","E","R","?","T","?","?","?","E","?","R","BOSS","M","?","?","?","?","?","R","M","T","?","M","E","R","?","R","BOSS"],"items_purchased_type":["Card"],"build_version":"2020-12-13","purchased_purges":2,"victory":false,"max_hp_per_floor":[75,75,80,80,80,80,80,80,80,80,80,80,80,80,80,80,80,80,80,40,40,40,40,40,40,40,40,40,40,40,45,45,45,45],"relic_stats":{"counters":[13,58],"Pandora\u0027s Box":["Inflame","Warcry","Demon Form","Burning Pact","Reaper"],"Pen Nib":[5],"obtain_stats":[{"Lantern":27,"NeowsBlessing":0,"Pandora\u0027s Box":17,"WingedGreaves":6,"Pen Nib":13,"Odd Mushroom":8,"Toxic Egg 2":26,"Burning Blood":0,"Paper Frog":29},{"Lantern":10,"NeowsBlessing":0,"Pandora\u0027s Box":7,"WingedGreaves":3,"Pen Nib":6,"Odd Mushroom":4,"Toxic Egg 2":10,"Burning Blood":0,"Paper Frog":12},{"Lantern":39,"NeowsBlessing":0,"Pandora\u0027s Box":24,"WingedGreaves":3,"Pen Nib":16,"Odd Mushroom":8,"Toxic Egg 2":39,"Burning Blood":0,"Paper Frog":52}],"Burning Blood":49},"card_choices":[{"not_picked":["Twin Strike","Sever Soul"],"picked":"Evolve","floor":1.0},{"not_picked":["True Grit","Anger","Whirlwind"],"picked":"SKIP","floor":5.0},{"not_picked":["Disarm","Intimidate","Warcry"],"picked":"SKIP","floor":6.0},{"not_picked":["Twin Strike","Thunderclap"],"picked":"Fire Breathing","floor":11.0},{"not_picked":["Combust","Bludgeon","Sentinel"],"picked":"SKIP","floor":13.0},{"not_picked":["Juggernaut","Corruption"],"picked":"Double Tap","floor":16.0},{"not_picked":["Havoc","Headbutt","Inflame"],"picked":"SKIP","floor":18.0},{"not_picked":["Pommel Strike","Flex","Anger"],"picked":"SKIP","floor":22.0},{"not_picked":["True Grit","Uppercut","Body Slam"],"picked":"SKIP","floor":25.0},{"not_picked":["Power Through+1","Headbutt+1","Heavy Blade+1"],"picked":"SKIP","floor":28.0},{"not_picked":["Ghostly Armor+1","Heavy Blade","Warcry+1"],"picked":"SKIP","floor":29.0}],"player_experience":867585,"relics_obtained":[{"floor":6.0,"key":"WingedGreaves"},{"floor":8.0,"key":"Odd Mushroom"},{"floor":13.0,"key":"Pen Nib"},{"floor":26.0,"key":"Toxic Egg 2"},{"floor":27.0,"key":"Lantern"},{"floor":29.0,"key":"Paper Frog"}],"event_choices":[{"damage_healed":0.0,"max_hp_gain":5.0,"max_hp_loss":0.0,"gold_gain":0.0,"event_name":"Big Fish","player_choice":"Donut","floor":3.0,"gold_loss":0.0,"damage_taken":0.0},{"damage_healed":0.0,"max_hp_gain":0.0,"max_hp_loss":0.0,"gold_gain":0.0,"event_name":"Mushrooms","player_choice":"Fought Mushrooms","floor":8.0,"gold_loss":0.0,"damage_taken":0.0},{"damage_healed":0.0,"max_hp_gain":0.0,"max_hp_loss":0.0,"gold_gain":0.0,"cards_transformed":["Strike_R"],"event_name":"Transmorgrifier","player_choice":"Transformed","floor":10.0,"gold_loss":0.0,"damage_taken":0.0,"cards_obtained":["Feel No Pain"]},{"cards_removed":["Strike_R"],"damage_healed":0.0,"max_hp_gain":0.0,"max_hp_loss":0.0,"gold_gain":0.0,"event_name":"Living Wall","player_choice":"Forget","floor":12.0,"gold_loss":0.0,"damage_taken":0.0},{"cards_removed":["Strike_R"],"damage_healed":0.0,"max_hp_gain":0.0,"max_hp_loss":0.0,"gold_gain":0.0,"event_name":"The Cleric","player_choice":"Card Removal","floor":14.0,"gold_loss":75.0,"damage_taken":0.0},{"damage_healed":0.0,"max_hp_gain":0.0,"max_hp_loss":0.0,"gold_gain":0.0,"cards_transformed":["Bash","Warcry"],"event_name":"Drug Dealer","player_choice":"Became Test Subject","floor":19.0,"gold_loss":0.0,"damage_taken":0.0,"cards_obtained":["Armaments","Dual Wield"]},{"damage_healed":0.0,"max_hp_gain":0.0,"max_hp_loss":40.0,"gold_gain":0.0,"event_name":"Ghosts","player_choice":"Became a Ghost","floor":20.0,"gold_loss":0.0,"damage_taken":0.0,"cards_obtained":["Ghostly","Ghostly","Ghostly"]},{"damage_healed":0.0,"max_hp_gain":0.0,"max_hp_loss":0.0,"gold_gain":0.0,"event_name":"Masked Bandits","player_choice":"Paid Fearfully","floor":23.0,"gold_loss":75.0,"damage_taken":0.0},{"damage_healed":0.0,"max_hp_gain":5.0,"max_hp_loss":0.0,"gold_gain":0.0,"event_name":"Forgotten Altar","player_choice":"Shed Blood","floor":31.0,"gold_loss":0.0,"damage_taken":14.0}],"is_beta":false,"boss_relics":[{"not_picked":["Runic Cube","SlaversCollar"],"picked":"Pandora\u0027s Box"}],"items_purged_floors":[2,21],"is_endless":false,"potions_floor_spawned":[6,8,11,22,29],"killed_by":"Collector","ascension_level":20}}