{"host":"12piqfhmdln9x2la","time":1608317544,"event":{"mods":["2.2 Compatiblity","AchievementEnabler","BaseMod","BetterRewards","Colored Powertips","Minty Spire (QoL Compilation)","Quick Restart","SuperFastMode"],"gold_per_floor":[111,186,136,136,148,148,175,175,226,245,271,291,291,291,291,387,387,406,426,227,227,227,253,253,253],"floor_reached":24,"playtime":381,"items_purged":["Defend_G"],"score":247,"play_id":"d1c1cb29-6a04-4752-8bf4-9198a5a3a447","local_time":"20201219035224","is_ascension_mode":false,"campfire_choices":[{"data":"Deadly Poison","floor":6,"key":"SMITH"},{"data":"Catalyst","floor":8,"key":"SMITH"},{"data":"Crippling Poison","floor":13,"key":"SMITH"},{"data":"Poisoned Stab","floor":15,"key":"SMITH"}],"circlet_count":0,"master_deck":["Strike_G","Strike_G","Strike_G","Strike_G","Defend_G","Defend_G","Defend_G+1","Survivor","Neutralize","Outmaneuver","Deadly Poison+1","Catalyst+1","Deadly Poison+1","Poisoned Stab+1","Crippling Poison+1","Deadly Poison","Corpse Explosion","Catalyst","Bane+1","Footwork","Deflect","Prepared","Adrenaline","Deflect"],"relics":["Ring of the Snake","NeowsBlessing","InkBottle","Ancient Tea Set","Pen Nib","SlaversCollar","Bottled Lightning"],"acts_visited":["Exordium","TheCity"],"potions_floor_usage":[11,11,19],"damage_taken":[{"damage":0,"enemies":"Jaw Worm","floor":1,"turns":1},{"damage":0,"enemies":"Cultist","floor":5,"turns":1},{"damage":0,"enemies":"Lagavulin","floor":7,"turns":1},{"damage":0,"enemies":"2 Louse","floor":10,"turns":3},{"damage":6,"enemies":"Gremlin Nob","floor":11,"turns":3},{"damage":9,"enemies":"Looter","floor":12,"turns":3},{"damage":18,"enemies":"Hexaghost","floor":16,"turns":4},{"damage":14,"enemies":"2 Thieves","floor":18,"turns":3},{"damage":0,"enemies":"Spheric Guardian","floor":19,"turns":2},{"damage":43,"enemies":"Slavers","floor":23,"turns":4},{"damage":13,"enemies":"Snake Plant","floor":24,"turns":2}],"seed_played":"-903216586589958009","potions_obtained":[{"floor":1,"key":"SkillPotion"},{"floor":7,"key":"AttackPotion"},{"floor":16,"key":"Fire Potion"}],"is_trial":false,"path_per_floor":["M","?","?","?","M","R","E","R","T","M","E","M","R","?","R","B",null,"M","M","$","?","?","E","M"],"character_chosen":"THE_SILENT","items_purchased":["Footwork","Deflect"],"campfire_rested":0,"item_purchase_floors":[20,20],"current_hp_per_floor":[70,59,59,59,59,59,59,59,59,59,53,44,44,30,30,12,70,56,56,56,56,56,13,0,0],"gold":253,"neow_bonus":"THREE_ENEMY_KILL","is_daily":false,"chose_seed":false,"campfire_upgraded":4,"win_rate":0.0,"timestamp":1608317544,"path_taken":["M","?","?","?","?","R","E","R","T","M","E","M","R","?","R","BOSS","M","M","$","?","?","E","M"],"items_purchased_type":["Card","Card"],"build_version":"2020-12-13","purchased_purges":1,"victory":false,"max_hp_per_floor":[70,70,70,70,70,70,70,70,70,70,70,70,70,70,70,70,70,70,70,70,70,70,70,70,70],"card_choices":[{"not_picked":["Dodge and Roll","Masterful Stab"],"picked":"Outmaneuver","floor":1},{"not_picked":["Backflip","Sucker Punch"],"picked":"Catalyst","floor":5},{"not_picked":["Quick Slash","Outmaneuver"],"picked":"Deadly Poison","floor":7},{"not_picked":["Distraction","Footwork"],"picked":"Poisoned Stab","floor":10},{"not_picked":["Bane","Expertise"],"picked":"Crippling Poison","floor":11},{"not_picked":["Backflip","Sucker Punch"],"picked":"Deadly Poison","floor":12},{"not_picked":["Storm of Steel","Glass Knife"],"picked":"Corpse Explosion","floor":16},{"not_picked":["Choke+1","Quick Slash+1"],"picked":"Catalyst","floor":18},{"not_picked":["Calculated Gamble","Flying Knee"],"picked":"Bane+1","floor":19},{"not_picked":["Backflip","Skewer+1"],"picked":"Deflect","floor":23}],"player_experience":97606,"relics_obtained":[{"floor":7,"key":"InkBottle"},{"floor":9,"key":"Ancient Tea Set"},{"floor":11,"key":"Pen Nib"},{"floor":23,"key":"Bottled Lightning"}],"event_choices":[{"damage_healed":0,"gold_gain":75,"player_choice":"Gather Gold","damage_taken":11,"max_hp_gain":0,"max_hp_loss":0,"event_name":"World of Goop","floor":2,"gold_loss":0},{"cards_removed":["Strike_G"],"damage_healed":0,"gold_gain":0,"player_choice":"Card Removal","damage_taken":0,"max_hp_gain":0,"max_hp_loss":0,"event_name":"The Cleric","floor":3,"gold_loss":50},{"damage_healed":0,"gold_gain":0,"player_choice":"1 cards matched","damage_taken":0,"max_hp_gain":0,"max_hp_loss":0,"event_name":"Match and Keep!","floor":4,"gold_loss":0,"cards_obtained":["Deadly Poison"]},{"damage_healed":0,"gold_gain":0,"player_choice":"Entered Light","damage_taken":14,"max_hp_gain":0,"max_hp_loss":0,"event_name":"Shining Light","floor":14,"gold_loss":0,"cards_upgraded":["Defend_G","Deadly Poison"]},{"damage_healed":0,"gold_gain":0,"player_choice":"Read","damage_taken":0,"max_hp_gain":0,"max_hp_loss":0,"event_name":"The Library","floor":21,"gold_loss":0,"cards_obtained":["Prepared"]},{"damage_healed":0,"gold_gain":0,"cards_transformed":["Defend_G"],"player_choice":"Transformed","damage_taken":0,"max_hp_gain":0,"max_hp_loss":0,"event_name":"Transmorgrifier","floor":22,"gold_loss":0,"cards_obtained":["Adrenaline"]}],"is_beta":false,"boss_relics":[{"not_picked":["Astrolabe","Ring of the Serpent"],"picked":"SlaversCollar"}],"items_purged_floors":[20],"is_endless":false,"potions_floor_spawned":[1,7,16],"killed_by":"Snake Plant","ascension_level":0}}