{"host":"esx1hwjnbftf3eqj","time":1608331341,"event":{"mods":["BaseMod","Colored Map","Minty Spire (QoL Compilation)","StSLib","The Jungle"],"gold_per_floor":[15,15,30,30,205,237,237,270,270,300,300,319,319,346,346,444,444,461,63,63,80,80,80,106,38,38,55,84,84,103,132,132,232,232,250,26,37,37,37],"floor_reached":38,"playtime":7095,"items_purged":["Doubt","Defend_G"],"score":580,"play_id":"e248bded-ff6b-41ca-ba4c-a10495e0b67e","local_time":"20201218144221","is_ascension_mode":true,"campfire_choices":[{"floor":7,"key":"REST"},{"floor":11,"key":"REST"},{"floor":13,"key":"REST"},{"data":"Sucker Punch","floor":15,"key":"SMITH"},{"data":"Infinite Blades","floor":23,"key":"SMITH"},{"floor":29,"key":"REST"},{"floor":32,"key":"REST"}],"circlet_count":0,"master_deck":["Strike_G","Strike_G","Strike_G","Strike_G","Defend_G","Defend_G+1","Defend_G+1","Survivor","Neutralize+1","Infinite Blades+1","Sucker Punch+1","Poisoned Stab","Venomology+1","Calculated Gamble+1","Backflip+1","Calculated Gamble+1","Malaise+1","Burst+1","Backflip+1","Footwork+1","Well Laid Plans+1","Catalyst+1","Footwork+1","Catalyst+1","Bouncing Flask+1","Cloak And Dagger+1","Catalyst+1","Poisoned Stab","Infinite Blades+1","Envenom+1","Deflect+1","Deadly Poison+1","Caltrops+1","Dodge and Roll+1"],"relics":["Ring of the Serpent","Gremlin Horn","Frozen Egg 2","Dream Catcher","Toxic Egg 2","Bronze Scales","Mummified Hand","PreservedInsect","War Paint","Bottled Lightning","Sundial","Velvet Choker"],"acts_visited":["Exordium","Exordium","TheBeyond"],"potions_floor_usage":[8,12,14,18,21,24,24,27,28,28,28,30,30,31,33,33,35,37,38,38],"damage_taken":[{"damage":2,"enemies":"Small Slimes","floor":1,"turns":4},{"damage":0,"enemies":"2 Louse","floor":3,"turns":3},{"damage":56,"enemies":"3 Sentries","floor":6,"turns":12},{"damage":14,"enemies":"Gremlin Nob","floor":8,"turns":5},{"damage":20,"enemies":"Lagavulin","floor":10,"turns":9},{"damage":0,"enemies":"Jaw Worm","floor":12,"turns":5},{"damage":20,"enemies":"Gremlin Nob","floor":14,"turns":5},{"damage":5,"enemies":"Hexaghost","floor":16,"turns":12},{"damage":10,"enemies":"theJungle:Flameango_and_Byrd","floor":18,"turns":7},{"damage":0,"enemies":"theJungle:GiantWrat","floor":21,"turns":6},{"damage":23,"enemies":"theJungle:MamaSnecko","floor":24,"turns":12},{"damage":5,"enemies":"theJungle:Lyon","floor":27,"turns":6},{"damage":10,"enemies":"theJungle:Cassacara","floor":28,"turns":5},{"damage":9,"enemies":"theJungle:2_Flameangoes","floor":30,"turns":5},{"damage":4,"enemies":"theJungle:2_Phrogs","floor":31,"turns":6},{"damage":5,"enemies":"theJungle:QueenSpyder","floor":33,"turns":6},{"damage":9,"enemies":"3 Shapes","floor":35,"turns":6},{"damage":39,"enemies":"3 Darklings","floor":37,"turns":4},{"damage":39,"enemies":"Sphere and 2 Shapes","floor":38,"turns":3}],"seed_played":"1741715674999069226","potions_obtained":[{"floor":6,"key":"Poison Potion"},{"floor":14,"key":"Weak Potion"},{"floor":16,"key":"Weak Potion"},{"floor":27,"key":"FearPotion"},{"floor":28,"key":"Fire Potion"},{"floor":31,"key":"Block Potion"},{"floor":33,"key":"Strength Potion"}],"is_trial":false,"path_per_floor":["M","?","M","?","?","E","R","E","T","E","R","M","R","E","R","B",null,"M","$","?","M","?","R","E","$","T","M","E","R","M","E","R","B",null,"M","$","M","M"],"character_chosen":"THE_SILENT","items_purchased":["Mummified Hand","Footwork+1","Footwork+1","Deadly Poison+1","Caltrops+1"],"campfire_rested":5,"item_purchase_floors":[19,19,25,36,36],"current_hp_per_floor":[68,68,68,73,73,17,39,25,25,5,27,41,63,43,43,38,75,65,65,67,67,67,67,44,44,44,39,29,51,42,38,60,55,75,66,66,27,0,0],"gold":37,"neow_bonus":"REMOVE_TWO","is_daily":false,"chose_seed":false,"campfire_upgraded":2,"win_rate":0.0,"timestamp":1608331341,"path_taken":["M","?","M","?","?","E","R","E","T","E","R","M","R","E","R","BOSS","M","$","?","M","?","R","E","?","T","M","E","R","?","E","R","BOSS","M","$","M","?"],"items_purchased_type":["Relic","Card","Card","Card","Card"],"build_version":"2020-12-13","purchased_purges":2,"victory":false,"max_hp_per_floor":[70,70,70,75,75,75,75,75,75,75,75,75,75,75,75,75,75,75,75,75,75,75,75,75,75,75,75,75,75,75,75,75,75,75,75,75,75,75,75],"card_choices":[{"not_picked":["Acrobatics","Cloak And Dagger"],"picked":"Infinite Blades","floor":1},{"not_picked":["Quick Slash","Prepared"],"picked":"Sucker Punch","floor":3},{"not_picked":["Outmaneuver","Heel Hook","Expertise"],"picked":"SKIP","floor":6},{"not_picked":["Acrobatics","Escape Plan"],"picked":"Poisoned Stab","floor":8},{"not_picked":["Backflip+1","Reflex+1"],"picked":"Venomology+1","floor":10},{"not_picked":["Dagger Throw","Flechettes"],"picked":"Calculated Gamble+1","floor":11},{"not_picked":["Bane","Riddle With Holes"],"picked":"Backflip+1","floor":12},{"not_picked":["Outmaneuver+1","Dagger Throw"],"picked":"Calculated Gamble+1","floor":13},{"not_picked":["Bouncing Flask+1","Backflip+1"],"picked":"Malaise+1","floor":14},{"not_picked":["Adrenaline+1","Tools of the Trade+1"],"picked":"Burst+1","floor":16},{"not_picked":["Flying Knee","Eviscerate"],"picked":"Backflip+1","floor":18},{"not_picked":["Dodge and Roll+1","Prepared+1"],"picked":"Well Laid Plans+1","floor":21},{"not_picked":["Quick Slash","Underhanded Strike"],"picked":"Catalyst+1","floor":24},{"not_picked":["Backflip+1","Flechettes"],"picked":"Catalyst+1","floor":27},{"not_picked":["PiercingWail+1","Underhanded Strike+1"],"picked":"Bouncing Flask+1","floor":28},{"not_picked":["Eviscerate","Backflip+1"],"picked":"Cloak And Dagger+1","floor":29},{"not_picked":["Deadly Poison+1","Leg Sweep+1"],"picked":"Catalyst+1","floor":30},{"not_picked":["Outmaneuver+1","Acrobatics+1"],"picked":"Poisoned Stab","floor":31},{"not_picked":["Predator","Reflex+1"],"picked":"Infinite Blades+1","floor":32},{"not_picked":["A Thousand Cuts+1","Burst+1"],"picked":"Envenom+1","floor":33},{"not_picked":["Tactician+1","Expertise+1"],"picked":"Deflect+1","floor":35},{"not_picked":["Backstab","Dagger Spray+1"],"picked":"Dodge and Roll+1","floor":37}],"player_experience":457371,"relics_obtained":[{"floor":6,"key":"Gremlin Horn"},{"floor":8,"key":"Frozen Egg 2"},{"floor":9,"key":"Dream Catcher"},{"floor":10,"key":"Toxic Egg 2"},{"floor":14,"key":"Bronze Scales"},{"floor":24,"key":"PreservedInsect"},{"floor":26,"key":"War Paint"},{"floor":28,"key":"Bottled Lightning"},{"floor":31,"key":"Sundial"}],"event_choices":[{"damage_healed":0,"gold_gain":0,"player_choice":"Grow","damage_taken":0,"max_hp_gain":0,"max_hp_loss":0,"event_name":"Living Wall","floor":2,"gold_loss":0,"cards_upgraded":["Neutralize"]},{"damage_healed":0,"gold_gain":0,"player_choice":"Donut","damage_taken":0,"max_hp_gain":5,"max_hp_loss":0,"event_name":"Big Fish","floor":4,"gold_loss":0},{"damage_healed":0,"gold_gain":175,"player_choice":"AGREE","damage_taken":0,"max_hp_gain":0,"max_hp_loss":0,"event_name":"Liars Game","floor":5,"gold_loss":0,"cards_obtained":["Doubt"]}],"is_beta":false,"boss_relics":[{"not_picked":["Astrolabe","Tiny House"],"picked":"Ring of the Serpent"},{"not_picked":["Busted Crown","Philosopher\u0027s Stone"],"picked":"Velvet Choker"}],"items_purged_floors":[19,36],"is_endless":false,"potions_floor_spawned":[6,14,16,21,27,28,31,33,37],"killed_by":"Sphere and 2 Shapes","ascension_level":4}}