{"host":"1s2i2u841ofwoqaa","time":1608261432,"event":{"mods":["AchievementEnabler","Aspiration","BaseMod","Better Third Choice","Colored Powertips","Downfall","Hubris","Minty Spire (QoL Compilation)","StSLib","SuperFastMode","The Animator"],"gold_per_floor":[114,114,114,129,129,129,168,188,188,227,14,39,39,59,59,155,155,175,175,200,219,51,51,90,113,137,170,190,190,190,215,215,215,215],"floor_reached":33,"playtime":832,"items_purged":["Strike_R"],"score":734,"play_id":"72b6d6d8-e6d0-4de2-b076-59680c9082a3","local_time":"20201218161712","is_ascension_mode":true,"campfire_choices":[{"data":"Bash","floor":6,"key":"SMITH"},{"data":"Immolate","floor":13,"key":"SMITH"},{"data":"Cleave","floor":15,"key":"SMITH"},{"data":"Armaments","floor":23,"key":"SMITH"},{"floor":32,"key":"REST"}],"circlet_count":0,"master_deck":["AscendersBane","Strike_R","Strike_R+1","Defend_R+1","Defend_R","Defend_R","Defend_R","Bash+1","Intimidate","Shrug It Off","Cleave+1","Immolate+1","Offering","Shrug It Off","Juggernaut+1","Cleave+1","Armaments+1","Inflame","expansioncontent:GuardianWhirl","Shrug It Off","Bludgeon","Bloodletting+1"],"relics":["Burning Blood","NeowsBlessing","Golden Idol","Oddly Smooth Stone","Guardian:PocketSentry","Smiling Mask","Empty Cage","Akabeko","Orichalcum","aspiration:StickyExplosives_weak","aspiration:RitualStick"],"acts_visited":["Exordium","TheCity"],"potions_floor_usage":[10,10,16,18,24,31,33],"damage_taken":[{"damage":0,"enemies":"Jaw Worm","floor":1,"turns":1},{"damage":0,"enemies":"2 Louse","floor":4,"turns":1},{"damage":0,"enemies":"Lagavulin","floor":7,"turns":1},{"damage":4,"enemies":"Small Slimes","floor":8,"turns":3},{"damage":22,"enemies":"Gremlin Nob","floor":10,"turns":3},{"damage":3,"enemies":"Blue Slaver","floor":12,"turns":2},{"damage":6,"enemies":"Exordium Thugs","floor":14,"turns":2},{"damage":6,"enemies":"Slime Boss","floor":16,"turns":3},{"damage":0,"enemies":"2 Thieves","floor":18,"turns":1},{"damage":6,"enemies":"Spheric Guardian","floor":20,"turns":4},{"damage":18,"enemies":"Snake Plant","floor":21,"turns":3},{"damage":20,"enemies":"Book of Stabbing","floor":24,"turns":6},{"damage":9,"enemies":"Sentry and Sphere","floor":25,"turns":3},{"damage":6,"enemies":"Gremlin Leader","floor":27,"turns":5},{"damage":17,"enemies":"Snecko","floor":28,"turns":4},{"damage":6,"enemies":"Centurion and Healer","floor":31,"turns":3},{"damage":32,"enemies":"hubris:MusketHawk","floor":33,"turns":6}],"seed_played":"6779503046618290139","potions_obtained":[{"floor":4,"key":"SteroidPotion"},{"floor":7,"key":"Fire Potion"},{"floor":8,"key":"Slimebound:ThreeZeroPotion"},{"floor":10,"key":"Fire Potion"},{"floor":16,"key":"LiquidMemories"},{"floor":21,"key":"ColorlessPotion"},{"floor":27,"key":"CultistPotion"},{"floor":28,"key":"PowerPotion"}],"is_trial":false,"path_per_floor":["M","?","?","M","?","R","E","M","T","E","$","M","R","M","R","B",null,"M","?","M","M","$","R","E","M","T","E","M","?","?","M","R","B"],"character_chosen":"IRONCLAD","items_purchased":["Offering","Inflame","expansioncontent:GuardianWhirl"],"campfire_rested":1,"item_purchase_floors":[11,22,22],"current_hp_per_floor":[74,51,51,57,57,57,63,65,65,49,49,52,52,52,52,52,64,68,68,68,56,56,56,42,39,39,39,28,11,11,11,31,0,0],"gold":215,"neow_bonus":"THREE_ENEMY_KILL","is_daily":false,"chose_seed":false,"campfire_upgraded":4,"win_rate":0.0,"timestamp":1608261432,"path_taken":["M","?","?","M","?","R","E","M","T","E","?","M","R","M","R","BOSS","M","?","M","M","$","R","E","?","T","E","M","?","?","?","R","BOSS"],"items_purchased_type":["Card","Card","Card"],"build_version":"2020-12-13","purchased_purges":1,"victory":false,"max_hp_per_floor":[75,75,75,75,68,68,68,68,68,68,68,68,68,68,68,68,68,68,68,68,68,68,68,68,68,68,68,68,68,68,68,68,68,68],"card_choices":[{"not_picked":["Sword Boomerang","Dual Wield"],"picked":"Intimidate","floor":1},{"not_picked":["Warcry","Heavy Blade"],"picked":"Shrug It Off","floor":4},{"not_picked":["Dual Wield","Sever Soul"],"picked":"Cleave","floor":7},{"not_picked":["Combust","Anger","Warcry"],"picked":"SKIP","floor":8},{"not_picked":["Heavy Blade","Reckless Charge"],"picked":"Immolate","floor":10},{"not_picked":["hubris:ReadiedAction","Searing Blow"],"picked":"Shrug It Off","floor":12},{"not_picked":["Heavy Blade","Pummel","Clash"],"picked":"SKIP","floor":14},{"not_picked":["Demon Form","Brutality"],"picked":"Juggernaut","floor":16},{"not_picked":["Anger","Infernal Blade"],"picked":"Cleave+1","floor":18},{"not_picked":["Battle Trance","Cleave","hubris:ReadiedAction"],"picked":"SKIP","floor":20},{"not_picked":["Shrug It Off","Flex"],"picked":"Armaments","floor":21},{"not_picked":["Dual Wield","Clash","Cleave"],"picked":"SKIP","floor":24},{"not_picked":["Fire Breathing","Flex"],"picked":"Shrug It Off","floor":25},{"not_picked":["Heavy Blade","Havoc"],"picked":"Bludgeon","floor":27},{"not_picked":["Anger","Sentinel"],"picked":"Bloodletting+1","floor":28},{"not_picked":["Perfected Strike","Flex","Evolve"],"picked":"SKIP","floor":31}],"player_experience":450402,"relics_obtained":[{"floor":7,"key":"Oddly Smooth Stone"},{"floor":9,"key":"Guardian:PocketSentry"},{"floor":10,"key":"Smiling Mask"},{"floor":24,"key":"Akabeko"},{"floor":26,"key":"Orichalcum"},{"floor":27,"key":"aspiration:StickyExplosives_weak"}],"event_choices":[{"damage_healed":74,"gold_gain":0,"player_choice":"Upgrade","damage_taken":23,"max_hp_gain":0,"max_hp_loss":75,"event_name":"betterThird:BetterShining","floor":2,"gold_loss":0,"cards_upgraded":["Defend_R","Strike_R"]},{"damage_healed":0,"gold_gain":0,"player_choice":"Leave","damage_taken":0,"max_hp_gain":0,"max_hp_loss":0,"event_name":"The Cleric","floor":3,"gold_loss":0},{"damage_healed":0,"gold_gain":0,"player_choice":"Lose Max HP","damage_taken":0,"relics_obtained":["Golden Idol"],"max_hp_gain":0,"max_hp_loss":7,"event_name":"Golden Idol","floor":5,"gold_loss":0},{"damage_healed":0,"gold_gain":0,"player_choice":"0 cards matched","damage_taken":0,"max_hp_gain":0,"max_hp_loss":0,"event_name":"Match and Keep!","floor":19,"gold_loss":0,"cards_obtained":[]},{"damage_healed":0,"gold_gain":0,"player_choice":"Upgraded","damage_taken":0,"max_hp_gain":0,"max_hp_loss":0,"event_name":"Upgrade Shrine","floor":30,"gold_loss":0,"cards_upgraded":["Juggernaut"]}],"is_beta":false,"boss_relics":[{"not_picked":["Runic Cube","hubris:BlackHole"],"picked":"Empty Cage"}],"items_purged_floors":[11],"is_endless":false,"potions_floor_spawned":[4,7,8,10,16,21,27,28],"killed_by":"hubris:MusketHawk","ascension_level":17}}