{"host":"2i0myh7fqij2ti1z","time":1608304954,"event":{"mods":["Aspiration","BaseMod","Better Third Choice","Colored Powertips","Downfall","FoggyMod","Highlight Path","Infinite Spire","Minty Spire (QoL Compilation)","Quick Restart","Random Character Button","Random Character Mod","Replay The Spire","Shop Mod","Spicy Shops","StSLib","Transform Curses","Wandering Minibosses"],"gold_per_floor":[99,99,129,54084,54084,54117,54117,54117,53967,53992,54004,53122,53153,52495,52510,52608,52608,52608,52608,52380,52380,52380,52391,52465,52465,52477,52477,52577,53393,53393,53393,53393,52327,52340,52435,52435,52435,52435,52435,52435,52462,52462,52462,51717,51717,51154,50704,50371,50423,50423,50452,50488],"floor_reached":53,"playtime":3040,"items_purged":["Guardian:Defend_Guardian","Regret","Guardian:Defend_Guardian","Guardian:Strike_Guardian","Guardian:Strike_Guardian","Guardian:Strike_Guardian","Guardian:Defend_Guardian+1","Guardian:Strike_Guardian","expansioncontent:Collect","Guardian:Aged"],"score":904,"play_id":"74a3a1fe-5348-479c-8765-76c8c5ff9b1a","local_time":"20201218232234","is_ascension_mode":false,"campfire_choices":[{"floor":1,"key":"RECALL"},{"data":"Guardian:CurlUp","floor":9,"key":"SMITH"},{"data":"Guardian:MultiBeam","floor":18,"key":"SMITH"},{"data":"Guardian:BaubleBeam","floor":25,"key":"SMITH"},{"data":"Guardian:TimeCapacitor","floor":27,"key":"SMITH"},{"data":"Guardian:TimeCapacitor","floor":37,"key":"SMITH"},{"data":"Mayhem","floor":42,"key":"SMITH"}],"circlet_count":0,"master_deck":["Guardian:CurlUp+1","Guardian:TwinSlam","Guardian:MultiBeam+1","Guardian:SentryBeam","Guardian:Incinerate","Guardian:ShieldCharger+1","Guardian:VentSteam","Guardian:StasisField+1","Guardian:FastForward","Guardian:Clone","Guardian:BaubleBeam+1","Guardian:TimeCapacitor+1","Guardian:TimeCapacitor+1","Guardian:Planning","Guardian:SphericShield","Guardian:Recover","Mayhem+1","Replay:SS_hec_2","Guardian:PolyBeam+1","expansioncontent:QuickStudy+1"],"relics":["Replay:Bronze Core","Vajra","Sling","Toolbox","Bag of Marbles","Divine Protection","infinitespire:Beetle Shell","infinitespire:CursedDice","ReplayTheSpireMod:TigerMarble","Blue Candle","downfall:HeartBlessingRed","downfall:HeartBlessingBlue","Centennial Puzzle","infinitespire:FocusingShard","Kunai","Lantern","Membership Card","Torii","infinitespire:WardingShard","Shuriken","Replay:Kaleidoscope","SlaversCollar","Ring of Searing","Garlic","Replay:Wax Seal","White Beast Statue","Eternal Feather","Strange Spoon","Mercury Hourglass","wanderingMiniBosses:MasterThiefsPresence","aspiration:Lifesprig","Toxic Egg 2","Shovel","ClockworkSouvenir","OrangePellets","Juzu Bracelet","Simple Rune","Ring of Chaos","Akabeko","Orichalcum","Replay:Bandana","Replay:Lucky Slots","Toy Ornithopter","infinitespire:Lychee Nut","Replay:Ringing Soul","Guardian:StasisEgg","Replay:Bottled Snecko","Frozen Eye","infinitespire:Bottled Soul","infinitespire:PuzzleCube","aspiration:Nostalgia","Guardian:ModeShifter","Happy Flower","Bag of Preparation","Oddly Smooth Stone","HandDrill","aspiration:ChemicalBlood","Replay:Bottled Flurry","aspiration:IroncladSkillbook"],"acts_visited":["Exordium","TheCity","TheBeyond"],"potions_floor_usage":[10,12,16,16,52],"damage_taken":[{"damage":0,"enemies":"downfall:FleeingMerchant","floor":4,"turns":5},{"damage":0,"enemies":"Gremlin Nob","floor":6,"turns":1},{"damage":5,"enemies":"Lagavulin","floor":10,"turns":4},{"damage":0,"enemies":"Jaw Worm","floor":11,"turns":1},{"damage":3,"enemies":"downfall:FleeingMerchant","floor":12,"turns":7},{"damage":2,"enemies":"downfall:FleeingMerchant","floor":14,"turns":5},{"damage":0,"enemies":"2 Louse","floor":15,"turns":1},{"damage":2,"enemies":"downfall:Silent","floor":16,"turns":3},{"damage":0,"enemies":"downfall:FleeingMerchant","floor":20,"turns":1},{"damage":0,"enemies":"Chosen","floor":23,"turns":2},{"damage":2,"enemies":"Shell Parasite","floor":26,"turns":3},{"damage":0,"enemies":"Snecko","floor":29,"turns":2},{"damage":4,"enemies":"Centurion and Healer","floor":34,"turns":2},{"damage":13,"enemies":"downfall:Defect","floor":35,"turns":4},{"damage":20,"enemies":"Nemesis","floor":41,"turns":4},{"damage":0,"enemies":"Orb Walker","floor":51,"turns":2},{"damage":2,"enemies":"downfall:Ironclad","floor":52,"turns":3}],"seed_played":"8416364325398632279","potions_obtained":[{"floor":6,"key":"Death Potion"},{"floor":11,"key":"SkillPotion"},{"floor":15,"key":"PowerPotion"},{"floor":16,"key":"Adrenaline Potion"},{"floor":23,"key":"Languid Potion"},{"floor":29,"key":"PowerPotion"}],"is_trial":false,"path_per_floor":["R","?","?","$","?","E","T","?","R","E","M","$","?","$","M","B",null,"R","?","$","?","?","M","T","R","M","R","?","M","T","PTL","PTL","$","M","B",null,"R","?","?","?","E","R","T","$","?","$","$","?","T","AVR","M","B",null],"character_chosen":"GUARDIAN","items_purchased":["Guardian:Gem_Red","Sling","Toolbox","Bag of Marbles","Divine Protection","infinitespire:Beetle Shell","infinitespire:CursedDice","Guardian:MultiBeam","Guardian:SentryBeam","infinitespire:FocusingShard","Kunai","Lantern","Membership Card","Fruit Juice","Guardian:StasisField","Guardian:FastForward","infinitespire:WardingShard","Shuriken","War Paint","Replay:Kaleidoscope","Guardian:TimeCapacitor","Garlic","Replay:Wax Seal","White Beast Statue","Eternal Feather","Strange Spoon","Guardian:Planning","Toxic Egg 2","Shovel","ClockworkSouvenir","OrangePellets","Juzu Bracelet","Simple Rune","Mayhem","Replay:Bandana","Replay:Lucky Slots","Toy Ornithopter","infinitespire:Lychee Nut","Replay:Ringing Soul","expansioncontent:QuickStudy+1","Replay:Bottled Snecko","Frozen Eye","infinitespire:Bottled Soul","infinitespire:PuzzleCube","aspiration:Nostalgia","Happy Flower","Bag of Preparation","Oddly Smooth Stone","HandDrill"],"campfire_rested":0,"item_purchase_floors":[4,4,4,4,4,4,4,4,4,12,12,12,12,14,14,14,14,14,14,14,20,20,20,20,20,20,20,33,33,33,33,33,33,33,44,44,44,44,44,46,46,46,46,47,47,47,47,47,47],"current_hp_per_floor":[80,80,80,80,80,80,80,80,90,85,85,82,82,88,88,91,95,95,95,95,95,95,95,95,95,93,95,95,95,95,95,95,95,91,78,95,95,85,85,85,65,80,80,71,74,77,77,87,87,87,87,87],"gold":50488,"neow_bonus":"BOSS_RELIC","is_daily":false,"chose_seed":false,"campfire_upgraded":6,"win_rate":0.0,"timestamp":1608304954,"path_taken":["R","?","?","$","?","E","T","?","R","E","?","$","?","?","M","BOSS","R","?","$","?","?","?","T","R","?","R","?","?","?","PTL","PTL","$","M","BOSS","R","?","?","?","E","R","T","?","?","$","$","?","?","AVR","M","BOSS"],"items_purchased_type":["Card","Relic","Relic","Relic","Relic","Relic","Relic","Card","Card","Relic","Relic","Relic","Relic","Potion","Card","Card","Relic","Relic","Relic","Relic","Card","Relic","Relic","Relic","Relic","Relic","Card","Relic","Relic","Relic","Relic","Relic","Relic","Card","Relic","Relic","Relic","Relic","Relic","Card","Relic","Relic","Relic","Relic","Relic","Relic","Relic","Relic","Relic"],"build_version":"2020-12-13","purchased_purges":10,"victory":true,"max_hp_per_floor":[80,80,80,80,80,80,80,80,90,90,90,90,90,90,90,95,95,95,95,95,95,95,95,95,95,95,95,95,95,95,95,95,95,95,95,95,95,95,95,95,95,95,95,71,74,77,77,87,87,87,87,87],"card_choices":[{"not_picked":["Guardian:CrystalBeam","Guardian:VentSteam"],"picked":"Guardian:Gem_Lightblue","floor":4},{"not_picked":["Guardian:TemporalStrike","Guardian:Harden"],"picked":"Guardian:Gem_Green","floor":6},{"not_picked":["Guardian:TemporalStrike","Guardian:PiercingHide"],"picked":"Guardian:Incinerate","floor":10},{"not_picked":["Guardian:Emergency","Guardian:PiercingHide"],"picked":"Guardian:ShieldCharger","floor":11},{"not_picked":["Guardian:HyperBeam_Guardian","Guardian:DonusPower"],"picked":"Guardian:VentSteam","floor":12},{"not_picked":["Guardian:SentryBeam","Guardian:GuardianWhirl"],"picked":"Guardian:Gem_White","floor":13},{"not_picked":["Guardian:WalkerClaw","Guardian:ChargeCore","Guardian:Planning"],"picked":"SKIP","floor":14},{"not_picked":["Guardian:Incinerate","Guardian:WalkerClaw"],"picked":"Guardian:Clone","floor":15},{"not_picked":["Guardian:ConstructionForm","Guardian:AncientConstruct"],"picked":"Guardian:BaubleBeam","floor":16},{"not_picked":["Guardian:TimeBomb","Guardian:WalkerClaw"],"picked":"Guardian:TimeCapacitor","floor":20},{"not_picked":["Guardian:TimeBomb","Guardian:BronzeOrb","Guardian:Suspension"],"picked":"SKIP","floor":23},{"not_picked":["Guardian:TemporalShield","Guardian:CrystalBeam"],"picked":"Guardian:Recover","floor":26},{"not_picked":["Guardian:VentSteam","Guardian:Gem_Green"],"picked":"Guardian:Gem_Blue","floor":29},{"not_picked":["Guardian:TemporalShield+1","Guardian:Incinerate","Guardian:Recover+1"],"picked":"SKIP","floor":34},{"not_picked":["Guardian:FastForward+1","Guardian:SphericShield+1"],"picked":"Guardian:Gem_Synthetic","floor":35},{"not_picked":["expansioncontent:CaCaw","expansioncontent:DecasProtection+1"],"picked":"Replay:SS_hec_2","floor":38},{"not_picked":["expansioncontent:HyperBeam","expansioncontent:PolyBeam"],"picked":"expansioncontent:Collect","floor":38},{"not_picked":["Guardian:AncientConstruct","Guardian:TimeBomb+1"],"picked":"Guardian:PolyBeam+1","floor":41},{"not_picked":["Guardian:Incinerate+1","Guardian:Reroute","Guardian:Suspension+1","Guardian:TemporalStrike+1"],"picked":"SKIP","floor":51}],"player_experience":182203,"relics_obtained":[{"floor":6,"key":"ReplayTheSpireMod:TigerMarble"},{"floor":10,"key":"Centennial Puzzle"},{"floor":13,"key":"Torii"},{"floor":19,"key":"Ring of Searing"},{"floor":24,"key":"Mercury Hourglass"},{"floor":29,"key":"wanderingMiniBosses:MasterThiefsPresence"},{"floor":30,"key":"aspiration:Lifesprig"},{"floor":41,"key":"Akabeko"},{"floor":43,"key":"Orichalcum"},{"floor":49,"key":"aspiration:ChemicalBlood"}],"event_choices":[{"damage_healed":0,"gold_gain":0,"player_choice":"Box","damage_taken":0,"relics_obtained":["Blue Candle"],"max_hp_gain":0,"max_hp_loss":0,"event_name":"Big Fish","floor":8,"gold_loss":0,"cards_obtained":["Regret"]}],"is_beta":false,"boss_relics":[{"not_picked":["aspiration:RitualDagger","Abe\u0027s Treasure"],"picked":"SlaversCollar"},{"not_picked":["Astrolabe","Busted Crown"],"picked":"Ring of Chaos"}],"items_purged_floors":[4,12,12,14,20,33,33,44,44,46],"is_endless":false,"potions_floor_spawned":[6,11,15,16,23,26,29,34,35,41,51],"ascension_level":0}}