{"host":"63yhhrjweyj22b0v","time":1608280584,"event":{"mods":["BaseMod","Minty Spire (QoL Compilation)","Quick Restart"],"gold_per_floor":[115,115,115,192,204,236,254,254,279,279,290,290,20,38,38,141,141,151,66,82,34,50,0,0,18,18,18,28,63,63,63,63,63,63],"floor_reached":33,"playtime":893,"items_purged":["Strike_R"],"score":435,"play_id":"3dbe338d-cc33-4761-9ce7-77f8dc822a54","local_time":"20201218023624","is_ascension_mode":true,"campfire_choices":[{"data":"Searing Blow","floor":8,"key":"SMITH"},{"data":"Searing Blow+1","floor":12,"key":"SMITH"},{"data":"Searing Blow+2","floor":15,"key":"SMITH"},{"floor":24,"key":"REST"},{"floor":32,"key":"REST"}],"circlet_count":0,"master_deck":["AscendersBane","Strike_R","Strike_R","Strike_R","Strike_R","Defend_R","Defend_R","Defend_R","Defend_R","Bash","Clash+1","Clash","Searing Blow+3","Anger","Heavy Blade","Cleave","Battle Trance","Double Tap","Fire Breathing","Perfected Strike+1","Flex","Cleave","Shrug It Off","Twin Strike+1","Demon Form","Bludgeon","Bash"],"relics":["Black Blood","NeowsBlessing","Strawberry","FossilizedHelix","Vajra","Boot","Letter Opener","Blue Candle","Oddly Smooth Stone","Prayer Wheel"],"acts_visited":["Exordium","TheCity"],"potions_floor_usage":[16,16,16,25,33],"damage_taken":[{"damage":0,"enemies":"Small Slimes","floor":1,"turns":1},{"damage":0,"enemies":"2 Louse","floor":5,"turns":1},{"damage":0,"enemies":"Gremlin Nob","floor":6,"turns":1},{"damage":0,"enemies":"Cultist","floor":7,"turns":3},{"damage":14,"enemies":"Lots of Slimes","floor":11,"turns":4},{"damage":11,"enemies":"Looter","floor":14,"turns":3},{"damage":24,"enemies":"Hexaghost","floor":16,"turns":9},{"damage":0,"enemies":"2 Thieves","floor":18,"turns":2},{"damage":35,"enemies":"Shell Parasite","floor":20,"turns":4},{"damage":34,"enemies":"Centurion and Healer","floor":22,"turns":5},{"damage":5,"enemies":"Snecko","floor":25,"turns":4},{"damage":21,"enemies":"Cultist and Chosen","floor":28,"turns":6},{"damage":52,"enemies":"Slavers","floor":29,"turns":5},{"damage":97,"enemies":"Automaton","floor":33,"turns":6}],"seed_played":"9134528414589043857","potions_obtained":[{"floor":1,"key":"Regen Potion"},{"floor":6,"key":"ElixirPotion"},{"floor":14,"key":"Block Potion"},{"floor":18,"key":"ElixirPotion"},{"floor":20,"key":"Block Potion"}],"is_trial":false,"path_per_floor":["M","?","?","?","M","E","M","R","T","?","M","R","$","M","R","B",null,"M","?","M","$","M","?","R","M","T","?","M","E","?","$","R","B"],"character_chosen":"IRONCLAD","items_purchased":["Boot","Cleave","Flex"],"campfire_rested":2,"item_purchase_floors":[13,13,21],"current_hp_per_floor":[78,60,60,60,66,72,78,78,78,78,70,70,70,65,65,62,81,87,87,64,64,42,42,68,75,75,75,66,26,26,26,52,0,0],"gold":63,"neow_bonus":"THREE_ENEMY_KILL","is_daily":false,"chose_seed":false,"campfire_upgraded":3,"win_rate":0.0,"timestamp":1608280584,"path_taken":["M","?","?","?","M","E","M","R","T","?","M","R","$","M","R","BOSS","M","?","M","$","M","?","R","M","T","?","M","E","?","$","R","BOSS"],"items_purchased_type":["Relic","Card","Card"],"build_version":"2020-12-13","purchased_purges":1,"victory":false,"max_hp_per_floor":[80,87,87,87,87,87,87,87,87,87,87,87,87,87,87,87,87,87,87,87,87,87,87,87,87,87,87,87,87,87,87,87,87,87],"card_choices":[{"not_picked":["Shrug It Off","Havoc"],"picked":"Clash","floor":1},{"not_picked":["Perfected Strike","Thunderclap"],"picked":"Clash","floor":5},{"not_picked":["Sentinel","Heavy Blade"],"picked":"Searing Blow","floor":6},{"not_picked":["Hemokinesis","Feed"],"picked":"Anger","floor":7},{"not_picked":["True Grit","Shrug It Off"],"picked":"Heavy Blade","floor":11},{"not_picked":["Thunderclap","True Grit"],"picked":"Battle Trance","floor":14},{"not_picked":["Corruption","Feed"],"picked":"Double Tap","floor":16},{"not_picked":["Ghostly Armor+1","Dark Embrace"],"picked":"Fire Breathing","floor":18},{"not_picked":["Pommel Strike","Anger"],"picked":"Perfected Strike+1","floor":20},{"not_picked":["Wild Strike","Sever Soul+1"],"picked":"Cleave","floor":22},{"not_picked":["Pummel+1","Whirlwind"],"picked":"Shrug It Off","floor":25},{"not_picked":["Body Slam","Metallicize"],"picked":"Twin Strike+1","floor":28},{"not_picked":["Disarm","Spot Weakness"],"picked":"Demon Form","floor":29}],"player_experience":622197,"relics_obtained":[{"floor":6,"key":"FossilizedHelix"},{"floor":9,"key":"Vajra"},{"floor":26,"key":"Blue Candle"},{"floor":29,"key":"Prayer Wheel"}],"event_choices":[{"damage_healed":0,"gold_gain":0,"player_choice":"Success","damage_taken":25,"relics_obtained":["Strawberry"],"max_hp_gain":0,"max_hp_loss":0,"event_name":"Scrap Ooze","floor":2,"gold_loss":0},{"damage_healed":0,"gold_gain":0,"player_choice":"Grow","damage_taken":0,"max_hp_gain":0,"max_hp_loss":0,"event_name":"Living Wall","floor":3,"gold_loss":0,"cards_upgraded":["Clash"]},{"damage_healed":0,"gold_gain":77,"player_choice":"Gained Gold","damage_taken":0,"max_hp_gain":0,"max_hp_loss":0,"event_name":"Golden Wing","floor":4,"gold_loss":0},{"damage_healed":0,"gold_gain":0,"player_choice":"Ignored","damage_taken":0,"max_hp_gain":0,"max_hp_loss":0,"event_name":"Golden Idol","floor":10,"gold_loss":0},{"damage_healed":0,"gold_gain":0,"player_choice":"Obtained Relic","damage_taken":0,"relics_obtained":["Letter Opener"],"max_hp_gain":0,"max_hp_loss":0,"event_name":"Addict","floor":19,"gold_loss":85},{"damage_healed":0,"gold_gain":0,"player_choice":"Paid Fearfully","damage_taken":0,"max_hp_gain":0,"max_hp_loss":0,"event_name":"Masked Bandits","floor":23,"gold_loss":50},{"damage_healed":0,"gold_gain":0,"player_choice":"Opened","damage_taken":0,"relics_obtained":["Oddly Smooth Stone"],"max_hp_gain":0,"max_hp_loss":0,"event_name":"The Mausoleum","floor":27,"gold_loss":0},{"damage_healed":0,"gold_gain":0,"player_choice":"2 cards matched","damage_taken":0,"max_hp_gain":0,"max_hp_loss":0,"event_name":"Match and Keep!","floor":30,"gold_loss":0,"cards_obtained":["Bludgeon","Bash"]}],"is_beta":false,"boss_relics":[{"not_picked":["Sozu","Runic Cube"],"picked":"Black Blood"}],"items_purged_floors":[13],"is_endless":false,"potions_floor_spawned":[1,6,14,18,20],"killed_by":"Automaton","ascension_level":10}}