{"host":"crmowuwgj9wiiaqp","time":1608328578,"event":{"mods":["BaseMod","ChefMod","Mathematician","Minty Spire (QoL Compilation)","StSLib"],"gold_per_floor":[112,112,33,33,8,41,41,67,67,67,83,33,44,63,63,168,168,187,112,130,30,40,58,90,90,90,121,148,148,148,23,23,118,118,134,150,162,176,176,207,207,235,280,280,280,298,25,25,25,25,25,25,25,56,56,56],"floor_reached":55,"playtime":5147,"items_purged":["chefmod:Strike","chefmod:Strike","chefmod:Strike","chefmod:OrderUp+1"],"score":908,"play_id":"2c1d1d66-3722-49c5-82c8-575a54fc7c25","local_time":"20201218145618","is_ascension_mode":true,"campfire_choices":[{"data":"chefmod:QuickThaw","floor":7.0,"key":"SMITH"},{"data":"chefmod:FreezerBurn","floor":10.0,"key":"SMITH"},{"data":"chefmod:NoSoupForYou","floor":15.0,"key":"SMITH"},{"data":"chefmod:DeepFreeze","floor":25,"key":"SMITH"},{"data":"chefmod:OrderUp","floor":29,"key":"SMITH"},{"data":"chefmod:AlooGobi","floor":32,"key":"SMITH"},{"floor":41,"key":"REST"},{"data":"chefmod:FrozenTuna","floor":44,"key":"SMITH"},{"data":"chefmod:VegetableTart","floor":45,"key":"SMITH"},{"floor":49,"key":"RECALL"},{"data":"chefmod:FiveAlarmChili","floor":52,"key":"SMITH"}],"circlet_count":0,"master_deck":["chefmod:Defend","chefmod:Defend+1","chefmod:QuickThaw+1","chefmod:TodaysSpecial","chefmod:KnifeFlurry+1","chefmod:DeepFreeze+1","chefmod:FullBurn","chefmod:FreezerBurn+1","chefmod:NoSoupForYou+1","chefmod:VegetableTart+1","chefmod:AlooGobi+1","chefmod:FiveAlarmChili+1","chefmod:Defrost","chefmod:SpaghettiCarbonara+1","chefmod:FrozenTuna+1","chefmod:FullCourseMeal+1","chefmod:BaoBuns+1","chefmod:FiveAlarmChili+1","Blind"],"relics":["Black Star","Pear","Meat on the Bone","WingedGreaves","Bird Faced Urn","StrikeDummy","Velvet Choker","Toy Ornithopter","Lizard Tail","Anchor","Orichalcum","Singing Bowl","Happy Flower","Frozen Egg 2","SacredBark","Question Card","Bottled Lightning","Bag of Marbles","Kunai","Nunchaku","Ornamental Fan"],"acts_visited":["Exordium","TheCity","TheBeyond","TheEnding"],"potions_floor_usage":[24,37,40,40,40,40,55,55,55],"damage_taken":[{"damage":1.0,"enemies":"Cultist","floor":1.0,"turns":4.0},{"damage":20.0,"enemies":"Lagavulin","floor":6.0,"turns":9.0},{"damage":6.0,"enemies":"Gremlin Nob","floor":8.0,"turns":3.0},{"damage":0.0,"enemies":"2 Louse","floor":11.0,"turns":1.0},{"damage":3.0,"enemies":"Small Slimes","floor":13.0,"turns":3.0},{"damage":0.0,"enemies":"3 Louse","floor":14.0,"turns":2.0},{"damage":16.0,"enemies":"Slime Boss","floor":16.0,"turns":9.0},{"damage":4,"enemies":"Chosen","floor":18,"turns":7},{"damage":16,"enemies":"3 Byrds","floor":20,"turns":5},{"damage":12,"enemies":"Shelled Parasite and Fungi","floor":22,"turns":5},{"damage":18,"enemies":"Sentry and Sphere","floor":23,"turns":5},{"damage":51,"enemies":"Book of Stabbing","floor":24,"turns":8},{"damage":0,"enemies":"Gremlin Leader","floor":27,"turns":5},{"damage":10,"enemies":"Book of Stabbing","floor":28,"turns":4},{"damage":0,"enemies":"Champ","floor":33,"turns":9},{"damage":0,"enemies":"Orb Walker","floor":35,"turns":3},{"damage":10,"enemies":"3 Darklings","floor":36,"turns":4},{"damage":15,"enemies":"Jaw Worm Horde","floor":37,"turns":3},{"damage":30,"enemies":"Maw","floor":38,"turns":7},{"damage":63,"enemies":"Giant Head","floor":40,"turns":10},{"damage":11,"enemies":"Reptomancer","floor":42,"turns":9},{"damage":0,"enemies":"4 Shapes","floor":46,"turns":1},{"damage":17,"enemies":"Time Eater","floor":50,"turns":10},{"damage":73,"enemies":"Shield and Spear","floor":54,"turns":7},{"damage":129,"enemies":"The Heart","floor":55,"turns":14}],"seed_played":"2412966662545099231","potions_obtained":[{"floor":13.0,"key":"Regen Potion"},{"floor":14.0,"key":"DuplicationPotion"},{"floor":16.0,"key":"EntropicBrew"},{"floor":28,"key":"LiquidMemories"},{"floor":46,"key":"chefmod:AntifreezePotion"}],"is_trial":false,"path_per_floor":["M","?","$","?","?","E","R","E","T","R","M","?","M","M","R","B",null,"M","$","M","$","M","M","E","R","T","E","E","R","?","$","R","B",null,"M","M","M","M","?","E","R","E","T","R","R","M","$","?","R","B",null,"R","$","E","B"],"character_chosen":"THE_CHEF","items_purchased":["chefmod:DeepFreeze","chefmod:FiveAlarmChili+1","Energy Potion"],"campfire_rested":1,"item_purchase_floors":[3,47,47],"current_hp_per_floor":[75,68,68,53,53,43,43,49,49,49,49,49,46,46,46,42,86,82,82,68,68,58,54,34,34,34,48,56,56,85,85,85,88,88,90,82,76,52,52,27,56,61,61,61,61,61,61,61,61,50,98,98,98,43,0,0],"gold":56,"neow_bonus":"BOSS_RELIC","is_daily":false,"chose_seed":false,"campfire_upgraded":9,"win_rate":0.0,"timestamp":1608328578,"path_taken":["M","?","$","?","?","E","R","E","T","R","M","?","?","M","R","BOSS","M","$","M","$","?","M","E","R","T","E","E","R","?","$","R","BOSS","M","M","M","M","?","E","R","E","T","R","R","M","$","?","R","BOSS","R","$","E","BOSS"],"items_purchased_type":["Card","Card","Potion"],"build_version":"2020-12-13","purchased_purges":4,"victory":false,"max_hp_per_floor":[76,76,76,76,76,86,86,86,86,86,86,86,86,86,86,86,86,86,86,86,86,86,86,86,86,86,86,88,88,88,88,88,88,88,90,92,94,96,96,98,98,98,98,98,98,98,98,98,98,98,98,98,98,100,100,100],"card_choices":[{"not_picked":["chefmod:SearedScallops","chefmod:GroceryDelivery"],"picked":"chefmod:KnifeFlurry","floor":1.0},{"not_picked":["chefmod:FireUp","chefmod:DinoKale"],"picked":"chefmod:FullBurn","floor":6.0},{"not_picked":["chefmod:Defrost","chefmod:Sorbet"],"picked":"chefmod:FreezerBurn","floor":8.0},{"not_picked":["chefmod:OldCookbook","chefmod:Granita","chefmod:Defrost"],"picked":"SKIP","floor":11.0},{"not_picked":["chefmod:SliceAndDice","chefmod:Gelato"],"picked":"chefmod:NoSoupForYou","floor":13.0},{"not_picked":["chefmod:DinoKale","chefmod:Granita"],"picked":"chefmod:VegetableTart","floor":14.0},{"not_picked":["chefmod:Mince","chefmod:CapreseSalad"],"picked":"chefmod:OrderUp","floor":16.0},{"not_picked":["chefmod:Defrost","chefmod:GroceryDelivery+1","chefmod:Sorbet"],"picked":"SKIP","floor":18},{"not_picked":["chefmod:HotSoup+1","chefmod:TonkotsuRamen"],"picked":"chefmod:AlooGobi","floor":20},{"not_picked":["chefmod:HotSoup","chefmod:IcePick"],"picked":"chefmod:FiveAlarmChili","floor":22},{"not_picked":["chefmod:FiveAlarmChili","chefmod:FreezeSolid"],"picked":"chefmod:Defrost","floor":23},{"not_picked":["chefmod:FiveAlarmChili","chefmod:TastyDistraction","chefmod:Sorbet"],"picked":"SKIP","floor":24},{"not_picked":["chefmod:ZaruSoba","chefmod:Gelato+1"],"picked":"chefmod:SpaghettiCarbonara+1","floor":27},{"not_picked":["chefmod:SearedScallops","chefmod:Gelato","chefmod:CleanHouse+1"],"picked":"Singing Bowl","floor":28},{"not_picked":["chefmod:CandyBowl","chefmod:PrepCook+1"],"picked":"chefmod:FrozenTuna","floor":33},{"not_picked":["chefmod:Ratatouille+1","chefmod:ZaruSoba","chefmod:CleanHouse+1"],"picked":"Singing Bowl","floor":35},{"not_picked":["chefmod:Chop","chefmod:SliceAndDice","chefmod:HotSoup"],"picked":"Singing Bowl","floor":36},{"not_picked":["chefmod:ColdSteel+1","chefmod:SliceAndDice+1","chefmod:IcePick"],"picked":"Singing Bowl","floor":37},{"not_picked":["chefmod:SliceAndDice+1","chefmod:DinoKale+1","chefmod:IcePick"],"picked":"Singing Bowl","floor":38},{"not_picked":["chefmod:Sorbet+1","chefmod:SliceAndDice","chefmod:AllYouCanEat+1"],"picked":"Singing Bowl","floor":40},{"not_picked":["chefmod:SliceAndDice+1","chefmod:LiquidNitrogen","chefmod:ColdSteel"],"picked":"chefmod:FullCourseMeal+1","floor":42},{"not_picked":["chefmod:ColdSteel+1","chefmod:ZaruSoba+1","chefmod:FreezerBurn"],"picked":"chefmod:BaoBuns+1","floor":46},{"not_picked":["Chrysalis","Jack Of All Trades","Swift Strike"],"picked":"Blind","floor":48},{"not_picked":["chefmod:Gelato+1","chefmod:NoSoupForYou","chefmod:Chop","chefmod:SpaghettiCarbonara+1"],"picked":"Singing Bowl","floor":54}],"player_experience":1392702,"relics_obtained":[{"floor":6.0,"key":"Pear"},{"floor":6.0,"key":"Meat on the Bone"},{"floor":8.0,"key":"WingedGreaves"},{"floor":8.0,"key":"Bird Faced Urn"},{"floor":9.0,"key":"StrikeDummy"},{"floor":24,"key":"Toy Ornithopter"},{"floor":24,"key":"Lizard Tail"},{"floor":26,"key":"Anchor"},{"floor":27,"key":"Orichalcum"},{"floor":27,"key":"Singing Bowl"},{"floor":28,"key":"Happy Flower"},{"floor":28,"key":"Frozen Egg 2"},{"floor":40,"key":"Question Card"},{"floor":40,"key":"Bottled Lightning"},{"floor":42,"key":"Bag of Marbles"},{"floor":42,"key":"Kunai"},{"floor":54,"key":"Nunchaku"},{"floor":54,"key":"Ornamental Fan"}],"event_choices":[{"cards_removed":["chefmod:Strike"],"damage_healed":0.0,"max_hp_gain":0.0,"max_hp_loss":0.0,"gold_gain":0.0,"event_name":"Golden Wing","player_choice":"Card Removal","floor":2.0,"gold_loss":0.0,"damage_taken":7.0},{"damage_healed":0.0,"max_hp_gain":0.0,"max_hp_loss":0.0,"gold_gain":0.0,"event_name":"Shining Light","player_choice":"Entered Light","floor":4.0,"gold_loss":0.0,"damage_taken":15.0,"cards_upgraded":["chefmod:KnifeFlurry","chefmod:Defend"]},{"damage_healed":0.0,"max_hp_gain":0.0,"max_hp_loss":0.0,"gold_gain":0.0,"event_name":"World of Goop","player_choice":"Left Gold","floor":5.0,"gold_loss":25.0,"damage_taken":0.0},{"cards_removed":["chefmod:Strike"],"damage_healed":0.0,"max_hp_gain":0.0,"max_hp_loss":0.0,"gold_gain":0.0,"event_name":"The Cleric","player_choice":"Card Removal","floor":12.0,"gold_loss":50.0,"damage_taken":0.0},{"damage_healed":29,"gold_gain":0,"player_choice":"Heal","damage_taken":0,"max_hp_gain":0,"max_hp_loss":0,"event_name":"The Library","floor":30,"gold_loss":0},{"cards_removed":["chefmod:Defend"],"damage_healed":0,"gold_gain":0,"player_choice":"Removed Skill","damage_taken":0,"max_hp_gain":0,"max_hp_loss":0,"event_name":"Falling","floor":39,"gold_loss":0},{"damage_healed":0,"gold_gain":0,"player_choice":"Memory 1","damage_taken":0,"max_hp_gain":0,"max_hp_loss":0,"event_name":"SensoryStone","floor":48,"gold_loss":0}],"is_beta":false,"boss_relics":[{"not_picked":["Empty Cage","Runic Dome"],"picked":"Velvet Choker"},{"not_picked":["Sozu","Pandora\u0027s Box"],"picked":"SacredBark"}],"items_purged_floors":[19,21,31,47],"is_endless":false,"potions_floor_spawned":[13,14,16,18,23,28,35,36,46,54],"killed_by":"The Heart","ascension_level":1}}