{"host":"n7cu66tz98nxrk0y","time":1608331493,"event":{"mods":["BaseMod","Colored Map","Colored Powertips","Highlight Path","Minty Spire (QoL Compilation)","StSLib","Twitch Utils"],"gold_per_floor":[214,214,229,239,239,239,254,254,254,270,289,41,53,68,68,173,223,241,256,31,44,56,56,74,74,74,103,103,115,215,247,247,343,343,359,375,390,408,428,428,447,478,478,478,492,519,374,84,84,84],"floor_reached":51,"playtime":2078,"items_purged":["Decay","Strike_B"],"score":752,"play_id":"6b4c7fb8-b359-4cc4-a2bc-3c087afe5571","local_time":"20201218234453","is_ascension_mode":false,"campfire_choices":[{"data":"Dualcast","floor":6,"key":"SMITH"},{"data":"Capacitor","floor":8,"key":"SMITH"},{"floor":15,"key":"REST"},{"floor":23,"key":"REST"},{"data":"Storm","floor":28,"key":"SMITH"},{"floor":32,"key":"REST"},{"floor":40,"key":"REST"},{"floor":44,"key":"REST"},{"floor":49,"key":"REST"}],"circlet_count":0,"master_deck":["Strike_B","Strike_B","Defend_B","Defend_B","Defend_B+1","Defend_B","Zap+1","Dualcast+1","Go for the Eyes","Capacitor+1","Storm+1","Conserve Battery","Loop","Electrodynamics","Storm","Seek","Storm","Capacitor","Static Discharge","Amplify","Heatsinks+1","Hello World+1","Self Repair+1","Parasite","Loop","Storm","Streamline","Lockon"],"relics":["Cracked Core","Cables","Mummified Hand","Tiny House","DataDisk","InkBottle","Red Mask","Sundial","Cursed Key","White Beast Statue","Vajra","Lizard Tail"],"acts_visited":["Exordium","TheCity","TheBeyond"],"potions_floor_usage":[16,16,36,50],"damage_taken":[{"damage":0,"enemies":"Small Slimes","floor":1,"turns":3},{"damage":0,"enemies":"Cultist","floor":3,"turns":4},{"damage":1,"enemies":"Jaw Worm","floor":4,"turns":4},{"damage":7,"enemies":"Blue Slaver","floor":7,"turns":3},{"damage":1,"enemies":"2 Fungi Beasts","floor":10,"turns":3},{"damage":16,"enemies":"Exordium Wildlife","floor":11,"turns":5},{"damage":0,"enemies":"Blue Slaver","floor":13,"turns":2},{"damage":8,"enemies":"Lots of Slimes","floor":14,"turns":4},{"damage":54,"enemies":"Hexaghost","floor":16,"turns":10},{"damage":15,"enemies":"Shell Parasite","floor":18,"turns":4},{"damage":13,"enemies":"3 Byrds","floor":19,"turns":3},{"damage":8,"enemies":"Centurion and Healer","floor":21,"turns":4},{"damage":8,"enemies":"Shelled Parasite and Fungi","floor":22,"turns":3},{"damage":0,"enemies":"Cultist and Chosen","floor":24,"turns":3},{"damage":1,"enemies":"Masked Bandits","floor":27,"turns":2},{"damage":0,"enemies":"3 Cultists","floor":29,"turns":2},{"damage":15,"enemies":"Book of Stabbing","floor":31,"turns":3},{"damage":52,"enemies":"Automaton","floor":33,"turns":7},{"damage":17,"enemies":"3 Darklings","floor":35,"turns":2},{"damage":12,"enemies":"Orb Walker","floor":36,"turns":3},{"damage":7,"enemies":"Spire Growth","floor":37,"turns":2},{"damage":5,"enemies":"Transient","floor":38,"turns":5},{"damage":2,"enemies":"Maw","floor":39,"turns":5},{"damage":21,"enemies":"4 Shapes","floor":41,"turns":2},{"damage":20,"enemies":"Nemesis","floor":42,"turns":4},{"damage":0,"enemies":"3 Darklings","floor":45,"turns":1},{"damage":4,"enemies":"Giant Head","floor":46,"turns":5},{"damage":83,"enemies":"Awakened One","floor":50,"turns":6}],"seed_played":"9084177721576512149","potions_obtained":[{"floor":3,"key":"Explosive Potion"},{"floor":10,"key":"PowerPotion"},{"floor":11,"key":"Explosive Potion"},{"floor":14,"key":"Swift Potion"},{"floor":17,"key":"SpeedPotion"},{"floor":18,"key":"SteroidPotion"},{"floor":41,"key":"FocusPotion"},{"floor":42,"key":"FairyPotion"}],"is_trial":false,"path_per_floor":["M","?","M","M","?","R","M","R","T","M","M","$","M","M","R","B",null,"M","M","$","M","M","R","M","?","T","?","R","M","?","E","R","B",null,"M","M","M","M","M","R","M","E","T","R","M","E","$","$","R","B",null],"character_chosen":"DEFECT","items_purchased":["Mummified Hand","DataDisk","Storm","Loop","Storm","Streamline","Lockon"],"campfire_rested":6,"item_purchase_floors":[12,20,20,47,48,48,48],"current_hp_per_floor":[75,75,75,74,74,74,67,67,67,66,50,50,50,42,64,10,80,65,52,52,44,36,60,60,60,60,59,59,59,59,44,68,16,80,63,51,44,39,37,61,40,30,30,54,54,60,60,60,80,34],"gold":84,"neow_bonus":"HUNDRED_GOLD","is_daily":false,"chose_seed":false,"campfire_upgraded":3,"win_rate":0.0,"timestamp":1608331493,"path_taken":["M","?","?","M","?","R","M","R","T","M","M","$","M","M","R","BOSS","M","M","$","M","M","R","M","?","T","?","R","?","?","E","R","BOSS","M","?","?","M","M","R","M","E","T","R","M","E","?","$","R","BOSS"],"items_purchased_type":["Relic","Relic","Card","Card","Card","Card","Card"],"build_version":"2020-12-13","purchased_purges":2,"victory":true,"max_hp_per_floor":[75,75,75,75,75,75,75,75,75,75,75,75,75,75,75,75,80,80,80,80,80,80,80,80,80,80,80,80,80,80,80,80,80,80,80,80,80,80,80,80,80,80,80,80,80,80,80,80,80,80],"card_choices":[{"not_picked":["Leap","Chill"],"picked":"Go for the Eyes","floor":1},{"not_picked":["FTL","Beam Cell"],"picked":"Capacitor","floor":3},{"not_picked":["Fusion","Rebound","Auto Shields"],"picked":"SKIP","floor":4},{"not_picked":["Streamline","Tempest","Sweeping Beam"],"picked":"SKIP","floor":7},{"not_picked":["Melter","Rebound"],"picked":"Storm","floor":10},{"not_picked":["Sunder","Cold Snap"],"picked":"Conserve Battery","floor":11},{"not_picked":["Streamline","Stack","Blizzard"],"picked":"SKIP","floor":13},{"not_picked":["Cold Snap","Reprogram"],"picked":"Loop","floor":14},{"not_picked":["All For One","Hyperbeam"],"picked":"Electrodynamics","floor":16},{"not_picked":["Stack","Cold Snap"],"picked":"Storm","floor":17},{"not_picked":["Cold Snap","Streamline","Gash"],"picked":"SKIP","floor":18},{"not_picked":["Lockon+1","Hologram"],"picked":"Seek","floor":19},{"not_picked":["Barrage+1","Ball Lightning","Cold Snap+1"],"picked":"SKIP","floor":21},{"not_picked":["Redo","Coolheaded","Cold Snap"],"picked":"SKIP","floor":22},{"not_picked":["Blizzard","Hello World"],"picked":"Capacitor","floor":24},{"not_picked":["Ball Lightning","Streamline","Aggregate"],"picked":"SKIP","floor":29},{"not_picked":["Storm","Hologram"],"picked":"Static Discharge","floor":31},{"not_picked":["Meteor Strike","Multi-Cast"],"picked":"Amplify","floor":33},{"not_picked":["Undo+1","Turbo","Stack+1"],"picked":"SKIP","floor":35},{"not_picked":["Stack","Rebound+1"],"picked":"Heatsinks+1","floor":36},{"not_picked":["Conserve Battery+1","Streamline","Barrage+1"],"picked":"SKIP","floor":37},{"not_picked":["Rebound+1","Undo"],"picked":"Hello World+1","floor":38},{"not_picked":["Melter+1","Doom and Gloom","Double Energy+1"],"picked":"SKIP","floor":39},{"not_picked":["Cold Snap","Genetic Algorithm"],"picked":"Self Repair+1","floor":41},{"not_picked":["Redo","Rainbow","Steam+1"],"picked":"SKIP","floor":42},{"not_picked":["Hologram+1","Consume","Ball Lightning"],"picked":"SKIP","floor":45},{"not_picked":["Hologram+1","Conserve Battery+1","Chaos+1"],"picked":"SKIP","floor":46}],"player_experience":377143,"relics_obtained":[{"floor":9,"key":"Cables"},{"floor":26,"key":"InkBottle"},{"floor":27,"key":"Red Mask"},{"floor":31,"key":"Sundial"},{"floor":42,"key":"White Beast Statue"},{"floor":43,"key":"Vajra"},{"floor":46,"key":"Lizard Tail"}],"event_choices":[{"cards_removed":["Strike_B"],"damage_healed":0,"gold_gain":0,"player_choice":"Purged","damage_taken":0,"max_hp_gain":0,"max_hp_loss":0,"event_name":"Purifier","floor":2,"gold_loss":0},{"damage_healed":0,"gold_gain":0,"player_choice":"Grow","damage_taken":0,"max_hp_gain":0,"max_hp_loss":0,"event_name":"Living Wall","floor":5,"gold_loss":0,"cards_upgraded":["Zap"]},{"damage_healed":0,"gold_gain":0,"player_choice":"Smashed Altar","damage_taken":0,"max_hp_gain":0,"max_hp_loss":0,"event_name":"Forgotten Altar","floor":25,"gold_loss":0,"cards_obtained":["Decay"]},{"damage_healed":0,"gold_gain":0,"player_choice":"Fought Bandits","damage_taken":0,"max_hp_gain":0,"max_hp_loss":0,"event_name":"Masked Bandits","floor":27,"gold_loss":0},{"damage_healed":0,"gold_gain":100,"player_choice":"Pray","damage_taken":0,"max_hp_gain":0,"max_hp_loss":0,"event_name":"Golden Shrine","floor":30,"gold_loss":0}],"is_beta":false,"boss_relics":[{"not_picked":["Calling Bell","SacredBark"],"picked":"Tiny House"},{"not_picked":["Velvet Choker","Coffee Dripper"],"picked":"Cursed Key"}],"items_purged_floors":[47,48],"is_endless":false,"potions_floor_spawned":[3,10,11,14,18,21,29,31,35,41,42,45,46],"ascension_level":0}}