{"host":"x1qj4d8ympd5jdqh","time":1608249831,"event":{"mods":["AchievementEnabler","AlwaysNeverKeys","BaseMod","Colored Map","Custom Start","DeckTracker","Highlight Path","Minty Spire (QoL Compilation)","StSLib","SuperFastMode"],"gold_per_floor":[118,118,128,138,138,138,180,209,233,253,253,49,71,109,109,196,255,268,268,294,106,124,124,124,124],"floor_reached":24,"playtime":879,"items_purged":["Strike_B"],"score":416,"play_id":"095e841d-cc54-46cf-a0d2-399f77f4f541","local_time":"20201218090351","is_ascension_mode":true,"campfire_choices":[{"data":"Chaos","floor":6.0,"key":"SMITH"},{"floor":11.0,"key":"REST"},{"floor":15.0,"key":"REST"},{"floor":23,"key":"REST"}],"circlet_count":0,"master_deck":["AscendersBane","Strike_B","Strike_B","Strike_B","Defend_B","Defend_B","Defend_B","Defend_B","Zap","Dualcast","Amplify","Beam Cell","Conserve Battery+1","Chaos+1","Buffer","Ball Lightning","Doom and Gloom","Capacitor","Panacea","Go for the Eyes","Aggregate","Leap","Electrodynamics","Compile Driver","Capacitor","Echo Form","Compile Driver"],"relics":["Cracked Core","CeramicFish","Matryoshka","Pear","Oddly Smooth Stone","Bag of Marbles","Tiny House"],"acts_visited":["Exordium","TheCity"],"potions_floor_usage":[24],"damage_taken":[{"damage":7.0,"enemies":"Jaw Worm","floor":1.0,"turns":3.0},{"damage":12.0,"enemies":"2 Louse","floor":3.0,"turns":3.0},{"damage":6.0,"enemies":"Cultist","floor":4.0,"turns":4.0},{"damage":23.0,"enemies":"3 Sentries","floor":7.0,"turns":6.0},{"damage":10.0,"enemies":"Exordium Wildlife","floor":8.0,"turns":4.0},{"damage":8.0,"enemies":"Blue Slaver","floor":10.0,"turns":3.0},{"damage":12.0,"enemies":"3 Louse","floor":13.0,"turns":2.0},{"damage":9.0,"enemies":"Gremlin Nob","floor":14.0,"turns":5.0},{"damage":29.0,"enemies":"The Guardian","floor":16.0,"turns":13.0},{"damage":31.0,"enemies":"2 Thieves","floor":18.0,"turns":3.0},{"damage":22.0,"enemies":"Spheric Guardian","floor":20.0,"turns":4.0},{"damage":22,"enemies":"Centurion and Healer","floor":22,"turns":8},{"damage":26,"enemies":"Book of Stabbing","floor":24,"turns":5}],"seed_played":"8123975291641630799","potions_obtained":[{"floor":1.0,"key":"Strength Potion"},{"floor":4.0,"key":"AttackPotion"},{"floor":13.0,"key":"Swift Potion"},{"floor":14.0,"key":"Energy Potion"},{"floor":16.0,"key":"Strength Potion"},{"floor":19.0,"key":"Regen Potion"},{"floor":19.0,"key":"EntropicBrew"}],"is_trial":false,"path_per_floor":["M","?","M","M","T","R","E","M","T","M","R","$","M","E","R","B",null,"M","?","M","$","M","R","E"],"character_chosen":"DEFECT","items_purchased":["Capacitor","Panacea","Go for the Eyes","Echo Form","Compile Driver"],"campfire_rested":3,"item_purchase_floors":[12,12,12,21,21],"current_hp_per_floor":[57,57,45,39,39,39,16,6,16,8,32,32,20,11,35,6,67,36,36,26,26,4,29,3,3],"gold":124,"neow_bonus":"ONE_RANDOM_RARE_CARD","is_daily":false,"chose_seed":false,"campfire_upgraded":1,"win_rate":0.0,"timestamp":1608249831,"path_taken":["M","?","M","M","?","R","E","M","T","M","R","$","M","E","R","BOSS","M","?","M","$","M","R","E"],"items_purchased_type":["Card","Card","Card","Card","Card"],"build_version":"2020-12-13","purchased_purges":1,"victory":false,"max_hp_per_floor":[71,71,71,71,71,71,71,71,81,81,81,81,81,81,81,81,86,86,86,86,86,86,86,86,86],"card_choices":[{"not_picked":["Steam Power","Rebound"],"picked":"Beam Cell","floor":1.0},{"not_picked":["Consume","Stack"],"picked":"Conserve Battery","floor":3.0},{"not_picked":["Capacitor","Genetic Algorithm"],"picked":"Chaos","floor":4.0},{"not_picked":["Genetic Algorithm","Gash"],"picked":"Buffer","floor":7.0},{"not_picked":["Lockon","Reprogram"],"picked":"Ball Lightning","floor":8.0},{"not_picked":["Streamline","Compile Driver"],"picked":"Doom and Gloom","floor":10.0},{"not_picked":["Hologram","Fusion"],"picked":"Aggregate","floor":13.0},{"not_picked":["Conserve Battery","Aggregate"],"picked":"Leap","floor":14.0},{"not_picked":["Creative AI","Core Surge"],"picked":"Electrodynamics","floor":16.0},{"not_picked":["BootSequence","Sweeping Beam"],"picked":"Compile Driver","floor":17.0},{"not_picked":["Auto Shields","Go for the Eyes","Beam Cell"],"picked":"SKIP","floor":18.0},{"not_picked":["Steam+1","Meteor Strike"],"picked":"Capacitor","floor":20.0},{"not_picked":["Streamline","Leap","Go for the Eyes"],"picked":"SKIP","floor":22}],"player_experience":1237761,"relics_obtained":[{"floor":5.0,"key":"CeramicFish"},{"floor":7.0,"key":"Matryoshka"},{"floor":9.0,"key":"Pear"},{"floor":9.0,"key":"Oddly Smooth Stone"},{"floor":14.0,"key":"Bag of Marbles"}],"event_choices":[{"damage_healed":0.0,"max_hp_gain":0.0,"max_hp_loss":0.0,"gold_gain":0.0,"event_name":"The Cleric","player_choice":"Leave","floor":2.0,"gold_loss":0.0,"damage_taken":0.0},{"damage_healed":0.0,"max_hp_gain":0.0,"max_hp_loss":0.0,"gold_gain":0.0,"event_name":"Lab","player_choice":"Got Potions","floor":19.0,"gold_loss":0.0,"damage_taken":0.0}],"is_beta":false,"boss_relics":[{"not_picked":["Fusion Hammer","Cursed Key"],"picked":"Tiny House"}],"items_purged_floors":[21],"is_endless":false,"potions_floor_spawned":[1,4,13,14,16,18,22],"killed_by":"Book of Stabbing","ascension_level":20}}