{"host":"6azrrw3tf7wb0f4b","time":1608289152,"event":{"mods":["BaseMod","DeckTracker","Minty Spire (QoL Compilation)","SuperFastMode"],"gold_per_floor":[114,131,56,72,72,72,72,102,102,28,28,40,73,92,92,197,197,213,229,48,63,63,63,94,107,134,146,158,220,250,277,289,301,301],"floor_reached":33,"playtime":1087,"items_purged":["Defend_P","Strike_P"],"score":429,"play_id":"816cb989-2886-47f6-befd-eb9793f33241","local_time":"20201218195912","is_ascension_mode":true,"campfire_choices":[{"data":"Eruption","floor":6.0,"key":"SMITH"},{"floor":11.0,"key":"REST"},{"floor":15.0,"key":"REST"},{"floor":23.0,"key":"REST"},{"floor":28.0,"key":"REST"},{"floor":32.0,"key":"REST"}],"circlet_count":0,"master_deck":["AscendersBane","Defend_P","Defend_P","Eruption+1","Vigilance","CrushJoints","Evaluate","Worship","Pray","SashWhip","Scrawl","MentalFortress","Omniscience","Protect+1","Devotion+1","Crescendo+1","FearNoEvil","WindmillStrike","FlurryOfBlows","Brilliance"],"relics":["PureWater","Akabeko","HornCleat","Art of War","Strawberry","Omamori","Astrolabe","Ornamental Fan","MawBank"],"acts_visited":["Exordium","TheCity"],"potions_floor_usage":[],"damage_taken":[{"damage":3.0,"enemies":"Cultist","floor":1.0,"turns":4.0},{"damage":4.0,"enemies":"Jaw Worm","floor":2.0,"turns":2.0},{"damage":1.0,"enemies":"Small Slimes","floor":4.0,"turns":4.0},{"damage":19.0,"enemies":"3 Sentries","floor":8.0,"turns":11.0},{"damage":5.0,"enemies":"Blue Slaver","floor":12.0,"turns":3.0},{"damage":18.0,"enemies":"Gremlin Nob","floor":13.0,"turns":4.0},{"damage":3.0,"enemies":"Lots of Slimes","floor":14.0,"turns":6.0},{"damage":31.0,"enemies":"The Guardian","floor":16.0,"turns":12.0},{"damage":39.0,"enemies":"2 Thieves","floor":18.0,"turns":4.0},{"damage":2.0,"enemies":"Spheric Guardian","floor":19.0,"turns":7.0},{"damage":0.0,"enemies":"Snecko","floor":21.0,"turns":3.0},{"damage":33.0,"enemies":"Gremlin Leader","floor":24.0,"turns":6.0},{"damage":3.0,"enemies":"Centurion and Healer","floor":25.0,"turns":6.0},{"damage":3.0,"enemies":"Colosseum Slavers","floor":27.0,"turns":5.0},{"damage":20.0,"enemies":"Snake Plant","floor":30.0,"turns":5.0},{"damage":1.0,"enemies":"3 Cultists","floor":31.0,"turns":5.0},{"damage":30,"enemies":"Collector","floor":33,"turns":3}],"seed_played":"-1740665477002136431","potions_obtained":[{"floor":1.0,"key":"EssenceOfSteel"},{"floor":4.0,"key":"Explosive Potion"},{"floor":14.0,"key":"Weak Potion"},{"floor":18.0,"key":"EssenceOfSteel"},{"floor":19.0,"key":"SpeedPotion"},{"floor":30.0,"key":"Swift Potion"}],"is_trial":false,"path_per_floor":["M","M","$","M","?","R","?","E","T","$","R","M","E","M","R","B",null,"M","M","$","M","$","R","E","M","T","?","R","?","M","M","R","B"],"character_chosen":"WATCHER","items_purchased":["Pray","FearNoEvil"],"campfire_rested":5,"item_purchase_floors":[10,20],"current_hp_per_floor":[62,58,58,57,50,50,32,13,20,20,43,38,20,17,40,9,62,23,21,21,21,21,44,11,8,8,5,28,28,8,7,30,0,0],"gold":301,"neow_bonus":"RANDOM_COMMON_RELIC","is_daily":false,"chose_seed":false,"campfire_upgraded":1,"win_rate":0.0,"timestamp":1608289152,"path_taken":["M","M","?","M","?","R","?","E","T","$","R","M","E","M","R","BOSS","M","M","$","M","$","R","E","M","T","?","R","?","?","M","R","BOSS"],"items_purchased_type":["Card","Card"],"build_version":"2020-12-13","purchased_purges":2,"victory":false,"max_hp_per_floor":[72,72,72,72,72,72,72,72,79,79,79,79,79,79,79,79,79,79,79,79,79,79,79,79,79,79,79,79,79,79,79,79,79,79],"card_choices":[{"not_picked":["Swivel","Crescendo"],"picked":"CrushJoints","floor":1.0},{"not_picked":["JustLucky","Consecrate"],"picked":"Evaluate","floor":2.0},{"not_picked":["JustLucky","Crescendo","ThirdEye"],"picked":"SKIP","floor":4.0},{"not_picked":["SashWhip","BowlingBash"],"picked":"Worship","floor":8.0},{"not_picked":["JustLucky","BattleHymn"],"picked":"SashWhip","floor":12.0},{"not_picked":["ReachHeaven","Consecrate"],"picked":"Scrawl","floor":13.0},{"not_picked":["DeceiveReality","EmptyFist"],"picked":"MentalFortress","floor":14.0},{"not_picked":["Wish","DevaForm"],"picked":"Omniscience","floor":16.0},{"not_picked":["WreathOfFlame","TalkToTheHand+1","Vengeance"],"picked":"SKIP","floor":18.0},{"not_picked":["Protect","Weave","Evaluate"],"picked":"SKIP","floor":19.0},{"not_picked":["DeceiveReality","LikeWater","JustLucky"],"picked":"SKIP","floor":21.0},{"not_picked":["DeceiveReality","ClearTheMind","MentalFortress"],"picked":"SKIP","floor":24.0},{"not_picked":["MentalFortress","Protect"],"picked":"WindmillStrike","floor":25.0},{"not_picked":["DeceiveReality","Study"],"picked":"FlurryOfBlows","floor":30.0},{"not_picked":["Consecrate","ReachHeaven"],"picked":"Brilliance","floor":31.0}],"player_experience":625350,"relics_obtained":[{"floor":8.0,"key":"Art of War"},{"floor":9.0,"key":"Strawberry"},{"floor":13.0,"key":"Omamori"},{"floor":24.0,"key":"Ornamental Fan"},{"floor":26.0,"key":"MawBank"}],"event_choices":[{"cards_removed":["Strike_P"],"damage_healed":0.0,"max_hp_gain":0.0,"max_hp_loss":0.0,"gold_gain":0.0,"event_name":"Golden Wing","player_choice":"Card Removal","floor":5.0,"gold_loss":0.0,"damage_taken":7.0},{"damage_healed":0.0,"max_hp_gain":0.0,"max_hp_loss":0.0,"gold_gain":0.0,"event_name":"Scrap Ooze","player_choice":"Success","floor":7.0,"gold_loss":0.0,"damage_taken":18.0,"relics_obtained":["HornCleat"]},{"damage_healed":0.0,"max_hp_gain":0.0,"max_hp_loss":0.0,"gold_gain":0.0,"event_name":"Colosseum","player_choice":"Fight","floor":27.0,"gold_loss":0.0,"damage_taken":0.0},{"damage_healed":0.0,"max_hp_gain":0.0,"max_hp_loss":0.0,"gold_gain":0.0,"event_name":"Colosseum","player_choice":"Fled From Nobs","floor":27.0,"gold_loss":0.0,"damage_taken":0.0},{"damage_healed":0.0,"max_hp_gain":0.0,"max_hp_loss":0.0,"gold_gain":100.0,"event_name":"The Joust","player_choice":"Bet on Murderer","floor":29.0,"gold_loss":50.0,"damage_taken":0.0}],"is_beta":false,"boss_relics":[{"not_picked":["Calling Bell","Velvet Choker"],"picked":"Astrolabe"}],"items_purged_floors":[3,20],"is_endless":false,"potions_floor_spawned":[1,4,14,18,19,27,30],"killed_by":"Collector","ascension_level":11}}