{"host":"9v3x998ddbx8o276","time":1608329751,"event":{"mods":["AchievementEnabler","BaseMod","Colored Map","Highlight Path","Minty Spire (QoL Compilation)","Quick Restart","Rare Cards Sparkle"],"gold_per_floor":[117,197,214,214,260,298,25,25,51,78,78,0,36,53,53,139,139,161,177,203,231,9,9,27,27,52,52,61,93,93,131,131,217,298,312,322,322,341,341,341,372,372,372,396,396,438,4,4,4,4,4,4],"floor_reached":51,"playtime":3070,"items_purged":["Strike_G"],"score":1518,"play_id":"d566e886-a171-49a9-a3f7-27e713c91779","local_time":"20201219084551","is_ascension_mode":true,"campfire_choices":[{"floor":8.0,"key":"REST"},{"floor":11.0,"key":"REST"},{"data":"Leg Sweep","floor":15.0,"key":"SMITH"},{"data":"Crippling Poison","floor":23.0,"key":"SMITH"},{"floor":27.0,"key":"REST"},{"floor":30.0,"key":"REST"},{"floor":32.0,"key":"RECALL"},{"data":"Leg Sweep","floor":40.0,"key":"SMITH"},{"floor":42.0,"key":"REST"},{"floor":45.0,"key":"REST"},{"floor":49.0,"key":"REST"}],"circlet_count":0,"master_deck":["AscendersBane","Survivor+1","Neutralize","Underhanded Strike","Corpse Explosion","Poisoned Stab","Predator","Slice","Bane","Leg Sweep+1","Corpse Explosion","Leg Sweep+1","Crippling Poison+1","Dash","Decay","Bullet Time","Night Terror","Dagger Spray","Die Die Die","Choke","Cloak And Dagger","Terror","Acrobatics","Distraction","Blade Dance","Endless Agony","Acrobatics+1","Bouncing Flask+1"],"relics":["Ring of the Snake","War Paint","CeramicFish","Pen Nib","Potion Belt","Orrery","Regal Pillow","Tiny Chest","Mango","Snecko Eye","Lee\u0027s Waffle","Ornamental Fan","Dream Catcher","Pandora\u0027s Box","Pear","Meat on the Bone","Darkstone Periapt","Molten Egg 2","Paper Crane","OrangePellets"],"acts_visited":["Exordium","TheCity","TheBeyond"],"potions_floor_usage":[51],"damage_taken":[{"damage":2.0,"enemies":"Jaw Worm","floor":1.0,"turns":6.0},{"damage":3.0,"enemies":"Small Slimes","floor":3.0,"turns":5.0},{"damage":32.0,"enemies":"3 Sentries","floor":6.0,"turns":5.0},{"damage":8.0,"enemies":"Gremlin Nob","floor":10.0,"turns":3.0},{"damage":19.0,"enemies":"Lagavulin","floor":13.0,"turns":4.0},{"damage":1.0,"enemies":"2 Louse","floor":14.0,"turns":2.0},{"damage":19.0,"enemies":"The Guardian","floor":16.0,"turns":16.0},{"damage":3.0,"enemies":"Spheric Guardian","floor":18.0,"turns":3.0},{"damage":13.0,"enemies":"Chosen","floor":19.0,"turns":5.0},{"damage":11.0,"enemies":"Shelled Parasite and Fungi","floor":20.0,"turns":5.0},{"damage":3.0,"enemies":"Centurion and Healer","floor":21.0,"turns":7.0},{"damage":17.0,"enemies":"Snake Plant","floor":24.0,"turns":3.0},{"damage":27.0,"enemies":"Gremlin Leader","floor":29.0,"turns":7.0},{"damage":0.0,"enemies":"Slavers","floor":31.0,"turns":2.0},{"damage":63.0,"enemies":"Collector","floor":33.0,"turns":10.0},{"damage":15.0,"enemies":"Orb Walker","floor":35.0,"turns":3.0},{"damage":5.0,"enemies":"3 Darklings","floor":36.0,"turns":2.0},{"damage":35.0,"enemies":"Transient","floor":38.0,"turns":6.0},{"damage":78.0,"enemies":"Giant Head","floor":41.0,"turns":8.0},{"damage":9.0,"enemies":"Maw","floor":44.0,"turns":9.0},{"damage":48.0,"enemies":"Reptomancer","floor":46.0,"turns":7.0},{"damage":56.0,"enemies":"Awakened One","floor":50.0,"turns":28.0},{"damage":70,"enemies":"Time Eater","floor":51,"turns":11}],"seed_played":"7838810540550499802","potions_obtained":[{"floor":10.0,"key":"Fire Potion"},{"floor":13.0,"key":"CultistPotion"},{"floor":16.0,"key":"CultistPotion"},{"floor":19.0,"key":"SteroidPotion"},{"floor":24.0,"key":"FairyPotion"},{"floor":38.0,"key":"FearPotion"},{"floor":44.0,"key":"AttackPotion"}],"is_trial":false,"path_per_floor":["M","?","M","?","T","E","$","R","T","E","R","$","E","M","R","B",null,"M","M","M","M","$","R","M","$","T","R","?","E","R","E","R","B",null,"M","M","T","M","?","R","E","R","T","M","R","E","$","?","R","B","B"],"character_chosen":"THE_SILENT","items_purchased":["Orrery","SpeedPotion","LiquidMemories","Lee\u0027s Waffle","Poison Potion","Paper Crane","OrangePellets"],"campfire_rested":7,"item_purchase_floors":[7,7,12,22,22,47,47],"current_hp_per_floor":[57,57,54,43,43,11,11,30,30,22,56,56,51,50,50,31,68,65,52,41,38,87,87,70,70,70,87,87,60,87,87,87,24,71,56,51,61,26,80,80,2,41,41,44,80,44,44,44,80,36,0,0],"gold":4,"neow_bonus":"RANDOM_COMMON_RELIC","is_daily":false,"chose_seed":false,"campfire_upgraded":3,"win_rate":0.0,"timestamp":1608329751,"path_taken":["M","?","M","?","?","E","?","R","T","E","R","$","E","M","R","BOSS","M","?","M","M","$","R","M","?","T","R","?","E","R","E","R","BOSS","M","M","?","M","?","R","E","R","T","M","R","E","$","?","R","BOSS","BOSS"],"items_purchased_type":["Relic","Potion","Potion","Relic","Potion","Relic","Relic"],"build_version":"2020-12-13","purchased_purges":1,"victory":false,"max_hp_per_floor":[66,66,66,66,66,66,66,66,66,66,66,66,80,80,80,80,80,80,80,80,80,87,87,87,87,87,87,87,87,87,87,87,87,87,87,87,97,97,80,80,80,80,80,80,80,80,80,80,80,80,80,80],"card_choices":[{"not_picked":["Outmaneuver","Deflect"],"picked":"Underhanded Strike","floor":1.0},{"not_picked":["Poisoned Stab","Outmaneuver"],"picked":"Corpse Explosion","floor":3.0},{"not_picked":["Infinite Blades","Noxious Fumes"],"picked":"Poisoned Stab","floor":6.0},{"not_picked":["Dagger Throw","Underhanded Strike"],"picked":"Predator","floor":7.0},{"not_picked":["Flechettes","Reflex"],"picked":"Slice","floor":7.0},{"not_picked":["Quick Slash","Dagger Spray"],"picked":"Bane","floor":7.0},{"not_picked":["Blade Dance","Heel Hook","Dagger Spray"],"picked":"SKIP","floor":10.0},{"not_picked":["Endless Agony","PiercingWail"],"picked":"Leg Sweep","floor":13.0},{"not_picked":["Sucker Punch","Blade Dance","Flying Knee"],"picked":"SKIP","floor":14.0},{"not_picked":["Bullet Time","Doppelganger"],"picked":"Corpse Explosion","floor":16.0},{"not_picked":["Quick Slash","Blade Dance"],"picked":"Leg Sweep","floor":18.0},{"not_picked":["Dagger Throw","Slice","Outmaneuver"],"picked":"SKIP","floor":19.0},{"not_picked":["Dodge and Roll","Slice"],"picked":"Crippling Poison","floor":20.0},{"not_picked":["Well Laid Plans","Deflect"],"picked":"Dash","floor":21.0},{"not_picked":["Deflect","Distraction","Bane"],"picked":"SKIP","floor":24.0},{"not_picked":["Poisoned Stab","Infinite Blades","Blade Dance"],"picked":"SKIP","floor":29.0},{"not_picked":["Predator","Underhanded Strike"],"picked":"Bullet Time","floor":31.0},{"not_picked":["After Image","Unload"],"picked":"Night Terror","floor":33.0},{"not_picked":["Caltrops","Flying Knee","Dagger Throw"],"picked":"SKIP","floor":35.0},{"not_picked":["Flying Knee","Terror","Dagger Spray"],"picked":"SKIP","floor":36.0},{"not_picked":["Quick Slash","Backflip","Dodge and Roll"],"picked":"SKIP","floor":38.0},{"not_picked":["Eviscerate","Bane+1","Expertise"],"picked":"SKIP","floor":41.0},{"not_picked":["Masterful Stab","Flying Knee"],"picked":"Acrobatics+1","floor":44.0},{"not_picked":["Backflip+1","Dash+1"],"picked":"Bouncing Flask+1","floor":46.0}],"player_experience":2035104,"relics_obtained":[{"floor":5.0,"key":"Pen Nib"},{"floor":6.0,"key":"Potion Belt"},{"floor":9.0,"key":"Regal Pillow"},{"floor":10.0,"key":"Tiny Chest"},{"floor":13.0,"key":"Mango"},{"floor":29.0,"key":"Ornamental Fan"},{"floor":31.0,"key":"Dream Catcher"},{"floor":37.0,"key":"Pear"},{"floor":41.0,"key":"Meat on the Bone"},{"floor":43.0,"key":"Darkstone Periapt"},{"floor":46.0,"key":"Molten Egg 2"}],"event_choices":[{"damage_healed":0.0,"max_hp_gain":0.0,"max_hp_loss":0.0,"gold_gain":80.0,"event_name":"Golden Wing","player_choice":"Gained Gold","floor":2.0,"gold_loss":0.0,"damage_taken":0.0},{"damage_healed":0.0,"max_hp_gain":0.0,"max_hp_loss":0.0,"gold_gain":0.0,"event_name":"Scrap Ooze","player_choice":"Success","floor":4.0,"gold_loss":0.0,"damage_taken":11.0,"relics_obtained":["CeramicFish"]},{"damage_healed":0.0,"max_hp_gain":0.0,"max_hp_loss":0.0,"gold_gain":0.0,"event_name":"Forgotten Altar","player_choice":"Smashed Altar","floor":28.0,"gold_loss":0.0,"damage_taken":0.0,"cards_obtained":["Decay"]},{"damage_healed":80.0,"max_hp_gain":0.0,"max_hp_loss":17.0,"gold_gain":0.0,"event_name":"The Moai Head","player_choice":"Heal","floor":39.0,"gold_loss":0.0,"damage_taken":0.0},{"damage_healed":0.0,"max_hp_gain":0.0,"max_hp_loss":0.0,"gold_gain":0.0,"event_name":"Mysterious Sphere","player_choice":"Ignored","floor":48.0,"gold_loss":0.0,"damage_taken":0.0}],"is_beta":false,"boss_relics":[{"not_picked":["Tiny House","SlaversCollar"],"picked":"Snecko Eye"},{"not_picked":["HoveringKite","SacredBark"],"picked":"Pandora\u0027s Box"}],"items_purged_floors":[7],"is_endless":false,"potions_floor_spawned":[10,13,16,19,24,33,38,44],"killed_by":"Time Eater","ascension_level":20}}