{"host":"y76x98twjnyyxs83","time":1608327351,"event":{"mods":["BaseMod","Colored Powertips","Minty Spire (QoL Compilation)","Permanent Neow","Quick Restart","Rare Cards Sparkle","Relic Stats","StSLib"],"gold_per_floor":[112,72,88,99,109,138,138,169,246,278,293,31,31,42,42,116,116,132,146,146,164,184,184,184,184],"floor_reached":24,"playtime":1108,"items_purged":["Strike_P"],"score":490,"play_id":"14442f5b-2964-4f7a-a1b8-4b9e03fcb1cb","local_time":"20201219053551","is_ascension_mode":true,"campfire_choices":[{"floor":7.0,"key":"REST"},{"data":"Dramatic Entrance","floor":13.0,"key":"SMITH"},{"data":"Wallop","floor":15.0,"key":"SMITH"},{"data":"Eruption","floor":23.0,"key":"SMITH"}],"circlet_count":0,"master_deck":["AscendersBane","Strike_P+1","Strike_P","Defend_P+1","Defend_P","Defend_P","Eruption+1","Vigilance","FlyingSleeves","FlurryOfBlows","EmptyFist+1","Ragnarok","DeceiveReality+1","Vengeance","Wallop+1","Dramatic Entrance+1","CutThroughFate","LessonLearned","FearNoEvil","Halt","Ragnarok+1","Protect"],"relics":["VioletLotus","Art of War","CaptainsWheel","Yang","Happy Flower","Empty Cage"],"acts_visited":["Exordium","TheCity"],"potions_floor_usage":[24],"damage_taken":[{"damage":1.0,"enemies":"Small Slimes","floor":1.0,"turns":4.0},{"damage":1.0,"enemies":"Cultist","floor":3.0,"turns":4.0},{"damage":12.0,"enemies":"2 Louse","floor":4.0,"turns":5.0},{"damage":9.0,"enemies":"Exordium Thugs","floor":5.0,"turns":4.0},{"damage":31.0,"enemies":"Gremlin Nob","floor":6.0,"turns":4.0},{"damage":0.0,"enemies":"Lagavulin","floor":8.0,"turns":4.0},{"damage":9.0,"enemies":"Gremlin Nob","floor":10.0,"turns":4.0},{"damage":0.0,"enemies":"3 Louse","floor":11.0,"turns":2.0},{"damage":0.0,"enemies":"Large Slime","floor":14.0,"turns":3.0},{"damage":17.0,"enemies":"Hexaghost","floor":16.0,"turns":10.0},{"damage":0.0,"enemies":"Spheric Guardian","floor":18.0,"turns":4.0},{"damage":0.0,"enemies":"Chosen","floor":19.0,"turns":4.0},{"damage":6.0,"enemies":"Snecko","floor":21.0,"turns":5.0},{"damage":20.0,"enemies":"3 Cultists","floor":22.0,"turns":5.0},{"damage":37,"enemies":"Slavers","floor":24,"turns":2}],"seed_played":"-6832803370841541393","potions_obtained":[{"floor":2.0,"key":"Fruit Juice"},{"floor":2.0,"key":"EssenceOfSteel"},{"floor":2.0,"key":"GamblersBrew"},{"floor":4.0,"key":"SneckoOil"},{"floor":6.0,"key":"Energy Potion"},{"floor":10.0,"key":"PowerPotion"},{"floor":14.0,"key":"EntropicBrew"},{"floor":16.0,"key":"Weak Potion"},{"floor":18.0,"key":"GamblersBrew"},{"floor":21.0,"key":"SteroidPotion"}],"is_trial":false,"path_per_floor":["M","?","M","M","M","E","R","E","T","E","M","$","R","M","R","B",null,"M","M","?","M","M","R","E"],"character_chosen":"WATCHER","items_purchased":["Dramatic Entrance","StancePotion"],"campfire_rested":1,"item_purchase_floors":[12,12],"current_hp_per_floor":[60,65,64,52,43,12,33,33,33,24,24,24,24,24,24,7,57,57,57,57,51,31,31,0,0],"gold":184,"neow_bonus":"BOSS_RELIC","is_daily":false,"chose_seed":false,"campfire_upgraded":3,"win_rate":0.0,"timestamp":1608327351,"path_taken":["M","?","M","M","M","E","R","E","T","E","?","?","R","M","R","BOSS","M","M","?","?","M","R","E"],"items_purchased_type":["Card","Potion"],"build_version":"2020-12-13","purchased_purges":1,"victory":false,"max_hp_per_floor":[68,73,73,73,73,73,73,73,73,73,73,73,73,73,73,73,73,73,73,73,73,73,73,73,73],"relic_stats":{"Happy Flower":[11],"counters":[15,64],"Yang":[94],"VioletLotus":[14],"Art of War":[7],"obtain_stats":[{"CaptainsWheel":8,"Happy Flower":10,"Yang":9,"VioletLotus":0,"Art of War":6,"PureWater":0,"Empty Cage":17},{"CaptainsWheel":6,"Happy Flower":7,"Yang":6,"VioletLotus":0,"Art of War":5,"PureWater":0,"Empty Cage":10},{"CaptainsWheel":25,"Happy Flower":29,"Yang":25,"VioletLotus":0,"Art of War":21,"PureWater":0,"Empty Cage":44}]},"card_choices":[{"not_picked":["DeceiveReality","Evaluate"],"picked":"FlyingSleeves","floor":1.0},{"not_picked":["Nirvana","CutThroughFate"],"picked":"FlurryOfBlows","floor":3.0},{"not_picked":["PathToVictory","Protect"],"picked":"EmptyFist","floor":4.0},{"not_picked":["CrushJoints","JustLucky"],"picked":"Ragnarok","floor":5.0},{"not_picked":["JustLucky","Weave"],"picked":"DeceiveReality","floor":6.0},{"not_picked":["Blasphemy","Collect"],"picked":"Vengeance","floor":8.0},{"not_picked":["SignatureMove","Consecrate"],"picked":"Wallop","floor":10.0},{"not_picked":["PathToVictory","Worship","Protect"],"picked":"SKIP","floor":11.0},{"not_picked":["ClearTheMind","FollowUp"],"picked":"CutThroughFate","floor":14.0},{"not_picked":["Alpha","Blasphemy"],"picked":"LessonLearned","floor":16.0},{"not_picked":["LikeWater","CrushJoints+1"],"picked":"FearNoEvil","floor":18.0},{"not_picked":["FollowUp","SashWhip+1"],"picked":"Halt","floor":19.0},{"not_picked":["SashWhip+1","Crescendo","MasterReality"],"picked":"SKIP","floor":21.0},{"not_picked":["JustLucky","FollowUp","CrushJoints"],"picked":"SKIP","floor":22.0}],"player_experience":1096086,"relics_obtained":[{"floor":6.0,"key":"Art of War"},{"floor":8.0,"key":"CaptainsWheel"},{"floor":9.0,"key":"Yang"},{"floor":10.0,"key":"Happy Flower"}],"event_choices":[{"damage_healed":0.0,"max_hp_gain":0.0,"max_hp_loss":0.0,"gold_gain":0.0,"event_name":"The Woman in Blue","player_choice":"Bought 3 Potions","floor":2.0,"gold_loss":0.0,"damage_taken":0.0},{"damage_healed":0.0,"max_hp_gain":0.0,"max_hp_loss":0.0,"gold_gain":0.0,"event_name":"Match and Keep!","player_choice":"2 cards matched","floor":20.0,"gold_loss":0.0,"damage_taken":0.0,"cards_obtained":["Ragnarok","Protect"]}],"is_beta":false,"boss_relics":[{"not_picked":["Ectoplasm","Velvet Choker"],"picked":"Empty Cage"}],"items_purged_floors":[12],"is_endless":false,"potions_floor_spawned":[4,6,10,14,16,18,21],"killed_by":"Slavers","ascension_level":20}}