{"host":"yuhibl5o0ay6idau","time":1608250109,"event":{"mods":["Aspiration","BaseMod","Better Altar","Better Match","Better Note","Better Sensory Stone","Better Skull","Better Third Choice","Colored Map","Colored Powertips","Conspire","Highlight Path","Minty Spire (QoL Compilation)","Quick Restart","Replay The Spire","StSLib","SuperFastMode"],"gold_per_floor":[117,132,102,117,42,68,68,99,99,117,128,128,161,131,131,234,234,245,261,279,162,175,175,202,202,202,237,237,253,353,385,385,480,480,494,120,140,154,164,184,197,222,270,281,308,308,342,16,16,16],"floor_reached":51,"playtime":5613,"items_purged":["Bash","Shrug It Off"],"score":1193,"play_id":"e123fbac-2c7b-45dc-ae95-b500684c619f","local_time":"20201217160829","is_ascension_mode":true,"campfire_choices":[{"floor":12,"key":"REST"},{"floor":15,"key":"REST"},{"floor":23,"key":"REST"},{"data":"Rampage","floor":28,"key":"SMITH"},{"data":"conspire:Purge+1","floor":32,"key":"PURGE"},{"floor":49,"key":"REST"}],"circlet_count":0,"master_deck":["Rampage+1","Impervious+1","Exhume+1","Shrug It Off+1","conspire:Banana+1","Barricade+1","Juggernaut+1","Specialist+1","Shrug It Off+1","Impervious+1"],"relics":["Burning Blood","aspiration:Nostalgia","Replay:M_SmolderingBlood","Pet Ghost","Blue Candle","Golden Egg","TungstenRod","Replay:Ancient Bell","Blood Vial","aspiration:FrozenJewel","Ginger","Red Mask","Pantograph","Shuriken","Champion Belt","Chameleon Ring","ReplayTheSpireMod:Lightbulb","Fusion Hammer","Membership Card","aspiration:HatOfInfinitePower","Oddly Smooth Stone","Ancient Tea Set","conspire:GlowingRock","Replay:Bottled Flurry","Strange Spoon","Nunchaku","conspire:TopHat"],"acts_visited":["Exordium","TheCity","TheBeyond"],"potions_floor_usage":[8,13,13,16,22,24,30,30,38,41,47,47,47,50,50],"damage_taken":[{"damage":6,"enemies":"2 Louse","floor":1,"turns":3},{"damage":1,"enemies":"Cultist","floor":2,"turns":3},{"damage":6,"enemies":"conspire:RoseBush","floor":4,"turns":5},{"damage":49,"enemies":"Lagavulin","floor":6,"turns":9},{"damage":35,"enemies":"3 Sentries","floor":8,"turns":12},{"damage":1,"enemies":"Blue Slaver","floor":10,"turns":8},{"damage":17,"enemies":"2 Fungi Beasts","floor":11,"turns":7},{"damage":39,"enemies":"Gremlin Nob","floor":13,"turns":6},{"damage":4,"enemies":"Looter","floor":14,"turns":4},{"damage":34,"enemies":"Slime Boss","floor":16,"turns":16},{"damage":16,"enemies":"3 Byrds","floor":18,"turns":12},{"damage":39,"enemies":"Spheric Guardian","floor":19,"turns":10},{"damage":18,"enemies":"Snake Plant","floor":20,"turns":6},{"damage":4,"enemies":"Shelled Parasite and Fungi","floor":22,"turns":10},{"damage":19,"enemies":"Masked Bandits","floor":24,"turns":6},{"damage":4,"enemies":"conspire:SneckoGhost","floor":27,"turns":8},{"damage":12,"enemies":"Snecko","floor":29,"turns":5},{"damage":4,"enemies":"Colosseum Slavers","floor":30,"turns":5},{"damage":13,"enemies":"Colosseum Nobs","floor":30,"turns":6},{"damage":4,"enemies":"Gremlin Leader","floor":31,"turns":4},{"damage":7,"enemies":"Champ","floor":33,"turns":7},{"damage":2,"enemies":"3 Darklings","floor":35,"turns":5},{"damage":0,"enemies":"3 Shapes","floor":37,"turns":4},{"damage":13,"enemies":"Jaw Worm Horde","floor":38,"turns":4},{"damage":5,"enemies":"Transient","floor":39,"turns":5},{"damage":0,"enemies":"Sphere and 2 Shapes","floor":40,"turns":4},{"damage":14,"enemies":"4 Shapes","floor":41,"turns":5},{"damage":3,"enemies":"Nemesis","floor":42,"turns":9},{"damage":0,"enemies":"Spire Growth","floor":44,"turns":4},{"damage":0,"enemies":"R_Hoarder","floor":45,"turns":11},{"damage":10,"enemies":"Reptomancer","floor":47,"turns":6},{"damage":0,"enemies":"Time Eater","floor":50,"turns":9}],"seed_played":"5682996649195133411","potions_obtained":[{"floor":2,"key":"Elixir"},{"floor":3,"key":"BloodPotion"},{"floor":3,"key":"FearPotion"},{"floor":6,"key":"LifebloodPotion"},{"floor":10,"key":"Flashbang"},{"floor":11,"key":"Dexterity Potion"},{"floor":13,"key":"Explosive Potion"},{"floor":18,"key":"Strength Potion"},{"floor":24,"key":"Flashbang"},{"floor":29,"key":"Explosive Potion"},{"floor":30,"key":"DuplicationPotion"},{"floor":33,"key":"ColorlessPotion"},{"floor":35,"key":"Explosive Potion"},{"floor":39,"key":"BlessingOfTheForge"},{"floor":40,"key":"AttackPotion"},{"floor":45,"key":"Fire Potion"}],"is_trial":false,"path_per_floor":["M","M","?","M","$","E","$","E","T","M","M","R","E","M","R","B",null,"M","M","M","$","M","R","?","?","T","E","R","M","?","E","R_BF","B",null,"M","$","M","M","M","M","M","E","T","M","E","?","E","$","R","B",null],"character_chosen":"IRONCLAD","items_purchased":["Shrug It Off","conspire:Banana","Specialist","Membership Card","aspiration:HatOfInfinitePower","Strange Spoon","Nunchaku","conspire:TopHat","Weak Potion","AttackPotion"],"campfire_rested":4,"item_purchase_floors":[21,21,36,36,36,48,48,48,48,48],"current_hp_per_floor":[80,80,80,80,80,37,37,24,24,29,18,42,9,11,35,7,62,54,23,13,13,21,46,39,39,39,47,47,47,52,60,60,90,105,114,114,118,115,122,130,126,135,135,142,147,147,147,147,151,175],"gold":16,"neow_bonus":"NOSTALGIA","is_daily":false,"chose_seed":false,"campfire_upgraded":1,"win_rate":0.0,"timestamp":1608250109,"path_taken":["M","M","?","?","$","E","?","E","T","M","M","R","E","M","R","BOSS","M","M","M","$","M","R","?","?","T","E","R","M","?","E","R_BF","BOSS","M","$","M","M","M","M","M","E","T","M","E","?","E","$","R","BOSS"],"items_purchased_type":["Card","Card","Card","Relic","Relic","Relic","Relic","Relic","Potion","Potion"],"build_version":"2020-12-13","purchased_purges":2,"victory":true,"max_hp_per_floor":[80,80,80,80,80,80,80,80,80,80,80,80,80,80,80,80,80,80,80,80,80,84,84,88,88,88,92,92,96,102,106,106,110,110,114,114,118,122,126,130,134,138,138,142,147,147,151,151,151,175],"card_choices":[{"not_picked":["ReplayTheSpireMod:Strike From Hell","Entrench"],"picked":"Rampage","floor":1},{"not_picked":["Reckless Charge","Flex"],"picked":"Disarm","floor":2},{"not_picked":["Replay:Undeath\u0027s Touch","Halt","Massacre"],"picked":"SKIP","floor":4},{"not_picked":["Sentinel","Uppercut","Body Slam"],"picked":"SKIP","floor":6},{"not_picked":["Twin Strike","Armaments"],"picked":"Shrug It Off","floor":8},{"not_picked":["FlyingSleeves","Pummel","Cleave"],"picked":"SKIP","floor":10},{"not_picked":["Flame Barrier","Entrench"],"picked":"Impervious","floor":11},{"not_picked":["Dual Wield","Run Through"],"picked":"conspire:Purge","floor":13},{"not_picked":["Dropkick","Body Slam"],"picked":"Warcry","floor":14},{"not_picked":["Demon Form","Berserk"],"picked":"Exhume","floor":16},{"not_picked":["betterMatch:CurseCard","Voices"],"picked":"Clumsy","floor":17},{"not_picked":["ReplayTheSpireMod:Doomed","conspire:Blindness"],"picked":"Looming Evil","floor":17},{"not_picked":["conspire:NecroticWound","ReplayTheSpireMod:Splinters"],"picked":"CommonCold","floor":17},{"not_picked":["Clothesline","Body Slam","Run Through"],"picked":"SKIP","floor":18},{"not_picked":["Sword Boomerang+1","ReplayReversal+1","ReplayTheSpireMod:Limb From Limb+1"],"picked":"SKIP","floor":19},{"not_picked":["conspire:HitWhereItHurts","Anger","Body Slam+1"],"picked":"SKIP","floor":20},{"not_picked":["Clash","Inflame","Run Through"],"picked":"SKIP","floor":22},{"not_picked":["Double Tap","Anger","Uppercut+1"],"picked":"SKIP","floor":27},{"not_picked":["Armaments","Body Slam","Wild Strike"],"picked":"SKIP","floor":29},{"not_picked":["ReplayTheSpireMod:Muscle Training","Replay:Undeath\u0027s Touch"],"picked":"Barricade","floor":31},{"not_picked":["Barricade","Corruption"],"picked":"Juggernaut","floor":33},{"not_picked":["Replay:Undeath\u0027s Touch","Anger+1","Clothesline"],"picked":"SKIP","floor":35},{"not_picked":["Intimidate","Clothesline+1","ReplayTheSpireMod:Strike From Hell"],"picked":"SKIP","floor":37},{"not_picked":["ReplayTheSpireMod:Stacked","Searing Blow","True Grit+1"],"picked":"SKIP","floor":38},{"not_picked":["conspire:Charge+1","Sentinel+1","Cleave"],"picked":"SKIP","floor":39},{"not_picked":["Wild Strike","Replay:Undeath\u0027s Touch","True Grit"],"picked":"SKIP","floor":40},{"not_picked":["Anger","Burning Pact"],"picked":"Shrug It Off+1","floor":41},{"not_picked":["Abandon+1","Clothesline","Intimidate+1"],"picked":"SKIP","floor":42},{"not_picked":["ReplayTheSpireMod:Stacked","ReplayTheSpireMod:Muscle Training","Headbutt"],"picked":"SKIP","floor":44},{"not_picked":["Shrug It Off","Clothesline+1"],"picked":"Impervious","floor":45},{"not_picked":["Flame Barrier+1","Seeing Red+1","Juggernaut"],"picked":"SKIP","floor":47}],"player_experience":384883,"relics_obtained":[{"floor":6,"key":"Pet Ghost"},{"floor":8,"key":"Blue Candle"},{"floor":9,"key":"Golden Egg"},{"floor":13,"key":"TungstenRod"},{"floor":24,"key":"Red Mask"},{"floor":26,"key":"Pantograph"},{"floor":27,"key":"Shuriken"},{"floor":30,"key":"Champion Belt"},{"floor":30,"key":"Chameleon Ring"},{"floor":31,"key":"ReplayTheSpireMod:Lightbulb"},{"floor":42,"key":"Oddly Smooth Stone"},{"floor":43,"key":"Ancient Tea Set"},{"floor":45,"key":"conspire:GlowingRock"},{"floor":47,"key":"Replay:Bottled Flurry"}],"event_choices":[{"damage_healed":0,"gold_gain":0,"player_choice":"Bought 2 Potions","damage_taken":0,"max_hp_gain":0,"max_hp_loss":0,"event_name":"The Woman in Blue","floor":3,"gold_loss":0},{"damage_healed":0,"gold_gain":0,"player_choice":"Fought Bandits","damage_taken":0,"max_hp_gain":0,"max_hp_loss":0,"event_name":"Masked Bandits","floor":24,"gold_loss":0},{"damage_healed":0,"gold_gain":0,"player_choice":"Ignored","damage_taken":0,"max_hp_gain":0,"max_hp_loss":0,"event_name":"Vampires","floor":25,"gold_loss":0},{"damage_healed":0,"gold_gain":0,"player_choice":"Fight","damage_taken":0,"max_hp_gain":0,"max_hp_loss":0,"event_name":"Colosseum","floor":30,"gold_loss":0},{"damage_healed":0,"gold_gain":0,"player_choice":"Fought Nobs","damage_taken":0,"max_hp_gain":0,"max_hp_loss":0,"event_name":"Colosseum","floor":30,"gold_loss":0},{"damage_healed":0,"gold_gain":0,"player_choice":"Ignored","damage_taken":0,"max_hp_gain":0,"max_hp_loss":0,"event_name":"betterThird:BetterPortal","floor":46,"gold_loss":0}],"is_beta":false,"boss_relics":[{"not_picked":["SacredBark","aspiration:WatcherSkillbook"],"picked":"Replay:Ancient Bell"},{"not_picked":["Vajra","Simple Rune"],"picked":"Blood Vial"},{"not_picked":["Replay:WaspNest","ReplayTheSpireMod:Ninjato"],"picked":"aspiration:FrozenJewel"},{"not_picked":["CaptainsWheel","Pocketwatch"],"picked":"Ginger"},{"not_picked":["Runic Cube","Replay:Drink Me"],"picked":"Fusion Hammer"}],"items_purged_floors":[5,48],"is_endless":false,"potions_floor_spawned":[2,6,10,11,13,18,24,29,30,33,35,39,40,45],"ascension_level":5}}