{"host":"rbccvrvdyhsypb23","time":1608307360,"event":{"mods":["AchievementEnabler","Act Like it!","Aspiration","BaseMod","Better Third Choice","BetterRewards","Downfall","Friendly Minions","Infinite Spire","Ironclad Rager","KomeijiMod","Minty Spire (QoL Compilation)","Replay The Spire","Shade Mod","StSLib","The Blackbeard","The Mystic","The Runesmith","TheBandit","Wandering Minibosses","vexMod"],"gold_per_floor":[174,174,189,189,203,230,230,264,287,32,66,66,86,36,36,139,139,150,160,173,173,173,173,173],"floor_reached":23,"playtime":1370,"items_purged":[],"score":403,"play_id":"3ff0e7af-7260-4e3f-b18b-0e8e0c7b4268","local_time":"20201218190240","is_ascension_mode":true,"campfire_choices":[{"data":"MiserableFate_Remiria","floor":12.0,"key":"SMITH"},{"data":"DamonLordCradle_Remiria","floor":15.0,"key":"SMITH"}],"circlet_count":0,"master_deck":["Strike_Remiria+1","Strike_Remiria+1","Strike_Remiria","Strike_Remiria","Defend_Remirira","Defend_Remirira+1","Defend_Remirira","Absorbed+1","Scratch","RocketKickup","StigmaNizer","Feint","MiserableFate_Remiria+1","infinitespire:FutureSight","DamonLordCradle_Remiria+1","ScarletDestiny","Feint","infinitespire:Collect"],"relics":["ThirstyCrossSpe","Torii","Guide Book","Dead Branch","FossilizedHelix","Juzu Bracelet","TungstenRod","Simple Rune","infinitespire:BottledMercury","Dream Catcher","aspiration:RandomNobGenerator","GremlinMask","infinitespire:Lychee Nut","Painkiller Herb"],"acts_visited":["Exordium","TheCity"],"potions_floor_usage":[],"damage_taken":[{"damage":0.0,"enemies":"Jaw Worm","floor":1.0,"turns":2.0},{"damage":0.0,"enemies":"Cultist","floor":3.0,"turns":3.0},{"damage":0.0,"enemies":"2 Louse","floor":5.0,"turns":2.0},{"damage":9.0,"enemies":"3 Sentries","floor":6.0,"turns":5.0},{"damage":21.0,"enemies":"Gremlin Nob","floor":8.0,"turns":4.0},{"damage":0.0,"enemies":"Lagavulin","floor":11.0,"turns":7.0},{"damage":0.0,"enemies":"Exordium Wildlife","floor":13.0,"turns":5.0},{"damage":0.0,"enemies":"Fading Forest","floor":16.0,"turns":11.0},{"damage":0,"enemies":"3 Byrds","floor":18,"turns":4},{"damage":0,"enemies":"2 Thieves","floor":19,"turns":7},{"damage":14,"enemies":"Snecko","floor":20,"turns":6},{"damage":76,"enemies":"Nightmare","floor":23,"turns":7}],"seed_played":"4631933241191671748","potions_obtained":[{"floor":3.0,"key":"PowerPotion"},{"floor":8.0,"key":"Strength Potion"}],"is_trial":false,"path_per_floor":["M","?","M","?","M","E","?","E","T","$","E","R","M","?","R","B",null,"M","M","M","?","AVR","NM"],"character_chosen":"RemiriaScarlet","items_purchased":["Guide Book","Dead Branch","RocketKickup","infinitespire:BottledMercury"],"campfire_rested":0,"item_purchase_floors":[0,0,0,10],"current_hp_per_floor":[100,100,100,100,100,91,65,44,44,44,44,44,44,44,44,54,100,100,100,86,86,75,0,0],"gold":173,"neow_bonus":"","is_daily":false,"chose_seed":false,"campfire_upgraded":2,"win_rate":0.0,"timestamp":1608307360,"path_taken":["M","?","M","?","?","E","?","E","T","?","E","R","M","?","R","BOSS","M","M","M","?","AVR","NM"],"items_purchased_type":["Relic","Relic","Card","Relic"],"build_version":"2020-12-13","purchased_purges":0,"victory":false,"max_hp_per_floor":[100,100,100,100,100,100,100,100,100,100,100,100,100,100,100,100,100,100,100,100,100,75,75,75],"card_choices":[{"not_picked":["BloodCollect","DoubleEdge"],"picked":"StigmaNizer","floor":1.0},{"not_picked":["DoubleEdge","BloodCleaner","StigmaNizer"],"picked":"SKIP","floor":3.0},{"not_picked":["BloodPact","BodyStrengthen"],"picked":"Feint","floor":5.0},{"not_picked":["NaturallyHealing","Culling"],"picked":"MiserableFate_Remiria","floor":6.0},{"not_picked":["infinitespire:UltimateForm","infinitespire:FinalStrike"],"picked":"infinitespire:FutureSight","floor":7.0},{"not_picked":["Tepes","DoubleEdge"],"picked":"DamonLordCradle_Remiria","floor":8.0},{"not_picked":["FateCollect","Impregnable","TrickFate"],"picked":"SKIP","floor":11.0},{"not_picked":["BloodySuit","FateEnsemble","ServantFlier"],"picked":"SKIP","floor":13.0},{"not_picked":["RedtheNightlessCastle","StarOfDavid"],"picked":"ScarletDestiny","floor":16.0},{"not_picked":["StigmaNizer","FastHealing"],"picked":"Feint","floor":18},{"not_picked":["DemonLordWalk+1","FierceSweep","SealingFear+1"],"picked":"SKIP","floor":19},{"not_picked":["Impregnable","TricksterDevil","CombatMeter"],"picked":"SKIP","floor":20}],"player_experience":948916,"relics_obtained":[{"floor":6.0,"key":"Juzu Bracelet"},{"floor":8.0,"key":"TungstenRod"},{"floor":9.0,"key":"Simple Rune"},{"floor":11.0,"key":"Dream Catcher"}],"event_choices":[{"damage_healed":0.0,"max_hp_gain":0.0,"max_hp_loss":0.0,"gold_gain":0.0,"event_name":"Upgrade Shrine","player_choice":"Upgraded","floor":4.0,"gold_loss":0.0,"damage_taken":0.0,"cards_upgraded":["Absorbed"]},{"cards_removed":["Defend_Remirira"],"damage_healed":0.0,"max_hp_gain":0.0,"max_hp_loss":0.0,"gold_gain":0.0,"event_name":"The Cleric","player_choice":"Card Removal","floor":14.0,"gold_loss":50.0,"damage_taken":0.0},{"damage_healed":0,"gold_gain":0,"player_choice":"Trade","damage_taken":0,"relics_obtained":["GremlinMask"],"max_hp_gain":0,"max_hp_loss":0,"event_name":"FaceTrader","floor":21,"gold_loss":0}],"is_beta":false,"boss_relics":[{"not_picked":["vexMod:CursedCompass","ReplayTheSpireMod:SealedPack"],"picked":"aspiration:RandomNobGenerator"}],"items_purged_floors":[],"is_endless":false,"potions_floor_spawned":[3,8,13,16,20],"killed_by":"Nightmare","ascension_level":1}}