{"host":"1shobamjx3kfwgso","time":1608267045,"event":{"mods":["2.2 Compatiblity","AchievementEnabler","Act Like it!","Aspiration","BaseMod","Beaked The Cultist","BetterRewards","Block Reminder","CCEM","CapriCore","Challenge The Spire","Clockwork Mod","Colored Map","Colored Powertips","Conjunction","Conspire","Defuse TimeMaze Blight","Downfall","Elementarium","Energized Spire","Exacting","FoggyMod","GifTheSpireLib","Halation","Hallownest","Hermit","Highlight Path","Hubris","Infinite Spire","Lobotomy","LobotomyExtend","Mimic Mod","Minty Spire (QoL Compilation)","Pale of the Ancients","Quick Restart","Relic Sorter","Replay The Spire","Shade Mod","Shop Mod","StSLib","Stuff the Spire","The Bladedancer","The Bug Knight","The Construct","The Cursed","The Druid","The Gatherer","The Immortal","The Juggle","The Mystic","The Sage","The Servant 0.9.4","TheFirefly","TheVacant","Uncapped","vexMod"],"gold_per_floor":[112,112,112,112,112,112,144,18,89,89,135,135,160,160,160,259,259,274,274,274,293,293,293,293,293,370,370,370,370,285,325,325,423,423,443,443,263,3,3,3,3,3,3,3,3,3,3,3,3,3],"floor_reached":51,"playtime":4013,"items_purged":["Pain","construct:ShiftStrike"],"score":763,"play_id":"e69894eb-1bd2-4879-9eea-755244377bde","local_time":"20201217235045","is_ascension_mode":false,"campfire_choices":[{"data":"construct:ReactiveShield","floor":6.0,"key":"SMITH"},{"floor":15.0,"key":"DIG"},{"floor":23.0,"key":"REST"},{"data":"construct:Bunker","floor":25.0,"key":"SMITH"},{"data":"construct:AttackMode","floor":27.0,"key":"SMITH"},{"floor":29.0,"key":"REST"},{"data":"construct:Stasis","floor":32.0,"key":"SMITH"},{"floor":40,"key":"REST"},{"data":"construct:ClockworkEgg","floor":42,"key":"SMITH"},{"data":"construct:ClockworkEgg+1","floor":44,"key":"SMITH"},{"data":"construct:ClockworkEgg+2","floor":46,"key":"SMITH"}],"circlet_count":0,"master_deck":["construct:Strike_Gold","construct:Strike_Gold","construct:Strike_Gold","construct:Strike_Gold","construct:Defend_Gold","construct:Defend_Gold","construct:Defend_Gold","construct:Defend_Gold","construct:Defend_Gold","construct:AttackMode+1","construct:DefenseMode","construct:ReactiveShield+1","expansioncontent:Collect","construct:Tumble","construct:Autoturret","construct:Bunker+1","LongBird","construct:HammerDown","BigBird","construct:BatteryCore+1","construct:Autoturret","construct:Stasis+1","MHz","construct:MemoryTap","Freischutz","construct:Reinforce+1","Bloodbath","construct:PointDefense","construct:Autoturret","construct:Autoturret+1"],"relics":["construct:Cogwheel","BackwardClock","CogitoBucket","RabbitCall","LetterFromLob","halation:EternalFortune","hubris:Towel","WarpedTongs","vexMod:HeadHunter","infinitespire:WardingShard","ShedSkin_r","StuffTheSpire:ForceGauntlet","CaptainsWheel","infinitespire:Bottled Soul","StuffTheSpire:Saxophone","vexMod:ScavengeHelm","aspiration:RitualStick","construct:FoamFinger","Kunai","halation:PinkAlligatorPlush","Dream Catcher","BargainBundle","CCEMRelics:FestiveHat","halation:PinkSoulGem","construct:MasterCore","Molten Egg 2","Toxic Egg 2","Frozen Egg 2","construct:ClockworkPhoenix"],"acts_visited":["Exordium","TheCity","TheBeyond"],"potions_floor_usage":[50,50],"damage_taken":[{"damage":7.0,"enemies":"Small Slimes","floor":1.0,"turns":3.0},{"damage":51.0,"enemies":"Gremlin Nob","floor":7.0,"turns":6.0},{"damage":9.0,"enemies":"3 Sentries","floor":11.0,"turns":9.0},{"damage":0.0,"enemies":"Lagavulin","floor":13.0,"turns":7.0},{"damage":34.0,"enemies":"The Guardian","floor":16.0,"turns":10.0},{"damage":45.0,"enemies":"Chosen","floor":18.0,"turns":9.0},{"damage":14.0,"enemies":"3 Byrds","floor":21.0,"turns":6.0},{"damage":23.0,"enemies":"Slavers","floor":31.0,"turns":7.0},{"damage":27.0,"enemies":"Champ","floor":33.0,"turns":22.0},{"damage":33.0,"enemies":"3 Shapes","floor":35.0,"turns":5.0},{"damage":17.0,"enemies":"conspire:MimicChest","floor":37.0,"turns":5.0},{"damage":51,"enemies":"conspire:OrnateMirror","floor":50,"turns":16},{"damage":42,"enemies":"Malkuth","floor":51,"turns":5},{"damage":89,"enemies":"Yesod","floor":51,"turns":20}],"seed_played":"-4525968948392154159","potions_obtained":[{"floor":1.0,"key":"Adrenaline Potion"},{"floor":1.0,"key":"Adrenaline Potion"},{"floor":18.0,"key":"Energy Potion"}],"is_trial":false,"path_per_floor":["M","?","?","M","?","R","E","$","T","M","E","?","E","M","R_BF","B",null,"M","?","?","M","AVR","R","?","R","T","R","?","R","?","E","R","B",null,"M","?","?","$","M","R","?","R","T","R","?","R","?","$","R_BF","B",null],"character_chosen":"THE_CONSTRUCT_MOD","items_purchased":["construct:Autoturret","BargainBundle","champ:CounterPotion","FearPotion","sagemod:Wine","construct:Autoturret","CCEMRelics:FestiveHat"],"campfire_rested":3,"item_purchase_floors":[8,38,38,38,38,38,38],"current_hp_per_floor":[78,81,81,81,81,81,30,30,30,68,59,59,59,59,59,25,88,43,43,43,29,29,55,55,55,55,55,37,63,63,40,40,13,88,55,55,38,38,38,64,64,64,64,64,64,64,64,64,88,40],"gold":3,"neow_bonus":"","is_daily":false,"chose_seed":false,"campfire_upgraded":7,"win_rate":0.0,"timestamp":1608267045,"path_taken":["M","?","?","?","?","R","E","?","T","?","E","?","E","?","R_BF","BOSS","M","?","?","?","AVR","R","?","R","T","R","?","R","?","E","R","BOSS","M","?","?","$","?","R","?","R","T","R","?","R","?","?","R_BF","BOSS"],"items_purchased_type":["Card","Relic","Potion","Potion","Potion","Card","Relic"],"build_version":"2020-12-13","purchased_purges":2,"victory":true,"max_hp_per_floor":[85,88,88,88,88,88,88,88,88,88,88,88,88,88,88,88,88,88,88,88,88,88,88,88,88,88,88,88,88,88,88,88,88,88,88,88,88,88,88,88,88,88,88,88,88,88,88,88,88,88],"card_choices":[{"not_picked":["WallGazer","Bloodbath","SpiderBud"],"picked":"Singing Bowl","floor":1.0},{"not_picked":["construct:Boost","construct:FierceBash"],"picked":"construct:ReactiveShield","floor":1.0},{"not_picked":["BigBadWolf","LittleHelper","BeautyBeast"],"picked":"Singing Bowl","floor":7.0},{"not_picked":["construct:FocusedBeam","construct:Dampening"],"picked":"construct:Tumble","floor":7.0},{"not_picked":["Laetitia","GreedKing","WhitesApple"],"picked":"Singing Bowl","floor":11.0},{"not_picked":["construct:HyperBeam","construct:LongRangeLance"],"picked":"construct:Bunker","floor":11.0},{"not_picked":["construct:Reinforce","construct:HeavyBolt"],"picked":"construct:SaveState","floor":11.0},{"not_picked":["LaLuna","SnowQueen"],"picked":"LongBird","floor":13.0},{"not_picked":["construct:Backfire","construct:SaveState"],"picked":"construct:Impenetrable","floor":13.0},{"not_picked":["construct:PanicFire","construct:GoldenBullet","construct:ShiftingStance"],"picked":"SKIP","floor":13.0},{"not_picked":["Scorched","UniverseFragment"],"picked":"BigBird","floor":16.0},{"not_picked":["construct:Multistage","construct:HastyRepair"],"picked":"construct:BatteryCore","floor":16.0},{"not_picked":["construct:Dampening","construct:Accumulate"],"picked":"construct:Autoturret","floor":18.0},{"not_picked":["SnowQueen","FieryBird","CherryBlossoms"],"picked":"Singing Bowl","floor":18.0},{"not_picked":["Variant","OldLady","WallGazer"],"picked":"Singing Bowl","floor":21.0},{"not_picked":["construct:ReactiveShield","construct:Zapper","construct:ChargeShot"],"picked":"SKIP","floor":21.0},{"not_picked":["VoidDream","CENSORED","GalaxyChild"],"picked":"Singing Bowl","floor":31.0},{"not_picked":["construct:GatlingGun","construct:MassProduction"],"picked":"construct:ClockworkEgg","floor":31.0},{"not_picked":["construct:SuppressiveFire","construct:SaveState"],"picked":"construct:Stasis","floor":31.0},{"not_picked":["Porccubus","BlackArmy","WallGazer"],"picked":"Singing Bowl","floor":33.0},{"not_picked":["GalaxyChild","GreedKing"],"picked":"MHz","floor":33.0},{"not_picked":["construct:LongRangeLance","construct:ClockworkEgg"],"picked":"construct:MemoryTap","floor":33.0},{"not_picked":["VoidDream","RedShoes"],"picked":"Freischutz","floor":35.0},{"not_picked":["construct:SyphonStrike+1","construct:Anticipate"],"picked":"construct:Reinforce","floor":35.0},{"not_picked":["LittleHelper","Rudolta","DreamingCurrent"],"picked":"Singing Bowl","floor":37.0},{"not_picked":["Murderer","LittlePrince"],"picked":"Bloodbath","floor":37.0},{"not_picked":["construct:Construct_Overclock+1","construct:FocusedBeam"],"picked":"construct:PointDefense","floor":37.0},{"not_picked":["construct:Analyze+1","construct:Construct_Overclock"],"picked":"construct:Autoturret+1","floor":40}],"player_experience":266822,"relics_obtained":[{"floor":1.0,"key":"LetterFromLob"},{"floor":7.0,"key":"vexMod:HeadHunter"},{"floor":9.0,"key":"infinitespire:WardingShard"},{"floor":11.0,"key":"StuffTheSpire:ForceGauntlet"},{"floor":13.0,"key":"CaptainsWheel"},{"floor":15.0,"key":"infinitespire:Bottled Soul"},{"floor":26.0,"key":"vexMod:ScavengeHelm"},{"floor":31.0,"key":"Kunai"},{"floor":37.0,"key":"Dream Catcher"},{"floor":43,"key":"construct:MasterCore"}],"event_choices":[{"damage_healed":0.0,"max_hp_gain":0.0,"max_hp_loss":0.0,"gold_gain":0.0,"event_name":"Match and Keep!","player_choice":"1 cards matched","floor":3.0,"gold_loss":0.0,"damage_taken":0.0,"cards_obtained":["expansioncontent:Collect"]},{"damage_healed":0.0,"max_hp_gain":0.0,"max_hp_loss":0.0,"gold_gain":0.0,"event_name":"Accursed Blacksmith","player_choice":"Rummage","floor":5.0,"gold_loss":0.0,"damage_taken":0.0,"relics_obtained":["WarpedTongs"],"cards_obtained":["Pain"]},{"damage_healed":0.0,"max_hp_gain":0.0,"max_hp_loss":0.0,"gold_gain":0.0,"event_name":"Transmorgrifier","player_choice":"Ignored","floor":12.0,"gold_loss":0.0,"damage_taken":0.0},{"damage_healed":0.0,"max_hp_gain":0.0,"max_hp_loss":0.0,"gold_gain":0.0,"cards_transformed":["construct:Impenetrable"],"event_name":"Transmorgrifier","player_choice":"Transformed","floor":14.0,"gold_loss":0.0,"damage_taken":0.0,"cards_obtained":["construct:HammerDown"]},{"damage_healed":0.0,"max_hp_gain":0.0,"max_hp_loss":0.0,"gold_gain":0.0,"cards_transformed":["construct:SaveState"],"event_name":"Transmorgrifier","player_choice":"Transformed","floor":20.0,"gold_loss":0.0,"damage_taken":0.0,"cards_obtained":["construct:ShiftStrike"]},{"damage_healed":0.0,"max_hp_gain":0.0,"max_hp_loss":0.0,"gold_gain":0.0,"event_name":"Beggar","player_choice":"Ignored","floor":24.0,"gold_loss":0.0,"damage_taken":0.0},{"damage_healed":0.0,"max_hp_gain":0.0,"max_hp_loss":0.0,"gold_gain":0.0,"event_name":"Addict","player_choice":"Obtained Relic","floor":30.0,"gold_loss":85.0,"damage_taken":0.0,"relics_obtained":["construct:FoamFinger"]},{"damage_healed":0.0,"max_hp_gain":0.0,"max_hp_loss":0.0,"gold_gain":0.0,"event_name":"Tomb of Lord Red Mask","player_choice":"Ignored","floor":36.0,"gold_loss":0.0,"damage_taken":0.0},{"cards_removed":["construct:Strike_Gold"],"damage_healed":0,"gold_gain":0,"player_choice":"Removed Attack","damage_taken":0,"max_hp_gain":0,"max_hp_loss":0,"event_name":"Falling","floor":39,"gold_loss":0}],"is_beta":false,"boss_relics":[{"not_picked":["energizedSpire:NeverEndingSparkler","vexMod:TanglingVine","aspiration:RunicSpoon"]},{"not_picked":["energizedSpire:DeadBattery","Astrolabe"],"picked":"halation:PinkAlligatorPlush"}],"items_purged_floors":[8,38],"is_endless":false,"potions_floor_spawned":[1,18],"ascension_level":0}}