{"host":"46hhpd9tbruz5rpt","time":1608255471,"event":{"mods":["BaseMod","Minty Spire (QoL Compilation)","Quick Restart","StSLib","UnlockEverythingMod"],"gold_per_floor":[116,136,61,72,90,90,90,100,174,184,184,204,204,224,224,224,224],"floor_reached":16,"playtime":571,"items_purged":["Strike_P"],"score":134,"play_id":"02519283-e6fa-4f0f-bd1b-dce92c9fc266","local_time":"20201218093751","is_ascension_mode":true,"campfire_choices":[{"data":"Ragnarok","floor":6.0,"key":"SMITH"},{"data":"Eruption","floor":11.0,"key":"SMITH"},{"data":"Vigilance","floor":15.0,"key":"SMITH"}],"circlet_count":0,"master_deck":["Strike_P","Strike_P","Strike_P","Defend_P","Defend_P","Defend_P","Defend_P","Eruption+1","Vigilance+1","Ragnarok+1","FlurryOfBlows","ClearTheMind","Pray","Pain"],"relics":["PureWater","Mummified Hand","WarpedTongs"],"acts_visited":["Exordium"],"potions_floor_usage":[16,16,16,16,16],"damage_taken":[{"damage":7.0,"enemies":"Cultist","floor":1.0,"turns":6.0},{"damage":0.0,"enemies":"2 Louse","floor":2.0,"turns":2.0},{"damage":5.0,"enemies":"Jaw Worm","floor":4.0,"turns":4.0},{"damage":2.0,"enemies":"Large Slime","floor":5.0,"turns":3.0},{"damage":0.0,"enemies":"Blue Slaver","floor":8.0,"turns":2.0},{"damage":2.0,"enemies":"3 Louse","floor":10.0,"turns":2.0},{"damage":5.0,"enemies":"2 Fungi Beasts","floor":12.0,"turns":3.0},{"damage":19.0,"enemies":"Large Slime","floor":14.0,"turns":5.0},{"damage":23,"enemies":"Hexaghost","floor":16,"turns":9}],"seed_played":"-2650944418879351088","potions_obtained":[{"floor":1.0,"key":"AttackPotion"},{"floor":5.0,"key":"Explosive Potion"},{"floor":7.0,"key":"EntropicBrew"},{"floor":8.0,"key":"Swift Potion"}],"is_trial":false,"path_per_floor":["M","M","$","M","M","R","?","M","T","M","R","M","?","M","R","B"],"character_chosen":"WATCHER","items_purchased":[],"campfire_rested":0,"item_purchase_floors":[],"current_hp_per_floor":[58,58,58,53,51,51,51,51,51,49,49,44,44,25,25,2,2],"gold":224,"neow_bonus":"THREE_RARE_CARDS","is_daily":false,"chose_seed":false,"campfire_upgraded":3,"win_rate":0.0,"timestamp":1608255471,"path_taken":["M","M","$","M","M","R","?","?","T","M","R","M","?","M","R","BOSS"],"items_purchased_type":[],"build_version":"2020-12-13","purchased_purges":1,"victory":false,"max_hp_per_floor":[65,65,65,65,65,65,65,65,65,65,65,65,65,65,65,65,65],"card_choices":[{"not_picked":["Scrawl","Vault"],"picked":"Ragnarok","floor":0.0},{"not_picked":["Worship","Protect","CrushJoints"],"picked":"SKIP","floor":1.0},{"not_picked":["Collect","CutThroughFate","ThirdEye"],"picked":"SKIP","floor":2.0},{"not_picked":["FlyingSleeves","Prostrate"],"picked":"FlurryOfBlows","floor":4.0},{"not_picked":["CrushJoints","Ragnarok","CutThroughFate"],"picked":"SKIP","floor":5.0},{"not_picked":["Sanctity","WheelKick","BowlingBash"],"picked":"SKIP","floor":8.0},{"not_picked":["FlyingSleeves","Prostrate"],"picked":"ClearTheMind","floor":10.0},{"not_picked":["BattleHymn","WheelKick"],"picked":"Pray","floor":12.0},{"not_picked":["Worship","EmptyFist","Protect"],"picked":"SKIP","floor":14.0}],"player_experience":62287,"relics_obtained":[{"floor":9.0,"key":"Mummified Hand"}],"event_choices":[{"damage_healed":0.0,"max_hp_gain":0.0,"max_hp_loss":0.0,"gold_gain":0.0,"event_name":"Lab","player_choice":"Got Potions","floor":7.0,"gold_loss":0.0,"damage_taken":0.0},{"damage_healed":0.0,"max_hp_gain":0.0,"max_hp_loss":0.0,"gold_gain":0.0,"event_name":"Accursed Blacksmith","player_choice":"Rummage","floor":13.0,"gold_loss":0.0,"damage_taken":0.0,"relics_obtained":["WarpedTongs"],"cards_obtained":["Pain"]}],"is_beta":false,"boss_relics":[],"items_purged_floors":[3],"is_endless":false,"potions_floor_spawned":[1,5,8,12],"killed_by":"Hexaghost","ascension_level":8}}