{"host":"uqyg61j13wqyi9b0","time":1608282424,"event":{"mods":["2.2 Compatiblity","Aspiration","BaseMod","Beaked The Cultist","Better Third Choice","BetterRewards","ChefMod","Colored Map","Colored Powertips","Conspire","Downfall","GungeonMod","Halation","Hubris","Hyrulean Relics","Infinite Spire","Minty Spire (QoL Compilation)","Quick Restart","RRrroohrrRGHHhhh!!","Rare Cards Sparkle","Replay The Spire","Shop Mod","Spikes Relics","StSLib","The Bug Knight","The Construct","The Hayseed","The Juggle","The Sage","Trackpad","Virulent Crown","vexMod"],"gold_per_floor":[99,118,118,131,141,172,247,266,716,741,17,29,129,141,153,254,254,254,354,354,354,380,380,380,380,451,451,10,10,22,1,14,14,32,135,135,135,161,178,198,209,62,62,62,62,93,93,93],"floor_reached":47,"playtime":2671,"items_purged":["Slimebound:Icky"],"score":409,"play_id":"2db049cf-a7a0-4996-b340-490fc16325b5","local_time":"20201218183704","is_ascension_mode":false,"campfire_choices":[{"floor":1.0,"key":"DIG"},{"data":"sneckomod:SnekBite","floor":3.0,"key":"SMITH"},{"data":"sneckomod:IronFang","floor":18.0,"key":"SMITH"},{"floor":24.0,"key":"REST"},{"floor":27.0,"key":"REST"},{"data":"sneckomod:DiceBlock","floor":29.0,"key":"SMITH"},{"data":"sneckomod:UnknownBlock","floor":37.0,"key":"SMITH"},{"floor":44,"key":"REST"}],"circlet_count":0,"master_deck":["sneckomod:Strike","sneckomod:Strike","sneckomod:Strike","sneckomod:Defend","sneckomod:Defend","sneckomod:Defend","sneckomod:TailWhip","sneckomod:SnekBite+1","sneckomod:Unknown","sneckomod:Unknown","sneckomod:IronFang+1","sneckomod:UnknownClassINFINITE_BLACK","sneckomod:DiceBoulder+1","sneckomod:UnknownBlock+1","sneckomod:UnknownClassRED","ReplayTheSpireMod:Splinters","sneckomod:QuickBite","Slimebound:Icky","Slimebound:Icky","sneckomod:DiceBlock+1","expansioncontent:Corrupt+1","sneckomod:UnknownClassGREEN+1","sneckomod:DiceBoulder+1","sneckomod:QuickBite","sneckomod:SoulExchange+1","sneckomod:SoulCleanse+1","infinitespire:Starlight+1","sneckomod:Unknown3Cost+1","sneckomod:UnknownVulnerable+1","sneckomod:UnknownVulnerable+1","sneckomod:SnakeSap+1","Pain","sneckomod:UnknownClassBEAKED_YELLOW+1","sneckomod:UnknownRareSkill+1","sneckomod:UnknownStrike+1","sneckomod:Nope+1","sneckomod:SnakeSap+1","expansioncontent:Corrupt+1","sneckomod:UnknownClassTHE_CHAMP_GRAY+1"],"relics":["sneckomod:SneckoSoul","Ginger","halation:AfternoonTea","Kunai","vexMod:RetaliationKit","Bag of Preparation","Toxic Egg 2","Pen Nib","vexMod:DeviousBotling","RollingBoulder","infinitespire:Broken Mirror","Meat on the Bone","OrangePellets","SpikesRelics:DaevaFist","Sling","Du-Vu Doll","construct:WeddingRing","Replay:Bottled Eggs","aspiration:Lifesprig","DemoMod:AgedBell","Replay:Baseball"],"acts_visited":["TheCity","TheBeyond"],"potions_floor_usage":[38,38,38,46,47],"damage_taken":[{"damage":0.0,"enemies":"2 Louse","floor":2.0,"turns":1.0},{"damage":0.0,"enemies":"Small Slimes","floor":4.0,"turns":3.0},{"damage":20.0,"enemies":"Jaw Worm","floor":5.0,"turns":5.0},{"damage":32.0,"enemies":"3 Sentries","floor":6.0,"turns":8.0},{"damage":14.0,"enemies":"Lagavulin","floor":10.0,"turns":8.0},{"damage":3.0,"enemies":"downfall:FleeingMerchant","floor":11.0,"turns":4.0},{"damage":3.0,"enemies":"Lots of Slimes","floor":12.0,"turns":3.0},{"damage":2.0,"enemies":"Blue Slaver","floor":14.0,"turns":2.0},{"damage":8.0,"enemies":"Gremlin Gang","floor":15.0,"turns":4.0},{"damage":0.0,"enemies":"downfall:CharBossIronclad","floor":16.0,"turns":1.0},{"damage":37.0,"enemies":"Book of Stabbing","floor":22.0,"turns":5.0},{"damage":10.0,"enemies":"downfall:FleeingMerchant","floor":28.0,"turns":4.0},{"damage":12.0,"enemies":"Shell Parasite","floor":30.0,"turns":4.0},{"damage":1.0,"enemies":"downfall:FleeingMerchant","floor":31.0,"turns":4.0},{"damage":21.0,"enemies":"3 Cultists","floor":32.0,"turns":5.0},{"damage":21.0,"enemies":"Cultist and Chosen","floor":34.0,"turns":4.0},{"damage":0.0,"enemies":"downfall:CharBossDefect","floor":35.0,"turns":1.0},{"damage":55,"enemies":"Reptomancer","floor":38,"turns":3},{"damage":9,"enemies":"3 Shapes","floor":39,"turns":2},{"damage":0,"enemies":"Orb Walker","floor":40,"turns":2},{"damage":9,"enemies":"4 Shapes","floor":41,"turns":6},{"damage":88,"enemies":"beaked:SuperParasite","floor":46,"turns":10},{"damage":48,"enemies":"Writhing Mass","floor":47,"turns":3}],"seed_played":"-6521464920448611868","potions_obtained":[{"floor":5.0,"key":"GamblersBrew"},{"floor":6.0,"key":"Dexterity Potion"},{"floor":10.0,"key":"Fire Potion"},{"floor":15.0,"key":"Adrenaline Potion"},{"floor":16.0,"key":"sneckomod:DiceRollPotion"},{"floor":30.0,"key":"construct:ShiftPotion"},{"floor":34.0,"key":"Weak Potion"},{"floor":41,"key":"sneckomod:MuddlingPotion"},{"floor":46,"key":"Elixir"}],"is_trial":false,"path_per_floor":["R_BF","M","R","M","M","E","T","?","?","E","$","M","?","M","M","B",null,"R","?","PTL","PTL","E","?","R","?","T","R","$","R","M","$","M","?","M","B",null,"R","E","M","M","M","$","T","R","?","E","M"],"character_chosen":"THE_SNECKO","items_purchased":["Toxic Egg 2","Pen Nib","expansioncontent:Corrupt+1","AttackPotion","Meat on the Bone","OrangePellets","SpikesRelics:DaevaFist","Sling","BlessingOfTheForge","aspiration:Lifesprig"],"campfire_rested":3,"item_purchase_floors":[11,11,11,11,28,28,31,31,31,42],"current_hp_per_floor":[90,91,91,91,72,41,41,41,41,27,24,22,22,20,24,24,94,94,94,94,94,57,34,62,62,62,90,95,95,84,96,75,75,55,56,99,99,50,54,69,75,75,75,100,100,29,0,0],"gold":93,"neow_bonus":"THREE_CARDS","is_daily":false,"chose_seed":false,"campfire_upgraded":4,"win_rate":0.0,"timestamp":1608282424,"path_taken":["R_BF","M","R","M","M","E","T","?","?","E","?","?","?","?","M","BOSS","R","?","PTL","PTL","E","?","R","?","T","R","?","R","M","$","?","?","M","BOSS","R","E","M","M","M","$","T","R","?","E","M"],"items_purchased_type":["Relic","Relic","Card","Potion","Relic","Relic","Relic","Relic","Potion","Relic"],"build_version":"2020-12-13","purchased_purges":1,"victory":false,"max_hp_per_floor":[90,91,91,91,92,93,93,93,93,93,93,94,94,94,94,94,94,94,94,94,94,94,94,94,94,94,94,95,95,96,97,97,97,98,99,99,99,99,100,100,100,100,100,100,100,101,101,101],"card_choices":[{"not_picked":["sneckomod:Nope","sneckomod:UnknownClassTHE_SIMPLETON_BLUE"],"picked":"sneckomod:IronFang","floor":0.0},{"not_picked":["sneckomod:IronFang","sneckomod:DiceBlock"],"picked":"sneckomod:UnknownClassINFINITE_BLACK","floor":2.0},{"not_picked":["sneckomod:QuickBite","sneckomod:UnknownCommonSkill"],"picked":"sneckomod:DiceBoulder","floor":4.0},{"not_picked":["sneckomod:SerpentMind","sneckomod:UnknownCommonSkill"],"picked":"sneckomod:UnknownBlock","floor":5.0},{"not_picked":["sneckomod:QuickBite","sneckomod:WideSting"],"picked":"sneckomod:UnknownClassRED","floor":6.0},{"not_picked":["sneckomod:Nope","sneckomod:DiceCrush"],"picked":"sneckomod:QuickBite","floor":8.0},{"not_picked":["sneckomod:QuickBite","sneckomod:SnekBeam"],"picked":"sneckomod:DiceBlock","floor":10.0},{"not_picked":["sneckomod:CheapStock","sneckomod:QuickBite"],"picked":"sneckomod:UnknownClassGREEN+1","floor":12.0},{"not_picked":["sneckomod:SoulRoll+1","sneckomod:Nope+1"],"picked":"sneckomod:DiceBoulder","floor":14.0},{"not_picked":["sneckomod:UnknownUncommonPower","sneckomod:SoulRoll+1"],"picked":"sneckomod:QuickBite","floor":15.0},{"not_picked":["sneckomod:MorePower","sneckomod:UnknownRareAttack"],"picked":"sneckomod:SoulExchange+1","floor":16.0},{"not_picked":["sneckomod:UnlimitedRolls","sneckomod:UnknownCommonSkill+1"],"picked":"sneckomod:SoulCleanse+1","floor":22.0},{"not_picked":["infinitespire:Execution","infinitespire:Menacing"],"picked":"infinitespire:Starlight","floor":23.0},{"not_picked":["sneckomod:QuickBite+1","sneckomod:UnknownCommonAttack"],"picked":"sneckomod:Unknown3Cost+1","floor":28.0},{"not_picked":["sneckomod:UnknownClassGREEN+1","sneckomod:SnakeSap"],"picked":"sneckomod:UnknownVulnerable+1","floor":30.0},{"not_picked":["sneckomod:QuickMove+1","sneckomod:RainOfDice"],"picked":"sneckomod:UnknownVulnerable+1","floor":31.0},{"not_picked":["sneckomod:UnknownWeak+1","sneckomod:DefensiveFlair+1"],"picked":"sneckomod:SnakeSap+1","floor":32.0},{"not_picked":["sneckomod:WideSting","sneckomod:UnknownWeak+1"],"picked":"sneckomod:UnknownClassBEAKED_YELLOW+1","floor":34.0},{"not_picked":["sneckomod:Restock+1","sneckomod:UnknownRareAttack"],"picked":"sneckomod:UnknownRareSkill+1","floor":35.0},{"not_picked":["sneckomod:UnknownClassGUARDIAN+1","sneckomod:UnknownClassBLUE+1","sneckomod:WideSting+1"],"picked":"SKIP","floor":38},{"not_picked":["sneckomod:UnknownCommonSkill+1","sneckomod:DangerNoodle"],"picked":"sneckomod:UnknownStrike+1","floor":39},{"not_picked":["sneckomod:DiceCrush+1","sneckomod:UnknownStrike+1"],"picked":"sneckomod:Nope+1","floor":40},{"not_picked":["sneckomod:Mudshield","sneckomod:UnknownStrike+1"],"picked":"sneckomod:SnakeSap+1","floor":41},{"not_picked":["sneckomod:UnknownCommonSkill+1","sneckomod:Unknown0Cost+1"],"picked":"sneckomod:UnknownClassTHE_CHAMP_GRAY+1","floor":46}],"player_experience":267631,"relics_obtained":[{"floor":1.0,"key":"Ginger"},{"floor":6.0,"key":"halation:AfternoonTea"},{"floor":7.0,"key":"Kunai"},{"floor":8.0,"key":"vexMod:RetaliationKit"},{"floor":10.0,"key":"Bag of Preparation"},{"floor":22.0,"key":"RollingBoulder"},{"floor":26.0,"key":"infinitespire:Broken Mirror"},{"floor":38,"key":"Replay:Bottled Eggs"},{"floor":43,"key":"DemoMod:AgedBell"},{"floor":46,"key":"Replay:Baseball"}],"event_choices":[{"damage_healed":0,"gold_gain":0,"player_choice":"Copied","damage_taken":0,"max_hp_gain":0,"max_hp_loss":0,"event_name":"Duplicator","floor":45,"gold_loss":0,"cards_obtained":["expansioncontent:Corrupt"]}],"is_beta":false,"boss_relics":[{"not_picked":["Fusion Hammer","Runic Dome"],"picked":"vexMod:DeviousBotling"},{"not_picked":["trackpad:Coffee","aspiration:WatcherSkillbook"],"picked":"construct:WeddingRing"}],"items_purged_floors":[11],"is_endless":false,"potions_floor_spawned":[5,6,10,15,16,30,34,41,46],"killed_by":"Writhing Mass","ascension_level":0}}