{"host":"5w5nlj9te6rhm47m","time":1608298732,"event":{"mods":["BaseMod","Downfall","Hermit","Minty Spire (QoL Compilation)","Replay The Spire","Shop Mod","StSLib"],"gold_per_floor":[117,117,134,74,74,120,199,242,279,256,30,42,76,86,86,191,191,201,227,227,227,28,67,67,87,169,169,169,169,16,30,30,30,30],"floor_reached":33,"playtime":1746,"items_purged":[],"score":293,"play_id":"a286b894-c55c-4597-8e35-af98cf5c5687","local_time":"20201218213852","is_ascension_mode":true,"campfire_choices":[{"floor":15.0,"key":"DIG"},{"floor":24.0,"key":"REST"},{"floor":27.0,"key":"REST"},{"data":"hermit:ShadowCloak","floor":29.0,"key":"SMITH"},{"data":"RitualDagger","floor":32,"key":"SMITH"}],"circlet_count":0,"master_deck":["hermit:Strike_Hermit+1","hermit:Strike_Hermit+1","hermit:Strike_Hermit+1","hermit:Strike_Hermit+1","hermit:Defend_Hermit+1","hermit:Defend_Hermit+1","hermit:Defend_Hermit+1","hermit:Defend_Hermit+1","hermit:Snapshot","hermit:Covet","hermit:Adapt","hermit:Glare","hermit:BodyArmor","hermit:Determination","hermit:Determination","Regret","hermit:Ricochet","hermit:ShadowCloak+1","hermit:Brawl","hermit:Vantage","hermit:HighCaliber","hermit:Magnum","hermit:Dive","hermit:Manifest+1","RitualDagger+1","hermit:Determination+1","hermit:Enervate+1","hermit:Horror","hermit:Vantage"],"relics":["hermit:Momento","MawBank","Bag of Preparation","Replay:Wax Seal","MealTicket","Snack Pack","Replay:Bottled Snecko","Mango","Sozu","Red Mask","Blue Doll","CeramicFish","Replay:Bottled Flurry","Membership Card"],"acts_visited":["Exordium","TheCity"],"potions_floor_usage":[],"damage_taken":[{"damage":1.0,"enemies":"2 Louse","floor":1.0,"turns":3.0},{"damage":0.0,"enemies":"Cultist","floor":3.0,"turns":3.0},{"damage":20.0,"enemies":"3 Sentries","floor":6.0,"turns":16.0},{"damage":8.0,"enemies":"Gremlin Nob","floor":8.0,"turns":4.0},{"damage":10.0,"enemies":"Small Slimes","floor":12.0,"turns":4.0},{"damage":15.0,"enemies":"Replay:BlueRogue","floor":13.0,"turns":7.0},{"damage":2.0,"enemies":"2 Fungi Beasts","floor":14.0,"turns":4.0},{"damage":15.0,"enemies":"Fading Forest","floor":16.0,"turns":11.0},{"damage":0.0,"enemies":"Spheric Guardian","floor":18.0,"turns":5.0},{"damage":44.0,"enemies":"Masked Bandits","floor":19.0,"turns":7.0},{"damage":56.0,"enemies":"Slavers","floor":23.0,"turns":8.0},{"damage":5.0,"enemies":"3 Byrds","floor":25.0,"turns":6.0},{"damage":12,"enemies":"Snecko","floor":31,"turns":7},{"damage":69,"enemies":"Collector","floor":33,"turns":10}],"seed_played":"-1092508903010132960","potions_obtained":[{"floor":1.0,"key":"Strength Potion"},{"floor":3.0,"key":"Energy Potion"},{"floor":8.0,"key":"Toxic Potion"}],"is_trial":false,"path_per_floor":["M","?","M","$","?","E","?","E","T","?","$","M","E","M","R","B",null,"M","?","?","?","$","E","R","M","T","R","?","R","$","M","R","B"],"character_chosen":"HERMIT","items_purchased":["hermit:Determination","Snack Pack","Blue Doll","hermit:Determination+1","Membership Card","hermit:Vantage"],"campfire_rested":2,"item_purchase_floors":[4,11,22,22,30,30],"current_hp_per_floor":[53,53,53,53,53,33,33,25,25,43,58,48,33,31,45,54,89,89,47,41,41,56,4,30,29,29,55,55,55,70,58,58,0,0],"gold":30,"neow_bonus":"THREE_RARE_CARDS","is_daily":false,"chose_seed":false,"campfire_upgraded":2,"win_rate":0.0,"timestamp":1608298732,"path_taken":["M","?","?","?","?","E","?","E","T","?","?","?","E","M","R","BOSS","M","?","?","?","$","E","R","M","T","R","?","R","$","M","R","BOSS"],"items_purchased_type":["Card","Relic","Relic","Card","Relic","Card"],"build_version":"2020-12-13","purchased_purges":0,"victory":false,"max_hp_per_floor":[75,75,75,75,75,75,75,75,75,75,75,75,75,75,89,89,89,89,89,89,89,89,89,89,89,89,89,89,89,89,89,89,89,89],"card_choices":[{"not_picked":["hermit:Gambit","hermit:Reprieve"],"picked":"hermit:Adapt","floor":0.0},{"not_picked":["hermit:Midnight","hermit:BigShot"],"picked":"hermit:Glare","floor":1.0},{"not_picked":["hermit:CalledShot","hermit:Misfire"],"picked":"hermit:BodyArmor","floor":3.0},{"not_picked":["hermit:Feint","hermit:ItchyTrigger"],"picked":"hermit:Ricochet","floor":6.0},{"not_picked":["hermit:BodyArmor","hermit:LowProfile"],"picked":"hermit:ShadowCloak","floor":8.0},{"not_picked":["hermit:GoldenBullet","hermit:Scavenge"],"picked":"hermit:Brawl","floor":12.0},{"not_picked":["hermit:LuckOfTheDraw","hermit:Headshot"],"picked":"hermit:Vantage","floor":13.0},{"not_picked":["hermit:EternalForm","hermit:FlashPowder"],"picked":"hermit:HighCaliber","floor":14.0},{"not_picked":["hermit:Roughhouse","hermit:OverwhelmingPower"],"picked":"hermit:Magnum","floor":16.0},{"not_picked":["hermit:WideOpen","hermit:Gestalt"],"picked":"hermit:Dive","floor":18.0},{"not_picked":["hermit:ItchyTrigger","hermit:TakeAim"],"picked":"hermit:Manifest+1","floor":19.0},{"not_picked":["hermit:Combo","hermit:Roulette"],"picked":"hermit:Enervate+1","floor":23.0},{"not_picked":["hermit:Gestalt","hermit:Midnight"],"picked":"hermit:Horror","floor":25.0},{"not_picked":["hermit:NoHoldsBarred+1","hermit:Snipe","hermit:Combo+1"],"picked":"SKIP","floor":31}],"player_experience":171654,"relics_obtained":[{"floor":6.0,"key":"Bag of Preparation"},{"floor":8.0,"key":"Replay:Wax Seal"},{"floor":9.0,"key":"MealTicket"},{"floor":13.0,"key":"Replay:Bottled Snecko"},{"floor":15.0,"key":"Mango"},{"floor":19.0,"key":"Red Mask"},{"floor":23.0,"key":"CeramicFish"},{"floor":26.0,"key":"Replay:Bottled Flurry"}],"event_choices":[{"damage_healed":0.0,"max_hp_gain":0.0,"max_hp_loss":0.0,"gold_gain":0.0,"event_name":"The Woman in Blue","player_choice":"Bought 0 Potions","floor":2.0,"gold_loss":0.0,"damage_taken":0.0},{"damage_healed":0.0,"max_hp_gain":0.0,"max_hp_loss":0.0,"gold_gain":0.0,"event_name":"Big Fish","player_choice":"Box","floor":5.0,"gold_loss":0.0,"damage_taken":0.0,"relics_obtained":["MawBank"],"cards_obtained":["Regret"]},{"damage_healed":0.0,"max_hp_gain":0.0,"max_hp_loss":0.0,"gold_gain":67.0,"event_name":"Golden Wing","player_choice":"Gained Gold","floor":7.0,"gold_loss":0.0,"damage_taken":0.0},{"damage_healed":18.0,"max_hp_gain":0.0,"max_hp_loss":0.0,"gold_gain":0.0,"event_name":"The Cleric","player_choice":"Healed","floor":10.0,"gold_loss":35.0,"damage_taken":0.0},{"damage_healed":0.0,"max_hp_gain":0.0,"max_hp_loss":0.0,"gold_gain":0.0,"event_name":"Masked Bandits","player_choice":"Fought Bandits","floor":19.0,"gold_loss":0.0,"damage_taken":0.0},{"damage_healed":0.0,"max_hp_gain":0.0,"max_hp_loss":0.0,"gold_gain":0.0,"event_name":"Nest","player_choice":"Joined the Cult","floor":20.0,"gold_loss":0.0,"damage_taken":6.0,"cards_obtained":["RitualDagger"]},{"damage_healed":0.0,"max_hp_gain":0.0,"max_hp_loss":0.0,"gold_gain":0.0,"event_name":"Back to Basics","player_choice":"Simplicity","floor":28.0,"gold_loss":0.0,"damage_taken":0.0,"cards_upgraded":["hermit:Strike_Hermit","hermit:Strike_Hermit","hermit:Strike_Hermit","hermit:Strike_Hermit","hermit:Defend_Hermit","hermit:Defend_Hermit","hermit:Defend_Hermit","hermit:Defend_Hermit"]}],"is_beta":false,"boss_relics":[{"not_picked":["ReplayTheSpireMod:DimensionalGlitch","Astrolabe"],"picked":"Sozu"}],"items_purged_floors":[],"is_endless":false,"potions_floor_spawned":[1,3,8,23],"killed_by":"Collector","ascension_level":1}}