{"host":"usewcu4ohw2wtmxk","time":1608278355,"event":{"mods":["AchievementEnabler","BaseMod","Colored Powertips","Minty Spire (QoL Compilation)","Permanent Neow","Quick Restart","Relic Stats","StSLib"],"gold_per_floor":[109,124,124,124,139,139,139,139],"floor_reached":7,"playtime":161,"items_purged":[],"score":82,"play_id":"bcc8be6f-5fe9-4d63-ae47-0805bbe98f49","local_time":"20201218155915","is_ascension_mode":true,"campfire_choices":[{"data":"Neutralize","floor":6,"key":"SMITH"}],"circlet_count":0,"master_deck":["AscendersBane","Strike_G","Strike_G","Strike_G","Strike_G","Strike_G","Defend_G","Defend_G","Defend_G","Defend_G","Defend_G","Survivor+1","Neutralize+1","Reflex+1","Acrobatics","Concentrate"],"relics":["Ring of the Snake","The Specimen","Golden Idol"],"acts_visited":["Exordium"],"potions_floor_usage":[],"damage_taken":[{"damage":9.0,"enemies":"Jaw Worm","floor":1.0,"turns":7.0},{"damage":2.0,"enemies":"2 Louse","floor":2.0,"turns":3.0},{"damage":0.0,"enemies":"Small Slimes","floor":5.0,"turns":4.0},{"damage":10,"enemies":"3 Sentries","floor":7,"turns":4}],"seed_played":"7943356568931830899","potions_obtained":[],"is_trial":false,"path_per_floor":["M","M","?","?","M","R","E"],"character_chosen":"THE_SILENT","items_purchased":[],"campfire_rested":0,"item_purchase_floors":[],"current_hp_per_floor":[50,48,30,30,30,30,20,20],"gold":139,"neow_bonus":"ONE_RARE_RELIC","is_daily":false,"chose_seed":false,"campfire_upgraded":1,"win_rate":0.0,"timestamp":1608278355,"path_taken":["M","M","?","?","M","R","E"],"items_purchased_type":[],"build_version":"2020-12-13","purchased_purges":0,"victory":false,"max_hp_per_floor":[60,60,60,54,54,54,54,54],"relic_stats":{"counters":[4,18],"Golden Idol":3,"obtain_stats":[{"The Specimen":0,"Golden Idol":4,"Ring of the Snake":0},{"The Specimen":0,"Golden Idol":2,"Ring of the Snake":0},{"The Specimen":0,"Golden Idol":10,"Ring of the Snake":0}],"Ring of the Snake":[8]},"card_choices":[{"not_picked":["Prepared","PiercingWail"],"picked":"Reflex","floor":1.0},{"not_picked":["Outmaneuver","Slice"],"picked":"Acrobatics","floor":2.0},{"not_picked":["Blade Dance","Deadly Poison"],"picked":"Concentrate","floor":5.0}],"player_experience":285296,"relics_obtained":[],"event_choices":[{"damage_healed":0.0,"max_hp_gain":0.0,"max_hp_loss":0.0,"gold_gain":0.0,"event_name":"Shining Light","player_choice":"Entered Light","floor":3.0,"gold_loss":0.0,"damage_taken":18.0,"cards_upgraded":["Reflex","Survivor"]},{"damage_healed":0.0,"max_hp_gain":0.0,"max_hp_loss":6.0,"gold_gain":0.0,"event_name":"Golden Idol","player_choice":"Lose Max HP","floor":4.0,"gold_loss":0.0,"damage_taken":0.0,"relics_obtained":["Golden Idol"]}],"is_beta":false,"boss_relics":[],"items_purged_floors":[],"is_endless":false,"potions_floor_spawned":[],"killed_by":"3 Sentries","ascension_level":20}}