{"host":"uqyg61j13wqyi9b0","time":1608283726,"event":{"mods":["2.2 Compatiblity","Aspiration","BaseMod","Beaked The Cultist","Better Third Choice","BetterRewards","ChefMod","Colored Map","Colored Powertips","Conspire","Downfall","GungeonMod","Halation","Hubris","Hyrulean Relics","Infinite Spire","Minty Spire (QoL Compilation)","Quick Restart","RRrroohrrRGHHhhh!!","Rare Cards Sparkle","Replay The Spire","Shop Mod","Spikes Relics","StSLib","The Bug Knight","The Construct","The Hayseed","The Juggle","The Sage","Trackpad","Virulent Crown","vexMod"],"gold_per_floor":[99,115,125,125,125,225,225,245,260,260,276,293,293,313,326,326,326],"floor_reached":16,"playtime":1248,"items_purged":[],"score":121,"play_id":"ddccf780-adc6-41ab-8470-c514a0b7fd7b","local_time":"20201218185846","is_ascension_mode":false,"campfire_choices":[{"floor":1,"key":"REST"},{"data":"hexamod:EmpoweringStance","floor":4,"key":"SMITH"},{"floor":10,"key":"REST"}],"circlet_count":0,"master_deck":["hexamod:Strike","hexamod:Strike","hexamod:Strike","hexamod:Strike","hexamod:Defend","hexamod:Defend","hexamod:Defend","hexamod:Defend","hexamod:Sear","hexamod:Float+1","hexamod:EmpoweringStance+1","hexamod:FourthSeal","hexamod:PowerFromBeyond","hexamod:CatchUp","hexamod:Hexaguard","Normality","hexamod:Sear","Replay:Parry","hexamod:Firestarter","hexamod:RadiantFlame","hexamod:SpectralAdrenaline","hexamod:NecessarySacrifice","hexamod:SwordOfDarkness","hexamod:GhostflameBarrier","hexamod:NightmareGuise"],"relics":["hexamod:SpiritBrand","downfall:GremlinSack","hubris:Spice"],"acts_visited":["Exordium"],"potions_floor_usage":[6,9,12,15,16,16,16],"damage_taken":[{"damage":0,"enemies":"Small Slimes","floor":2,"turns":4},{"damage":4,"enemies":"Cultist","floor":3,"turns":4},{"damage":41,"enemies":"Cultist","floor":6,"turns":7},{"damage":5,"enemies":"2 Louse","floor":8,"turns":3},{"damage":4,"enemies":"Gremlin Gang","floor":9,"turns":5},{"damage":12,"enemies":"3 Louse","floor":11,"turns":4},{"damage":15,"enemies":"conspire:2 RoseBushes","floor":12,"turns":3},{"damage":9,"enemies":"Gremlin Gang","floor":14,"turns":5},{"damage":0,"enemies":"Large Slime","floor":15,"turns":5},{"damage":80,"enemies":"downfall:Defect","floor":16,"turns":10}],"seed_played":"-813470152949987937","potions_obtained":[{"floor":3,"key":"Fire Potion"},{"floor":6,"key":"Slimebound:ThreeZeroPotion"},{"floor":8,"key":"infinitespire:BlackPotion"},{"floor":9,"key":"Languid Potion"},{"floor":11,"key":"EssenceOfSteel"},{"floor":12,"key":"LiquidMemories"},{"floor":15,"key":"Explosive Potion"}],"is_trial":false,"path_per_floor":["R_BF","M","M","R","?","?","T","M","M","R","M","M","?","M","M","B"],"character_chosen":"THE_SPIRIT","items_purchased":[],"campfire_rested":2,"item_purchase_floors":[],"current_hp_per_floor":[70,70,66,66,66,25,33,28,24,47,35,20,88,79,79,0,0],"gold":326,"neow_bonus":"THREE_RARE_CARDS","is_daily":false,"chose_seed":false,"campfire_upgraded":1,"win_rate":0.0,"timestamp":1608283726,"path_taken":["R_BF","M","M","R","?","?","T","?","M","R","M","M","?","M","M","BOSS"],"items_purchased_type":[],"build_version":"2020-12-13","purchased_purges":0,"victory":false,"max_hp_per_floor":[70,70,70,70,70,70,78,78,78,78,78,78,88,88,88,88,88],"card_choices":[{"not_picked":["hexamod:UnleashSpirits","hexamod:ParanormalForm"],"picked":"hexamod:EmpoweringStance","floor":0},{"not_picked":["hexamod:HauntingEcho","hexamod:ThermalTransfer"],"picked":"hexamod:FourthSeal","floor":2},{"not_picked":["hexamod:NightmareStrike","hexamod:BurningTouch"],"picked":"hexamod:PowerFromBeyond","floor":3},{"not_picked":["hexamod:Hexaguard","hexamod:CatchUp"],"picked":"hexamod:Firestarter","floor":6},{"not_picked":["hexamod:SwordOfDarkness","hexamod:DynamicBlow"],"picked":"hexamod:RadiantFlame","floor":8},{"not_picked":["hexamod:GhostLash","hexamod:SkipABeat"],"picked":"hexamod:SpectralAdrenaline","floor":9},{"not_picked":["hexamod:HauntingEcho","hexamod:GhostOfSpirePast"],"picked":"hexamod:NecessarySacrifice","floor":11},{"not_picked":["hexamod:ShieldOfDarkness","hexamod:GhostLash"],"picked":"hexamod:SwordOfDarkness","floor":12},{"not_picked":["hexamod:NightmareStrike","hexamod:RetreatToShadows"],"picked":"hexamod:GhostflameBarrier","floor":14},{"not_picked":["hexamod:FastForward","hexamod:Firestarter"],"picked":"hexamod:NightmareGuise","floor":15}],"player_experience":270302,"relics_obtained":[{"floor":6,"key":"downfall:GremlinSack"},{"floor":7,"key":"hubris:Spice"}],"event_choices":[{"cards_removed":["hexamod:ParanormalForm"],"damage_healed":58,"gold_gain":0,"player_choice":"Offered Rare","damage_taken":0,"max_hp_gain":10,"max_hp_loss":0,"event_name":"Bonfire Elementals","floor":13,"gold_loss":0}],"is_beta":false,"boss_relics":[],"items_purged_floors":[],"is_endless":false,"potions_floor_spawned":[11,12,14,15],"killed_by":"downfall:Defect","ascension_level":0}}