{"host":"345fbjaiqlx301na","time":1608289835,"event":{"mods":["AchievementEnabler","Act Like it!","BaseMod","Bestiary","Better Note","Better Sensory Stone","Better Third Choice","Colored Powertips","Downfall","Ekko","Minty Spire (QoL Compilation)","Replay The Spire","StSLib","The Animator","The Death Knight","The Dragon Tamer","The Necromancer","The Senshi"],"gold_per_floor":[99,114,128,128,192,292,292,302,327,427,447,457,7,74,93,93,93],"floor_reached":16,"playtime":1438,"items_purged":[],"score":104,"play_id":"61e3e963-ff1b-4ea6-acdf-9155325b4c1e","local_time":"20201218061035","is_ascension_mode":false,"campfire_choices":[{"data":"ekkoTheBoyWhoShatteredTime:TimeMaster","floor":1,"key":"SMITH"},{"data":"ekkoTheBoyWhoShatteredTime:HauntingGuise","floor":4,"key":"SMITH"}],"circlet_count":0,"master_deck":["ekkoTheBoyWhoShatteredTime:Strike","ekkoTheBoyWhoShatteredTime:Strike","ekkoTheBoyWhoShatteredTime:Strike","ekkoTheBoyWhoShatteredTime:Strike","ekkoTheBoyWhoShatteredTime:Strike","ekkoTheBoyWhoShatteredTime:Defend","ekkoTheBoyWhoShatteredTime:Defend","ekkoTheBoyWhoShatteredTime:Defend","ekkoTheBoyWhoShatteredTime:Defend","ekkoTheBoyWhoShatteredTime:TimeMaster+1","ekkoTheBoyWhoShatteredTime:HauntingGuise+1","ekkoTheBoyWhoShatteredTime:Greed","ekkoTheBoyWhoShatteredTime:RecallingPunch","ekkoTheBoyWhoShatteredTime:Leap","ekkoTheBoyWhoShatteredTime:WideSlice","ekkoTheBoyWhoShatteredTime:Periocharge","ekkoTheBoyWhoShatteredTime:CommittedStrike","ekkoTheBoyWhoShatteredTime:NaggingBlow","ekkoTheBoyWhoShatteredTime:Unchained","ekkoTheBoyWhoShatteredTime:Unchained","ekkoTheBoyWhoShatteredTime:LichBane","Metamorphosis","Discovery","Master of Strategy","ekkoTheBoyWhoShatteredTime:PhaseDive","ekkoTheBoyWhoShatteredTime:Timewinder"],"relics":["ekkoTheBoyWhoShatteredTime:zDriveResonance","Mercury Hourglass","Divine Protection","Sundial","downfall:CloakOfManyFaces","CultistMask","FaceOfCleric","NlothsMask","GremlinMask","SsserpentHead","Question Card","ReplayTheSpireMod:ShopPack"],"acts_visited":["Exordium"],"potions_floor_usage":[11,13,16,16],"damage_taken":[{"damage":0,"enemies":"Cultist","floor":2,"turns":4},{"damage":3,"enemies":"2 Louse","floor":3,"turns":3},{"damage":46,"enemies":"Lagavulin Event","floor":5,"turns":7},{"damage":0,"enemies":"Small Slimes","floor":8,"turns":3},{"damage":8,"enemies":"Lagavulin","floor":9,"turns":5},{"damage":5,"enemies":"downfall:FaceTrader","floor":10,"turns":6},{"damage":0,"enemies":"Exordium Thugs","floor":11,"turns":3},{"damage":0,"enemies":"Red Slaver","floor":12,"turns":2},{"damage":0,"enemies":"downfall:FleeingMerchant","floor":13,"turns":5},{"damage":0,"enemies":"Large Slime","floor":14,"turns":4},{"damage":0,"enemies":"2 Fungi Beasts","floor":15,"turns":3},{"damage":25,"enemies":"downfall:Ironclad","floor":16,"turns":6}],"seed_played":"6054227357789746213","potions_obtained":[{"floor":5,"key":"Flashbang"},{"floor":9,"key":"LiquidMemories"},{"floor":11,"key":"Swift Potion"},{"floor":12,"key":"Reflective Coating"}],"is_trial":false,"path_per_floor":["R","M","M","R","?","?","T","M","E","?","M","M","$","M","M","B"],"character_chosen":"EKKO_THE_BOY_WHO_SHATTERED_TIME","items_purchased":["ekkoTheBoyWhoShatteredTime:LichBane","Question Card","ReplayTheSpireMod:ShopPack"],"campfire_rested":0,"item_purchase_floors":[13,13,13],"current_hp_per_floor":[78,78,75,75,29,29,29,29,21,16,17,18,19,20,21,0,0],"gold":93,"neow_bonus":"THREE_CARDS","is_daily":false,"chose_seed":false,"campfire_upgraded":2,"win_rate":0.0,"timestamp":1608289835,"path_taken":["R","M","M","R","?","?","T","M","E","?","M","M","$","?","M","BOSS"],"items_purchased_type":["Card","Relic","Relic"],"build_version":"2020-12-13","purchased_purges":0,"victory":false,"max_hp_per_floor":[78,78,78,78,78,78,78,78,78,78,79,80,81,82,83,83,83],"card_choices":[{"not_picked":["ekkoTheBoyWhoShatteredTime:ItemsAfterimage","ekkoTheBoyWhoShatteredTime:Confident"],"picked":"ekkoTheBoyWhoShatteredTime:HauntingGuise","floor":0},{"not_picked":["ekkoTheBoyWhoShatteredTime:HauntingGuise","ekkoTheBoyWhoShatteredTime:Process"],"picked":"ekkoTheBoyWhoShatteredTime:Greed","floor":2},{"not_picked":["ekkoTheBoyWhoShatteredTime:Confident","ekkoTheBoyWhoShatteredTime:AfterimageHit"],"picked":"ekkoTheBoyWhoShatteredTime:RecallingPunch","floor":3},{"not_picked":["ekkoTheBoyWhoShatteredTime:WaitForKeyTiming","ekkoTheBoyWhoShatteredTime:IceBreak"],"picked":"ekkoTheBoyWhoShatteredTime:Leap","floor":5},{"not_picked":["ekkoTheBoyWhoShatteredTime:AfterimageBait","ekkoTheBoyWhoShatteredTime:HauntedAfterimage"],"picked":"ekkoTheBoyWhoShatteredTime:WideSlice","floor":8},{"not_picked":["ekkoTheBoyWhoShatteredTime:SneakHit","ekkoTheBoyWhoShatteredTime:TrickOrTreatTrend"],"picked":"ekkoTheBoyWhoShatteredTime:Periocharge","floor":9},{"not_picked":["ekkoTheBoyWhoShatteredTime:TimeRecall","ekkoTheBoyWhoShatteredTime:AfterimageTease"],"picked":"ekkoTheBoyWhoShatteredTime:CommittedStrike","floor":10},{"not_picked":["ekkoTheBoyWhoShatteredTime:QuickBreak","ekkoTheBoyWhoShatteredTime:Dash"],"picked":"ekkoTheBoyWhoShatteredTime:NaggingBlow","floor":11},{"not_picked":["ekkoTheBoyWhoShatteredTime:AfterimageDualStroke","ekkoTheBoyWhoShatteredTime:IceBreak"],"picked":"ekkoTheBoyWhoShatteredTime:Unchained","floor":12},{"not_picked":["ekkoTheBoyWhoShatteredTime:AfterimageTimeWrap","ekkoTheBoyWhoShatteredTime:Dash"],"picked":"ekkoTheBoyWhoShatteredTime:Unchained","floor":13},{"not_picked":["ReplayUltimateDefense","expansioncontent:DashGenerateEvil","Secret Technique"],"picked":"Metamorphosis","floor":13},{"not_picked":["expansioncontent:SuperHexaguard","expansioncontent:AwakenDeath","Replay:SS_fish_1"],"picked":"Discovery","floor":13},{"not_picked":["expansioncontent:SlimeTackle","expansioncontent:Collect","Blind"],"picked":"Master of Strategy","floor":13},{"not_picked":["ekkoTheBoyWhoShatteredTime:Leap","ekkoTheBoyWhoShatteredTime:TimeRecall","ekkoTheBoyWhoShatteredTime:VelocityConsuming"],"picked":"ekkoTheBoyWhoShatteredTime:PhaseDive","floor":14},{"not_picked":["ekkoTheBoyWhoShatteredTime:AfterimageHit","ekkoTheBoyWhoShatteredTime:Dash","ekkoTheBoyWhoShatteredTime:VelocityConsuming"],"picked":"ekkoTheBoyWhoShatteredTime:Timewinder","floor":15}],"player_experience":75928,"relics_obtained":[{"floor":5,"key":"Mercury Hourglass"},{"floor":7,"key":"Divine Protection"},{"floor":9,"key":"Sundial"},{"floor":10,"key":"downfall:CloakOfManyFaces"}],"event_choices":[],"is_beta":false,"boss_relics":[],"items_purged_floors":[],"is_endless":false,"potions_floor_spawned":[5,9,11,12],"killed_by":"downfall:Ironclad","ascension_level":0}}