{"host":"iml8x8es9od4zowg","time":1608297319,"event":{"mods":["BaseMod","Minty Spire (QoL Compilation)","StSLib","The Jungle","¡¼?Úª?ø«¡½REMEMod"],"gold_per_floor":[118,393,403,416,17,17,34,34,58,68,68,97,114,144,144,241,241,260,275,175,188,188,215,226,252,252,277,277,277,310,92,92,194,194,207,257,257,272,318,352,352,365,365,396,445,478,491,503,503,503,503,503,59,86,86],"floor_reached":56,"playtime":4079,"items_purged":["Regret","Strike_R","Normality"],"score":1610,"play_id":"13021e35-c019-4be5-90a0-43b6e1acad3e","local_time":"20201218221519","is_ascension_mode":true,"campfire_choices":[{"data":"Feed","floor":6,"key":"SMITH"},{"data":"Body Slam","floor":11,"key":"SMITH"},{"data":"Heavy Blade","floor":15,"key":"SMITH"},{"data":"Armaments","floor":29,"key":"SMITH"},{"data":"Inflame","floor":32,"key":"SMITH"},{"floor":41,"key":"RECALL"},{"data":"Apotheosis","floor":49,"key":"SMITH"},{"data":"Inflame","floor":52,"key":"SMITH"}],"circlet_count":0,"master_deck":["Defend_R","Defend_R","Defend_R","Defend_R","Bash","REME_ACTH","Feed+1","Heavy Blade","Body Slam+1","Inflame+1","Flex","Heavy Blade+1","Ghostly Armor","Headbutt","Exhume","Armaments+1","REME_ACTH","Writhe","Bloodletting+1","Inflame+1","REME_ACTH","Spot Weakness+1","Warcry+1","Madness","Apotheosis+1","Decay","Pummel+1","Disarm","Body Slam+1","Limit Break","Discovery","Flex"],"relics":["Burning Blood","REME_ComplimentaryCards","White Beast Statue","Vajra","Strawberry","Meat on the Bone","Cursed Key","theJungle:SpiritDisease","InkBottle","Singing Bowl","Spirit Poop","Pen Nib","Mercury Hourglass","Anchor","SacredBark","Ice Cream","Blue Candle","Paper Frog","REME_LimitBreaker","Bird Faced Urn","Art of War","REME_IWantAll"],"acts_visited":["Exordium","Exordium","TheBeyond","TheEnding"],"potions_floor_usage":[12,12,14,16,18,21,23,23,25,27,33,40,42,44,45,55],"damage_taken":[{"damage":2,"enemies":"2 Louse","floor":1,"turns":3},{"damage":0,"enemies":"Cultist","floor":3,"turns":2},{"damage":0,"enemies":"Small Slimes","floor":4,"turns":3},{"damage":4,"enemies":"Gremlin Gang","floor":7,"turns":4},{"damage":0,"enemies":"Large Slime","floor":10,"turns":2},{"damage":0,"enemies":"Lagavulin","floor":12,"turns":3},{"damage":0,"enemies":"3 Louse","floor":13,"turns":2},{"damage":14,"enemies":"Gremlin Nob","floor":14,"turns":3},{"damage":67,"enemies":"Hexaghost","floor":16,"turns":7},{"damage":13,"enemies":"Shell Parasite","floor":18,"turns":3},{"damage":3,"enemies":"theJungle:5_Spyders","floor":19,"turns":6},{"damage":5,"enemies":"theJungle:JungleHuntersEncounter","floor":21,"turns":5},{"damage":0,"enemies":"theJungle:MamaSnecko","floor":23,"turns":4},{"damage":0,"enemies":"theJungle:SlimyTreeVines","floor":24,"turns":2},{"damage":0,"enemies":"theJungle:Cassacara","floor":25,"turns":2},{"damage":0,"enemies":"theJungle:MamaSnecko","floor":27,"turns":3},{"damage":3,"enemies":"theJungle:Cassacara","floor":30,"turns":2},{"damage":3,"enemies":"theJungle:FunGuy","floor":33,"turns":3},{"damage":3,"enemies":"3 Darklings","floor":35,"turns":3},{"damage":3,"enemies":"Mind Bloom Boss Battle","floor":36,"turns":3},{"damage":0,"enemies":"Orb Walker","floor":38,"turns":2},{"damage":0,"enemies":"Giant Head","floor":40,"turns":2},{"damage":8,"enemies":"Transient","floor":42,"turns":3},{"damage":48,"enemies":"Nemesis","floor":44,"turns":5},{"damage":4,"enemies":"2 Orb Walkers","floor":45,"turns":2},{"damage":6,"enemies":"Giant Head","floor":46,"turns":3},{"damage":45,"enemies":"Writhing Mass","floor":47,"turns":5},{"damage":6,"enemies":"Jaw Worm Horde","floor":48,"turns":1},{"damage":95,"enemies":"Time Eater","floor":50,"turns":7},{"damage":101,"enemies":"Shield and Spear","floor":54,"turns":4},{"damage":81,"enemies":"The Heart","floor":55,"turns":5}],"seed_played":"4302172196490780782","potions_obtained":[{"floor":4,"key":"Dexterity Potion"},{"floor":7,"key":"DuplicationPotion"},{"floor":10,"key":"Fire Potion"},{"floor":12,"key":"Fruit Juice"},{"floor":13,"key":"SpeedPotion"},{"floor":14,"key":"BlessingOfTheForge"},{"floor":16,"key":"GamblersBrew"},{"floor":18,"key":"SkillPotion"},{"floor":19,"key":"ColorlessPotion"},{"floor":21,"key":"BlessingOfTheForge"},{"floor":23,"key":"Strength Potion"},{"floor":24,"key":"BlessingOfTheForge"},{"floor":25,"key":"Block Potion"},{"floor":27,"key":"Energy Potion"},{"floor":30,"key":"SteroidPotion"},{"floor":33,"key":"SteroidPotion"},{"floor":36,"key":"HeartOfIron"},{"floor":40,"key":"DistilledChaos"},{"floor":42,"key":"BloodPotion"},{"floor":44,"key":"Regen Potion"},{"floor":45,"key":"FairyPotion"},{"floor":46,"key":"LiquidBronze"}],"is_trial":false,"path_per_floor":["M","?","M","M","$","R","M","?","T","M","R","E","M","E","R","B",null,"M","M","$","M","?","E","M","E","T","E","?","R","E","$","R","B",null,"M","?","?","M","T","E","R","M","T","E","?","E","M","M","R","B",null,"R","$","E","B",null],"character_chosen":"IRONCLAD","items_purchased":["White Beast Statue","Inflame","Inflame","Anchor","Limit Break","FairyPotion","Discovery","PowerPotion"],"campfire_rested":0,"item_purchase_floors":[5,5,31,31,53,53,53,53],"current_hp_per_floor":[72,72,75,78,78,78,82,82,82,82,82,94,98,90,90,45,102,99,106,106,111,111,118,122,128,128,132,132,132,138,138,138,138,138,138,142,134,142,142,146,146,150,150,108,124,130,97,101,101,28,162,162,162,87,32],"gold":86,"neow_bonus":"THREE_RARE_CARDS","is_daily":false,"chose_seed":false,"campfire_upgraded":7,"win_rate":0.0,"timestamp":1608297319,"path_taken":["M","?","?","M","$","R","M","?","T","M","R","E","M","E","R","BOSS","M","?","$","M","?","E","M","E","T","E","?","R","E","?","R","BOSS","M","?","?","M","?","E","R","?","T","E","?","E","M","M","R","BOSS","R","$","E","BOSS"],"items_purchased_type":["Relic","Card","Card","Relic","Card","Potion","Card","Potion"],"build_version":"2020-12-13","purchased_purges":3,"victory":true,"max_hp_per_floor":[72,72,75,78,78,78,82,82,82,82,82,94,98,98,98,102,102,106,110,110,114,114,118,122,128,128,132,132,132,138,138,138,138,138,138,142,144,146,146,146,146,152,152,152,156,158,160,162,162,162,162,162,162,166,166],"card_choices":[{"not_picked":["Corruption","Juggernaut"],"picked":"REME_ACTH","floor":0},{"not_picked":["Clothesline","Shrug It Off"],"picked":"Heavy Blade","floor":1},{"not_picked":["Carnage","Evolve"],"picked":"Body Slam","floor":3},{"not_picked":["Thunderclap","Evolve","Iron Wave"],"picked":"SKIP","floor":4},{"not_picked":["Clash","Infernal Blade"],"picked":"Flex","floor":7},{"not_picked":["Pommel Strike","Twin Strike"],"picked":"Heavy Blade","floor":10},{"not_picked":["Perfected Strike","Flex"],"picked":"Ghostly Armor","floor":12},{"not_picked":["Combust","Searing Blow","Twin Strike"],"picked":"SKIP","floor":13},{"not_picked":["Feel No Pain","Shockwave"],"picked":"Headbutt","floor":14},{"not_picked":["Bludgeon","Demon Form"],"picked":"Exhume","floor":16},{"not_picked":["Havoc+1","Fire Breathing"],"picked":"Armaments","floor":18},{"not_picked":["Cleave","Pommel Strike","True Grit+1"],"picked":"SKIP","floor":19},{"not_picked":["Wild Strike","Blood for Blood","Clash+1"],"picked":"SKIP","floor":21},{"not_picked":["Clothesline","REME_FearOfPain","Sword Boomerang"],"picked":"SKIP","floor":23},{"not_picked":["Entrench","Seeing Red"],"picked":"REME_ACTH","floor":24},{"not_picked":["Carnage+1","Reckless Charge+1","Flex+1"],"picked":"Singing Bowl","floor":25},{"not_picked":["Rupture","Pommel Strike"],"picked":"Bloodletting+1","floor":27},{"not_picked":["Iron Wave","Rupture","Power Through+1"],"picked":"Singing Bowl","floor":30},{"not_picked":["REME_TheLastStrike","REME_Fury"],"picked":"REME_ACTH","floor":33},{"not_picked":["Thunderclap+1","Anger"],"picked":"Spot Weakness+1","floor":35},{"not_picked":["Havoc","Ghostly Armor"],"picked":"Warcry+1","floor":36},{"not_picked":["REME_TwoStrings","Deep Breath"],"picked":"Madness","floor":37},{"not_picked":["REME_TwoStrings","Panacea"],"picked":"Apotheosis","floor":37},{"not_picked":["Discovery","Bandage Up","HandOfGreed"],"picked":"Singing Bowl","floor":37},{"not_picked":["Headbutt+1","Dual Wield","Carnage+1"],"picked":"Singing Bowl","floor":38},{"not_picked":["True Grit","Rampage+1"],"picked":"Pummel+1","floor":40},{"not_picked":["Bloodletting+1","Combust","Wild Strike+1"],"picked":"Singing Bowl","floor":42},{"not_picked":["Wild Strike+1","Bludgeon"],"picked":"Disarm","floor":44},{"not_picked":["Clash","Infernal Blade+1"],"picked":"Body Slam+1","floor":45},{"not_picked":["Bloodletting","Berserk","Heavy Blade"],"picked":"Singing Bowl","floor":46},{"not_picked":["Anger","Carnage","Havoc"],"picked":"Singing Bowl","floor":47},{"not_picked":["Evolve+1","Wild Strike+1","Havoc+1"],"picked":"Singing Bowl","floor":48},{"not_picked":["Shrug It Off","Uppercut"],"picked":"Flex","floor":54}],"player_experience":447295,"relics_obtained":[{"floor":9,"key":"Vajra"},{"floor":12,"key":"Strawberry"},{"floor":14,"key":"Meat on the Bone"},{"floor":23,"key":"InkBottle"},{"floor":25,"key":"Singing Bowl"},{"floor":26,"key":"Spirit Poop"},{"floor":27,"key":"Pen Nib"},{"floor":30,"key":"Mercury Hourglass"},{"floor":36,"key":"Ice Cream"},{"floor":40,"key":"Blue Candle"},{"floor":43,"key":"Paper Frog"},{"floor":44,"key":"REME_LimitBreaker"},{"floor":45,"key":"Bird Faced Urn"},{"floor":46,"key":"Art of War"},{"floor":54,"key":"REME_IWantAll"}],"event_choices":[{"damage_healed":0,"gold_gain":275,"player_choice":"Desecrate","damage_taken":0,"max_hp_gain":0,"max_hp_loss":0,"event_name":"Golden Shrine","floor":2,"gold_loss":0,"cards_obtained":["Regret"]},{"cards_removed":["Strike_R"],"damage_healed":0,"gold_gain":0,"player_choice":"Offered Basic","damage_taken":0,"max_hp_gain":0,"max_hp_loss":0,"event_name":"Bonfire Elementals","floor":8,"gold_loss":0},{"damage_healed":0,"gold_gain":0,"player_choice":"Fight","damage_taken":0,"max_hp_gain":0,"max_hp_loss":0,"event_name":"MindBloom","floor":36,"gold_loss":0},{"damage_healed":0,"gold_gain":0,"player_choice":"Memory 3","damage_taken":10,"max_hp_gain":0,"max_hp_loss":0,"event_name":"SensoryStone","floor":37,"gold_loss":0},{"damage_healed":0,"gold_gain":0,"player_choice":"Fight","damage_taken":0,"max_hp_gain":0,"max_hp_loss":0,"event_name":"Mysterious Sphere","floor":45,"gold_loss":0}],"is_beta":false,"boss_relics":[{"not_picked":["Fusion Hammer","Runic Dome"],"picked":"Cursed Key"},{"not_picked":["Snecko Eye","SlaversCollar"],"picked":"SacredBark"}],"items_purged_floors":[5,20,53],"is_endless":false,"potions_floor_spawned":[4,7,10,12,13,14,16,18,19,21,23,24,25,27,30,33,35,36,38,40,42,44,45,46,47,48,54],"ascension_level":1}}