{"host":"lgr0ufi017x11auv","time":1608305940,"event":{"mods":["AchievementEnabler","BaseMod","Better Third Choice","BetterRewards","Colored Map","Colored Powertips","Downfall","Gremlin Mod","Hubris","Hunter ??","Infinite Spire","Minty Spire (QoL Compilation)","Permanent Neow","Quick Restart","Rare Cards Sparkle","Relic Stats","Replay The Spire","Shop Mod","StSLib","The Dragon Tamer","The Necromancer","vexMod"],"gold_per_floor":[149,149,160,174,186,186,231,231,231,231,264,16,58,118,118,250,250,269,288,954,970,970,970,970,986,1039,1039,1079,1089,1089,1108,1108,1108,1108],"floor_reached":33,"playtime":2067,"items_purged":["CommonCold","Defend_Giant"],"score":274,"play_id":"e641e5c2-0ed2-4234-a0af-33514de6146b","local_time":"20201218163900","is_ascension_mode":false,"campfire_choices":[{"data":"CultistPetCall","floor":6,"key":"SMITH"},{"data":"Clone Minion","floor":8,"key":"SMITH"},{"data":"Death Explode","floor":10,"key":"SMITH"},{"data":"HealerPetCall","floor":15,"key":"SMITH"},{"data":"Random Death Rattle","floor":23,"key":"SMITH"},{"data":"ByrdPetCall","floor":30,"key":"SMITH"},{"data":"SpikerPetCall","floor":32,"key":"SMITH"}],"circlet_count":0,"master_deck":["Defend_Giant","CultistPetCall+1","EagleFirst","EagleFirst","EagleSecond","Protect_Giant","Death Explode+1","Combo Defend","HealerPetCall+1","Clone Minion+1","Combo Recycle","HealerPetCall+1","Blood Defend","Echo Attack","Random Death Rattle+1","ByrdPetCall+1","Mana Growth","CultistPetCall+1","SpikerPetCall+1","TakeAction_Giant","Beast Master"],"relics":["GiantSoulBox","hubris:ToyBattleship","ReplayTheSpireMod:CursedCoin","Replay:PocketPolymizer","vexMod:InvisibilityCloak","Pet Ghost","GiantSoulStone","hubris:Stopwatch","infinitespire:FocusingShard","vexMod:RockOfEvil","hubris:BottledHeart","hubris:Icosahedron","Bronze Scales"],"acts_visited":["Exordium","TheCity"],"potions_floor_usage":[14,16,25,29],"damage_taken":[{"damage":1,"enemies":"Jaw Worm","floor":1,"turns":4},{"damage":0,"enemies":"infinitespire:Voidling","floor":3,"turns":5},{"damage":1,"enemies":"Cultist","floor":5,"turns":3},{"damage":17,"enemies":"3 Louse","floor":7,"turns":4},{"damage":40,"enemies":"Gremlin Nob","floor":11,"turns":4},{"damage":17,"enemies":"Lots of Slimes","floor":13,"turns":5},{"damage":33,"enemies":"Lagavulin Event","floor":14,"turns":8},{"damage":29,"enemies":"Slime Boss","floor":16,"turns":12},{"damage":0,"enemies":"3 Byrds","floor":18,"turns":4},{"damage":12,"enemies":"Chosen","floor":19,"turns":5},{"damage":20,"enemies":"Snecko","floor":21,"turns":5},{"damage":0,"enemies":"Snake Plant","floor":25,"turns":2},{"damage":0,"enemies":"Cultist and Chosen","floor":28,"turns":4},{"damage":0,"enemies":"Centurion and Healer","floor":29,"turns":3},{"damage":0,"enemies":"Chosen and Byrds","floor":31,"turns":5},{"damage":1,"enemies":"Collector","floor":33,"turns":6}],"seed_played":"4331633098033658874","potions_obtained":[{"floor":1,"key":"SpeedPotion"},{"floor":3,"key":"Venom Potion"},{"floor":14,"key":"Energy Potion"},{"floor":19,"key":"Fire Potion"},{"floor":29,"key":"Fire Potion"}],"is_trial":false,"path_per_floor":["M","?","M","$","M","R","M","R","T","R","E","$","M","?","R","B",null,"M","M","AVR","M","?","R","?","M","T","?","M","M","R","M","R_BF","B"],"character_chosen":"Giant","items_purchased":["ReplayTheSpireMod:CursedCoin","HealerPetCall+1","vexMod:InvisibilityCloak"],"campfire_rested":0,"item_purchase_floors":[4,4,12],"current_hp_per_floor":[64,64,64,64,63,63,59,59,59,59,31,31,51,50,50,54,80,80,68,40,28,1,1,1,1,1,1,1,1,1,1,1,0,0],"gold":1108,"neow_bonus":"RANDOM_COMMON_RELIC","is_daily":false,"chose_seed":false,"campfire_upgraded":7,"win_rate":0.0,"timestamp":1608305940,"path_taken":["M","?","?","?","M","R","M","R","T","R","E","$","?","?","R","BOSS","M","M","AVR","M","?","R","?","M","T","?","M","M","R","M","R_BF","BOSS"],"items_purchased_type":["Relic","Card","Relic"],"build_version":"2020-12-13","purchased_purges":2,"victory":false,"max_hp_per_floor":[65,65,65,65,65,65,70,70,70,70,70,70,75,75,75,80,80,80,80,40,40,1,1,1,1,1,1,1,1,1,1,1,1,1],"relic_stats":{"counters":[16,78],"Bronze Scales":[32],"obtain_stats":[{"Replay:PocketPolymizer":11,"ReplayTheSpireMod:CursedCoin":4,"infinitespire:FocusingShard":20,"vexMod:RockOfEvil":20,"Pet Ghost":14,"vexMod:InvisibilityCloak":12,"hubris:Icosahedron":24,"hubris:BottledHeart":22,"GiantSoulStone":16,"hubris:Stopwatch":17,"Bronze Scales":26,"hubris:ToyBattleship":0,"GiantSoulBox":0},{"Replay:PocketPolymizer":5,"ReplayTheSpireMod:CursedCoin":2,"infinitespire:FocusingShard":10,"vexMod:RockOfEvil":10,"Pet Ghost":7,"vexMod:InvisibilityCloak":5,"hubris:Icosahedron":11,"hubris:BottledHeart":11,"GiantSoulStone":8,"hubris:Stopwatch":8,"Bronze Scales":12,"hubris:ToyBattleship":0,"GiantSoulBox":0},{"Replay:PocketPolymizer":20,"ReplayTheSpireMod:CursedCoin":9,"infinitespire:FocusingShard":54,"vexMod:RockOfEvil":54,"Pet Ghost":33,"vexMod:InvisibilityCloak":20,"hubris:Icosahedron":59,"hubris:BottledHeart":59,"GiantSoulStone":45,"hubris:Stopwatch":45,"Bronze Scales":61,"hubris:ToyBattleship":0,"GiantSoulBox":0}]},"card_choices":[{"not_picked":["EagleSecond","Death Explode"],"picked":"Protect_Giant","floor":1},{"not_picked":["Blood Defend","HPGrowth_Giant"],"picked":"Combo Defend","floor":3},{"not_picked":["Heal Wind","Combo Form"],"picked":"Clone Minion","floor":5},{"not_picked":["TakeAll_Giant","HPGrowth_Giant"],"picked":"Combo Recycle","floor":7},{"not_picked":["HPGrowth_Giant","Revenge Attack","Blood Defend"],"picked":"SKIP","floor":11},{"not_picked":["Combo Defend","Blood Defend","Hunter Bow"],"picked":"SKIP","floor":13},{"not_picked":["Backward Giant","Pummel Giant"],"picked":"HealerPetCall","floor":14},{"not_picked":["Beast Master","TakeAll_Giant"],"picked":"Echo Attack","floor":16},{"not_picked":["Combo Connect","EagleSecond","Duplicate Hand+1"],"picked":"SKIP","floor":18},{"not_picked":["Combo Connect","Mana Growth+1"],"picked":"Random Death Rattle","floor":19},{"not_picked":["Infinite Combo","Backflip Giant","Combo Recycle"],"picked":"SKIP","floor":21},{"not_picked":["CultistForm+1","TakeAction_Giant"],"picked":"ByrdPetCall","floor":25},{"not_picked":["Hunter Bow","HPGrowth_Giant"],"picked":"Mana Growth","floor":28},{"not_picked":["Ready_Giant","SnakeForm"],"picked":"CultistPetCall+1","floor":29},{"not_picked":["Backward Giant+1","Drunk Grant"],"picked":"TakeAction_Giant","floor":31}],"player_experience":242919,"relics_obtained":[{"floor":11,"key":"Replay:PocketPolymizer"},{"floor":14,"key":"Pet Ghost"},{"floor":16,"key":"GiantSoulStone"},{"floor":26,"key":"Bronze Scales"}],"event_choices":[{"damage_healed":0,"gold_gain":0,"player_choice":"1 cards matched","damage_taken":0,"max_hp_gain":0,"max_hp_loss":0,"event_name":"Match and Keep!","floor":2,"gold_loss":0,"cards_obtained":["Death Explode"]},{"damage_healed":0,"gold_gain":0,"player_choice":"Searched \u00271\u0027 times","damage_taken":0,"max_hp_gain":0,"max_hp_loss":0,"event_name":"Dead Adventurer","floor":14,"gold_loss":0},{"cards_removed":["Defend_Giant"],"damage_healed":0,"gold_gain":0,"player_choice":"Offered Basic","damage_taken":0,"max_hp_gain":0,"max_hp_loss":0,"event_name":"Bonfire Elementals","floor":27,"gold_loss":0}],"is_beta":false,"boss_relics":[{"not_picked":["Runic Dome","Velvet Choker"],"picked":"hubris:Stopwatch"}],"items_purged_floors":[4,20],"is_endless":false,"potions_floor_spawned":[1,3,14,19,29],"killed_by":"Collector","ascension_level":0}}