{"host":"ymmeoa1x24ihslbm","time":1608307673,"event":{"mods":["AchievementEnabler","BaseMod","Colored Map","Colored Powertips","Defuse TimeMaze Blight","Highlight Path","Minty Spire (QoL Compilation)","Permanent Neow","Quick Restart","StSLib","Unceasing Turn Reminder"],"gold_per_floor":[116,134,46,59,59,59,69,104,129,144,144,144,144,144,144,220,220,238,238,238,238,256,256,288,288,288,303,402,429,446,446,446,522,522,542,244,258,270,288,288,314,314,314],"floor_reached":42,"playtime":2811,"items_purged":[],"score":810,"play_id":"e98b7d59-b50f-4476-b2a9-e6ec55178469","local_time":"20201218170753","is_ascension_mode":true,"campfire_choices":[{"data":"Footwork","floor":6.0,"key":"SMITH"},{"data":"Predator","floor":11.0,"key":"SMITH"},{"data":"Sucker Punch","floor":13.0,"key":"SMITH"},{"data":"Flying Knee","floor":15.0,"key":"SMITH"},{"data":"Dodge and Roll","floor":23.0,"key":"SMITH"},{"data":"Venomology","floor":25,"key":"SMITH"},{"data":"Phantasmal Killer","floor":32,"key":"SMITH"},{"data":"Blind","floor":40,"key":"SMITH"}],"circlet_count":0,"master_deck":["AscendersBane","Strike_G","Strike_G","Strike_G","Strike_G","Strike_G","Defend_G+1","Defend_G","Defend_G","Defend_G+1","Survivor","Neutralize","Flying Knee+1","Masterful Stab","Blind+1","Footwork+1","Sucker Punch+1","Predator+1","Backstab","Phantasmal Killer+1","Dodge and Roll+1","Leg Sweep+1","Venomology+1","Dagger Spray","Adrenaline","All Out Attack+1","Blade Dance","Blur+1","Calculated Gamble+1"],"relics":["Ring of the Snake","Ornamental Fan","Regal Pillow","Bronze Scales","SacredBark","Enchiridion","CaptainsWheel","WingedGreaves","Anchor","Meat on the Bone","WristBlade","Potion Belt","Lee\u0027s Waffle","Smiling Mask"],"acts_visited":["Exordium","TheCity","TheBeyond"],"potions_floor_usage":[24,24,27,29,30,33,33,39,41,41,42,42,42,42,42],"damage_taken":[{"damage":0.0,"enemies":"Cultist","floor":1.0,"turns":4.0},{"damage":0.0,"enemies":"Jaw Worm","floor":2.0,"turns":5.0},{"damage":0.0,"enemies":"2 Louse","floor":4.0,"turns":3.0},{"damage":0.0,"enemies":"Blue Slaver","floor":7.0,"turns":2.0},{"damage":18.0,"enemies":"3 Sentries","floor":8.0,"turns":10.0},{"damage":6.0,"enemies":"Exordium Wildlife","floor":10.0,"turns":6.0},{"damage":33.0,"enemies":"Hexaghost","floor":16.0,"turns":15.0},{"damage":0.0,"enemies":"3 Byrds","floor":18.0,"turns":4.0},{"damage":0.0,"enemies":"Chosen","floor":22.0,"turns":4.0},{"damage":3,"enemies":"Slavers","floor":24,"turns":9},{"damage":8,"enemies":"3 Cultists","floor":27,"turns":7},{"damage":0,"enemies":"Gremlin Leader","floor":29,"turns":7},{"damage":2,"enemies":"Snake Plant","floor":30,"turns":5},{"damage":12,"enemies":"Automaton","floor":33,"turns":8},{"damage":0,"enemies":"Orb Walker","floor":35,"turns":2},{"damage":11,"enemies":"3 Darklings","floor":37,"turns":7},{"damage":52,"enemies":"Writhing Mass","floor":38,"turns":10},{"damage":0,"enemies":"Maw","floor":39,"turns":8},{"damage":24,"enemies":"Nemesis","floor":41,"turns":9},{"damage":35,"enemies":"Giant Head","floor":42,"turns":9}],"seed_played":"-2200084938700437891","potions_obtained":[{"floor":1.0,"key":"EntropicBrew"},{"floor":2.0,"key":"Fire Potion"},{"floor":16.0,"key":"DuplicationPotion"},{"floor":18.0,"key":"SpeedPotion"},{"floor":24,"key":"EssenceOfSteel"},{"floor":29,"key":"Dexterity Potion"},{"floor":38,"key":"LiquidMemories"},{"floor":41,"key":"Fire Potion"}],"is_trial":false,"path_per_floor":["M","M","$","M","T","R","M","E","T","M","R","?","R","?","R","B",null,"M","?","?","?","M","R","E","R","T","M","?","E","M","T","R","B",null,"M","$","M","M","M","R","E","E"],"character_chosen":"THE_SILENT","items_purchased":["Blind","Potion Belt","Lee\u0027s Waffle"],"campfire_rested":0,"item_purchase_floors":[3,36,36],"current_hp_per_floor":[63,63,63,63,63,63,63,60,60,54,54,59,59,59,59,26,63,63,47,72,72,72,72,69,69,69,61,61,61,59,59,59,47,68,68,82,71,31,43,43,31,0,0],"gold":314,"neow_bonus":"UPGRADE_CARD","is_daily":false,"chose_seed":false,"campfire_upgraded":8,"win_rate":0.0,"timestamp":1608307673,"path_taken":["M","M","?","M","?","R","M","E","T","?","R","?","R","?","R","BOSS","M","?","?","?","M","R","E","R","T","?","?","E","M","?","R","BOSS","M","$","M","M","M","R","E","E"],"items_purchased_type":["Card","Relic","Relic"],"build_version":"2020-12-13","purchased_purges":0,"victory":false,"max_hp_per_floor":[70,70,70,70,70,70,70,70,70,70,70,75,75,75,75,75,75,75,75,75,75,75,75,75,75,75,75,75,75,75,75,75,75,75,75,82,82,82,82,82,82,82,82],"card_choices":[{"not_picked":["Distraction","Prepared"],"picked":"Flying Knee","floor":1.0},{"not_picked":["Setup","Finisher"],"picked":"Masterful Stab","floor":2.0},{"not_picked":["Dodge and Roll","Bane"],"picked":"Footwork","floor":4.0},{"not_picked":["PiercingWail","Bane"],"picked":"Sucker Punch","floor":7.0},{"not_picked":["Dash","Flying Knee"],"picked":"Predator","floor":8.0},{"not_picked":["PiercingWail","Prepared"],"picked":"Backstab","floor":10.0},{"not_picked":["After Image","Unload"],"picked":"Phantasmal Killer","floor":16.0},{"not_picked":["Dagger Throw","Distraction"],"picked":"Dodge and Roll","floor":18.0},{"not_picked":["Dagger Spray","Dodge and Roll"],"picked":"Leg Sweep+1","floor":22.0},{"not_picked":["Escape Plan","Bouncing Flask"],"picked":"Venomology","floor":24},{"not_picked":["Prepared","Outmaneuver","Deflect"],"picked":"SKIP","floor":27},{"not_picked":["Underhanded Strike","Crippling Poison","Masterful Stab"],"picked":"SKIP","floor":29},{"not_picked":["Slice","PiercingWail"],"picked":"Dagger Spray","floor":30},{"not_picked":["Burst","Grand Finale"],"picked":"Adrenaline","floor":33},{"not_picked":["Quick Slash","Well Laid Plans","PiercingWail"],"picked":"SKIP","floor":35},{"not_picked":["Tactician","Bane"],"picked":"All Out Attack+1","floor":37},{"not_picked":["Cloak And Dagger","Dodge and Roll"],"picked":"Blade Dance","floor":38},{"not_picked":["Riddle With Holes+1","Dodge and Roll"],"picked":"Blur+1","floor":39},{"not_picked":["Bane+1","Slice"],"picked":"Calculated Gamble+1","floor":41}],"player_experience":573442,"relics_obtained":[{"floor":5.0,"key":"Ornamental Fan"},{"floor":8.0,"key":"Regal Pillow"},{"floor":9.0,"key":"Bronze Scales"},{"floor":19.0,"key":"Enchiridion"},{"floor":24,"key":"CaptainsWheel"},{"floor":26,"key":"WingedGreaves"},{"floor":29,"key":"Anchor"},{"floor":31,"key":"Meat on the Bone"},{"floor":41,"key":"Smiling Mask"}],"event_choices":[{"damage_healed":0.0,"max_hp_gain":5.0,"max_hp_loss":0.0,"gold_gain":0.0,"event_name":"Big Fish","player_choice":"Donut","floor":12.0,"gold_loss":0.0,"damage_taken":0.0},{"damage_healed":0.0,"max_hp_gain":0.0,"max_hp_loss":0.0,"gold_gain":0.0,"event_name":"Living Wall","player_choice":"Grow","floor":14.0,"gold_loss":0.0,"damage_taken":0.0,"cards_upgraded":["Defend_G"]},{"damage_healed":0.0,"max_hp_gain":0.0,"max_hp_loss":0.0,"gold_gain":0.0,"event_name":"Cursed Tome","player_choice":"Obtained Book","floor":19.0,"gold_loss":0.0,"damage_taken":16.0},{"damage_healed":25.0,"max_hp_gain":0.0,"max_hp_loss":0.0,"gold_gain":0.0,"event_name":"The Library","player_choice":"Heal","floor":20.0,"gold_loss":0.0,"damage_taken":0.0},{"cards_removed":["Defend_G"],"damage_healed":0.0,"max_hp_gain":0.0,"max_hp_loss":0.0,"gold_gain":0.0,"event_name":"Purifier","player_choice":"Purged","floor":21.0,"gold_loss":0.0,"damage_taken":0.0},{"damage_healed":0,"gold_gain":99,"player_choice":"Stole From Cult","damage_taken":0,"max_hp_gain":0,"max_hp_loss":0,"event_name":"Nest","floor":28,"gold_loss":0}],"is_beta":false,"boss_relics":[{"not_picked":["Runic Dome","Busted Crown"],"picked":"SacredBark"},{"not_picked":["Sozu","Empty Cage"],"picked":"WristBlade"}],"items_purged_floors":[],"is_endless":false,"potions_floor_spawned":[1,2,16,18,24,29,30,38,41],"killed_by":"Giant Head","ascension_level":13}}