{"host":"q9718omregw4er46","time":1608316747,"event":{"mods":["BaseMod","Bestiary","Colored Powertips","Custom Start","Highlight Path","Minty Spire (QoL Compilation)","Practice Mode","Quick Restart","Relic Stats"],"gold_per_floor":[119,394,109,129,141,141,173,191,269,284,312,328,363,378,378,378,378],"floor_reached":16,"playtime":662,"items_purged":["Regret"],"score":242,"play_id":"2c998112-19ca-4c32-9d4f-dc1d201b4a93","local_time":"20201218233907","is_ascension_mode":true,"campfire_choices":[{"data":"Go for the Eyes","floor":6,"key":"SMITH"},{"data":"Lockon","floor":15,"key":"SMITH"}],"circlet_count":0,"master_deck":["AscendersBane","Strike_B","Strike_B","Strike_B","Strike_B","Defend_B","Defend_B","Defend_B","Defend_B","Zap","Dualcast","Sweeping Beam","Go for the Eyes+1","Steam","Lockon+1","Glacier","White Noise","Genetic Algorithm","Core Surge"],"relics":["Cracked Core","Happy Flower","TheAbacus","Bird Faced Urn","Meat on the Bone","Regal Pillow","Strawberry"],"acts_visited":["Exordium"],"potions_floor_usage":[16],"damage_taken":[{"damage":2,"enemies":"Jaw Worm","floor":1,"turns":4},{"damage":0,"enemies":"Cultist","floor":4,"turns":4},{"damage":2,"enemies":"Small Slimes","floor":5,"turns":3},{"damage":25,"enemies":"Gremlin Nob","floor":7,"turns":4},{"damage":1,"enemies":"Exordium Thugs","floor":8,"turns":5},{"damage":6,"enemies":"Blue Slaver","floor":10,"turns":4},{"damage":9,"enemies":"3 Sentries","floor":11,"turns":5},{"damage":6,"enemies":"Large Slime","floor":12,"turns":5},{"damage":5,"enemies":"Lagavulin","floor":13,"turns":10},{"damage":4,"enemies":"3 Louse","floor":14,"turns":5},{"damage":49,"enemies":"Hexaghost","floor":16,"turns":9}],"seed_played":"5560704131972494044","potions_obtained":[{"floor":1,"key":"SkillPotion"},{"floor":8,"key":"AttackPotion"}],"is_trial":false,"path_per_floor":["M","?","$","M","M","R","E","M","T","M","E","M","E","M","R","B"],"character_chosen":"DEFECT","items_purchased":["TheAbacus","Go for the Eyes"],"campfire_rested":0,"item_purchase_floors":[3,3],"current_hp_per_floor":[62,62,62,62,60,60,35,34,34,40,45,45,49,47,47,0,0],"gold":378,"neow_bonus":"RANDOM_COMMON_RELIC","is_daily":false,"chose_seed":false,"campfire_upgraded":2,"win_rate":0.0,"timestamp":1608316747,"path_taken":["M","?","$","M","M","R","E","M","T","?","E","M","E","M","R","BOSS"],"items_purchased_type":["Relic","Card"],"build_version":"2020-12-13","purchased_purges":1,"victory":false,"max_hp_per_floor":[71,71,71,71,71,71,71,71,71,71,71,71,78,78,78,78,78],"relic_stats":{"Regal Pillow":0,"TheAbacus":[90],"Happy Flower":[19],"counters":[11,58],"Bird Faced Urn":[14],"obtain_stats":[{"Regal Pillow":11,"TheAbacus":3,"Happy Flower":0,"Bird Faced Urn":7,"Strawberry":13,"Cracked Core":0,"Meat on the Bone":9},{"Regal Pillow":7,"TheAbacus":1,"Happy Flower":0,"Bird Faced Urn":4,"Strawberry":9,"Cracked Core":0,"Meat on the Bone":5},{"Regal Pillow":29,"TheAbacus":4,"Happy Flower":0,"Bird Faced Urn":15,"Strawberry":44,"Cracked Core":0,"Meat on the Bone":20}],"Meat on the Bone":24},"card_choices":[{"not_picked":["Loop","Compile Driver"],"picked":"Sweeping Beam","floor":1},{"not_picked":["Leap","Gash"],"picked":"Steam","floor":4},{"not_picked":["Skim","Gash","Double Energy"],"picked":"SKIP","floor":5},{"not_picked":["Go for the Eyes","Recycle"],"picked":"Lockon","floor":7},{"not_picked":["Steam","Heatsinks"],"picked":"Glacier","floor":8},{"not_picked":["Compile Driver","Cold Snap"],"picked":"White Noise","floor":10},{"not_picked":["Cold Snap","Go for the Eyes","Turbo"],"picked":"SKIP","floor":11},{"not_picked":["Redo","Tempest","Force Field"],"picked":"SKIP","floor":12},{"not_picked":["Sweeping Beam","Turbo"],"picked":"Genetic Algorithm","floor":13},{"not_picked":["Compile Driver","Sweeping Beam"],"picked":"Core Surge","floor":14}],"player_experience":1045469,"relics_obtained":[{"floor":7,"key":"Bird Faced Urn"},{"floor":9,"key":"Meat on the Bone"},{"floor":11,"key":"Regal Pillow"},{"floor":13,"key":"Strawberry"}],"event_choices":[{"damage_healed":0,"gold_gain":275,"player_choice":"Desecrate","damage_taken":0,"max_hp_gain":0,"max_hp_loss":0,"event_name":"Golden Shrine","floor":2,"gold_loss":0,"cards_obtained":["Regret"]}],"is_beta":false,"boss_relics":[],"items_purged_floors":[3],"is_endless":false,"potions_floor_spawned":[1,8,11,13],"killed_by":"Hexaghost","ascension_level":19}}