{"host":"2461dio7vetlq1z3","time":1608271341,"event":{"mods":["2.2 Compatiblity","AchievementEnabler","BaseMod","Better Third Choice","Hermit","Minty Spire (QoL Compilation)","Relic Stats","Spicy Shops","StSLib","The Animator","Waifu the Spire"],"gold_per_floor":[118,118,118,141,166,166,12,55,55,55,55,55,95,120,120,209,209,222,222,47,47,66,66,66,66,66,90,123,123,142,182,182,182,182],"floor_reached":33,"playtime":1056,"items_purged":["Strike_G","Strike_G"],"score":538,"play_id":"50059a81-bb16-4f3c-a644-f134e861c1a1","local_time":"20201218070221","is_ascension_mode":true,"campfire_choices":[{"data":"Quick Slash","floor":6,"key":"SMITH"},{"data":"Glass Knife","floor":10,"key":"SMITH"},{"floor":12,"key":"REST"},{"data":"Caltrops","floor":15,"key":"SMITH"},{"floor":23,"key":"REST"},{"data":"Night Terror","floor":25,"key":"SMITH"},{"data":"Footwork","floor":32,"key":"SMITH"}],"circlet_count":0,"master_deck":["AscendersBane","Strike_G","Strike_G","Defend_G","Defend_G","Defend_G","Defend_G","Defend_G","Survivor","Neutralize","Dash","Quick Slash+1","Caltrops+1","Glass Knife+1","Calculated Gamble","Deflect","Night Terror+1","Necronomicurse","Skewer+1","Footwork+1","Deflect","Terror","Reflex","Bullet Time"],"relics":["Ring of the Snake","NeowsBlessing","Golden Idol","Pear","Bag of Preparation","Happy Flower","Philosopher\u0027s Stone","Necronomicon","Mummified Hand","Ancient Tea Set","Oddly Smooth Stone"],"acts_visited":["Exordium","TheCity"],"potions_floor_usage":[16,22,31,33],"damage_taken":[{"damage":0,"enemies":"Small Slimes","floor":1,"turns":1},{"damage":0,"enemies":"2 Louse","floor":4,"turns":1},{"damage":0,"enemies":"Cultist","floor":5,"turns":1},{"damage":19,"enemies":"Lagavulin","floor":8,"turns":8},{"damage":12,"enemies":"Gremlin Nob","floor":13,"turns":3},{"damage":6,"enemies":"Lots of Slimes","floor":14,"turns":3},{"damage":7,"enemies":"The Guardian","floor":16,"turns":9},{"damage":9,"enemies":"Chosen","floor":18,"turns":3},{"damage":0,"enemies":"3 Byrds","floor":22,"turns":4},{"damage":4,"enemies":"Cultist and Chosen","floor":27,"turns":3},{"damage":20,"enemies":"Slavers","floor":28,"turns":6},{"damage":11,"enemies":"Centurion and Healer","floor":30,"turns":5},{"damage":14,"enemies":"Book of Stabbing","floor":31,"turns":3},{"damage":54,"enemies":"Champ","floor":33,"turns":12}],"seed_played":"4181646496140198156","potions_obtained":[{"floor":13,"key":"AttackPotion"},{"floor":14,"key":"Strength Potion"},{"floor":16,"key":"Weak Potion"},{"floor":28,"key":"Explosive Potion"},{"floor":31,"key":"Weak Potion"}],"is_trial":false,"path_per_floor":["M","?","?","M","M","R","$","E","T","R","$","R","E","M","R","B",null,"M","?","$","?","M","R","?","R","T","M","E","?","M","E","R","B"],"character_chosen":"THE_SILENT","items_purchased":["Caltrops"],"campfire_rested":2,"item_purchase_floors":[7],"current_hp_per_floor":[59,36,36,36,36,36,36,27,27,27,27,49,37,31,31,24,63,54,33,33,33,33,55,55,55,55,51,31,76,65,51,51,0,0],"gold":182,"neow_bonus":"THREE_ENEMY_KILL","is_daily":false,"chose_seed":false,"campfire_upgraded":5,"win_rate":0.0,"timestamp":1608271341,"path_taken":["M","?","?","?","?","R","$","E","T","R","?","R","E","M","R","BOSS","M","?","$","?","M","R","?","R","T","M","E","?","?","E","R","BOSS"],"items_purchased_type":["Card"],"build_version":"2020-12-13","purchased_purges":2,"victory":false,"max_hp_per_floor":[66,66,66,66,66,66,66,76,76,76,76,76,76,76,76,76,76,76,76,76,76,76,76,76,76,76,76,76,76,76,76,76,76,76],"relic_stats":{"Happy Flower":[16],"counters":[14,62],"Golden Idol":81,"Mummified Hand":[16],"Bag of Preparation":[20],"Necronomicon":[14],"obtain_stats":[{"Pear":8,"NeowsBlessing":0,"Happy Flower":13,"Golden Idol":2,"Mummified Hand":26,"Oddly Smooth Stone":31,"Philosopher\u0027s Stone":17,"Bag of Preparation":9,"Necronomicon":19,"Ancient Tea Set":28,"Ring of the Snake":0},{"Pear":4,"NeowsBlessing":0,"Happy Flower":5,"Golden Idol":1,"Mummified Hand":9,"Oddly Smooth Stone":13,"Philosopher\u0027s Stone":7,"Bag of Preparation":4,"Necronomicon":8,"Ancient Tea Set":11,"Ring of the Snake":0},{"Pear":11,"NeowsBlessing":0,"Happy Flower":14,"Golden Idol":1,"Mummified Hand":33,"Oddly Smooth Stone":50,"Philosopher\u0027s Stone":26,"Bag of Preparation":11,"Necronomicon":29,"Ancient Tea Set":42,"Ring of the Snake":0}],"Ring of the Snake":[28]},"card_choices":[{"not_picked":["Outmaneuver","Dagger Spray"],"picked":"Dash","floor":1},{"not_picked":["Bane","Slice"],"picked":"Bouncing Flask","floor":4},{"not_picked":["Blade Dance","Acrobatics"],"picked":"Quick Slash","floor":5},{"not_picked":["Bane","Dodge and Roll"],"picked":"Glass Knife","floor":8},{"not_picked":["Blur","Masterful Stab"],"picked":"Calculated Gamble","floor":13},{"not_picked":["Prepared","Predator"],"picked":"Deflect","floor":14},{"not_picked":["Die Die Die","Unload"],"picked":"Night Terror","floor":16},{"not_picked":["Riddle With Holes","Infinite Blades","Bane"],"picked":"SKIP","floor":18},{"not_picked":["Tactician","Flying Knee+1"],"picked":"Skewer+1","floor":22},{"not_picked":["Blade Dance","Dodge and Roll"],"picked":"Deflect","floor":27},{"not_picked":["Backflip","Slice"],"picked":"Terror","floor":28},{"not_picked":["Catalyst+1","Endless Agony"],"picked":"Reflex","floor":30},{"not_picked":["Quick Slash","Masterful Stab"],"picked":"Bullet Time","floor":31}],"player_experience":792580,"relics_obtained":[{"floor":8,"key":"Pear"},{"floor":9,"key":"Bag of Preparation"},{"floor":13,"key":"Happy Flower"},{"floor":19,"key":"Necronomicon"},{"floor":26,"key":"Mummified Hand"},{"floor":28,"key":"Ancient Tea Set"},{"floor":31,"key":"Oddly Smooth Stone"}],"event_choices":[{"damage_healed":0,"gold_gain":0,"player_choice":"Take Damage","damage_taken":23,"relics_obtained":["Golden Idol"],"max_hp_gain":0,"max_hp_loss":0,"event_name":"Golden Idol","floor":2,"gold_loss":0},{"cards_removed":["Strike_G"],"damage_healed":0,"gold_gain":0,"player_choice":"Purged","damage_taken":0,"max_hp_gain":0,"max_hp_loss":0,"event_name":"Purifier","floor":3,"gold_loss":0},{"damage_healed":0,"gold_gain":0,"player_choice":"Obtained Book","damage_taken":21,"max_hp_gain":0,"max_hp_loss":0,"event_name":"Cursed Tome","floor":19,"gold_loss":0},{"damage_healed":0,"gold_gain":0,"player_choice":"Read","damage_taken":0,"max_hp_gain":0,"max_hp_loss":0,"event_name":"The Library","floor":24,"gold_loss":0,"cards_obtained":["Footwork"]},{"cards_removed":["Bouncing Flask"],"damage_healed":45,"gold_gain":0,"player_choice":"Offered Uncommon","damage_taken":0,"max_hp_gain":0,"max_hp_loss":0,"event_name":"Bonfire Elementals","floor":29,"gold_loss":0}],"is_beta":false,"boss_relics":[{"not_picked":["WristBlade","Cursed Key"],"picked":"Philosopher\u0027s Stone"}],"items_purged_floors":[20,20],"is_endless":false,"potions_floor_spawned":[13,14,16,28,30,31],"killed_by":"Champ","ascension_level":17}}