{"host":"6azrrw3tf7wb0f4b","time":1608266281,"event":{"mods":["BaseMod","DeckTracker","Minty Spire (QoL Compilation)","SuperFastMode"],"gold_per_floor":[113,130,146,146,166,166,229,229,529,546,546,546,546,574,574,574,574],"floor_reached":16,"playtime":323,"items_purged":[],"score":135,"play_id":"de993012-97de-49d8-8b17-fc648f72f06e","local_time":"20201218133801","is_ascension_mode":true,"campfire_choices":[{"data":"Dualcast","floor":6.0,"key":"SMITH"},{"data":"Redo","floor":8.0,"key":"SMITH"},{"data":"Zap","floor":11.0,"key":"SMITH"},{"floor":15,"key":"REST"}],"circlet_count":0,"master_deck":["Strike_B","Strike_B","Strike_B","Strike_B","Defend_B","Defend_B","Defend_B","Defend_B","Zap+1","Dualcast+1","Trip","Sweeping Beam","Conserve Battery","Compile Driver","Undo","Redo+1","Ball Lightning","Cold Snap"],"relics":["Cracked Core","Darkstone Periapt","Lantern","Old Coin","Mummified Hand","Unceasing Top","DataDisk"],"acts_visited":["Exordium"],"potions_floor_usage":[14],"damage_taken":[{"damage":1.0,"enemies":"Cultist","floor":1.0,"turns":4.0},{"damage":3.0,"enemies":"2 Louse","floor":2.0,"turns":4.0},{"damage":0.0,"enemies":"Small Slimes","floor":3.0,"turns":2.0},{"damage":7.0,"enemies":"Looter","floor":5.0,"turns":3.0},{"damage":14.0,"enemies":"3 Sentries","floor":7.0,"turns":8.0},{"damage":13.0,"enemies":"Lots of Slimes","floor":10.0,"turns":3.0},{"damage":10,"enemies":"Gremlin Nob","floor":14,"turns":3},{"damage":27,"enemies":"The Guardian","floor":16,"turns":8}],"seed_played":"4923200119821227058","potions_obtained":[{"floor":1.0,"key":"SpeedPotion"},{"floor":5.0,"key":"BlessingOfTheForge"},{"floor":7.0,"key":"EssenceOfSteel"}],"is_trial":false,"path_per_floor":["M","M","M","T","M","R","?","R","T","M","R","?","?","E","R","B"],"character_chosen":"DEFECT","items_purchased":[],"campfire_rested":1,"item_purchase_floors":[],"current_hp_per_floor":[67,64,64,64,57,57,43,43,43,30,30,12,12,2,24,0,0],"gold":574,"neow_bonus":"RANDOM_COLORLESS","is_daily":false,"chose_seed":false,"campfire_upgraded":3,"win_rate":0.0,"timestamp":1608266281,"path_taken":["M","M","M","?","M","R","?","R","T","M","R","?","?","E","R","BOSS"],"items_purchased_type":[],"build_version":"2020-12-13","purchased_purges":0,"victory":false,"max_hp_per_floor":[75,75,75,75,75,75,75,75,75,75,75,75,75,75,75,75,75],"card_choices":[{"not_picked":["Swift Strike","Madness"],"picked":"Trip","floor":0.0},{"not_picked":["Go for the Eyes","Storm"],"picked":"Sweeping Beam","floor":1.0},{"not_picked":["Coolheaded","Genetic Algorithm"],"picked":"Conserve Battery","floor":2.0},{"not_picked":["Chill","Reboot"],"picked":"Compile Driver","floor":3.0},{"not_picked":["Sweeping Beam","Gash"],"picked":"Undo","floor":5.0},{"not_picked":["Turbo","Barrage"],"picked":"Redo","floor":7.0},{"not_picked":["Aggregate","Coolheaded"],"picked":"Ball Lightning","floor":10.0},{"not_picked":["Coolheaded","Barrage"],"picked":"Cold Snap","floor":14}],"player_experience":606020,"relics_obtained":[{"floor":4.0,"key":"Darkstone Periapt"},{"floor":7.0,"key":"Lantern"},{"floor":9.0,"key":"Old Coin"},{"floor":14,"key":"DataDisk"}],"event_choices":[{"damage_healed":0.0,"max_hp_gain":0.0,"max_hp_loss":0.0,"gold_gain":0.0,"event_name":"Dead Adventurer","player_choice":"Searched \u00271\u0027 times","floor":7.0,"gold_loss":0.0,"damage_taken":0.0},{"damage_healed":0.0,"max_hp_gain":0.0,"max_hp_loss":0.0,"gold_gain":0.0,"event_name":"Scrap Ooze","player_choice":"Success","floor":12.0,"gold_loss":0.0,"damage_taken":18.0,"relics_obtained":["Mummified Hand"]},{"damage_healed":0.0,"max_hp_gain":0.0,"max_hp_loss":0.0,"gold_gain":0.0,"event_name":"WeMeetAgain","player_choice":"Gave Potion","floor":13.0,"gold_loss":0.0,"damage_taken":0.0,"relics_obtained":["Unceasing Top"]}],"is_beta":false,"boss_relics":[],"items_purged_floors":[],"is_endless":false,"potions_floor_spawned":[1,5,7],"killed_by":"The Guardian","ascension_level":7}}