{"host":"2e3z4r48quhw80cc","time":1608270309,"event":{"mods":["BaseMod","Minty Spire (QoL Compilation)","Quick Restart","StSLib","SuperFastMode"],"gold_per_floor":[112,112,124,124,150,169,169,194,194,222,234,248,258,273,273,371,371,387,387,387,399,399,399,399],"floor_reached":23,"playtime":689,"items_purged":[],"score":233,"play_id":"224b8bd5-0bbf-422f-ab21-390a20574403","local_time":"20201218144509","is_ascension_mode":true,"campfire_choices":[{"data":"Bash","floor":7.0,"key":"SMITH"},{"data":"Armaments","floor":15.0,"key":"SMITH"}],"circlet_count":0,"master_deck":["Strike_R","Strike_R","Strike_R","Defend_R","Defend_R","Defend_R","Defend_R","Bash+1","Offering","Twin Strike","Twin Strike","Rampage","Armaments+1","Spot Weakness","Pommel Strike","Shrug It Off","Barricade","Entrench","Necronomicurse"],"relics":["Burning Blood","PreservedInsect","Lantern","Peace Pipe","Question Card","SacredBark","Necronomicon"],"acts_visited":["Exordium","TheCity"],"potions_floor_usage":[23],"damage_taken":[{"damage":8.0,"enemies":"Jaw Worm","floor":1.0,"turns":3.0},{"damage":9.0,"enemies":"Small Slimes","floor":3.0,"turns":2.0},{"damage":7.0,"enemies":"2 Louse","floor":6.0,"turns":3.0},{"damage":21.0,"enemies":"3 Sentries","floor":8.0,"turns":6.0},{"damage":23.0,"enemies":"Lagavulin","floor":10.0,"turns":6.0},{"damage":6.0,"enemies":"Blue Slaver","floor":11.0,"turns":3.0},{"damage":6.0,"enemies":"Lots of Slimes","floor":12.0,"turns":1.0},{"damage":6.0,"enemies":"3 Louse","floor":13.0,"turns":2.0},{"damage":6.0,"enemies":"Exordium Wildlife","floor":14.0,"turns":3.0},{"damage":36.0,"enemies":"The Guardian","floor":16.0,"turns":11.0},{"damage":42.0,"enemies":"Spheric Guardian","floor":18.0,"turns":8.0},{"damage":23.0,"enemies":"Chosen","floor":21.0,"turns":5.0},{"damage":2,"enemies":"Slavers","floor":23,"turns":2}],"seed_played":"-3096447819320871112","potions_obtained":[{"floor":1.0,"key":"Explosive Potion"},{"floor":3.0,"key":"DistilledChaos"},{"floor":11.0,"key":"CultistPotion"},{"floor":12.0,"key":"BloodPotion"},{"floor":13.0,"key":"Strength Potion"}],"is_trial":false,"path_per_floor":["M","?","M","?","T","M","R","E","T","E","M","M","M","M","R","B",null,"M","?","?","M","?","E"],"character_chosen":"IRONCLAD","items_purchased":[],"campfire_rested":0,"item_purchase_floors":[],"current_hp_per_floor":[70,70,67,60,60,59,59,44,44,27,27,27,41,41,41,11,72,36,36,36,19,3,1,1],"gold":399,"neow_bonus":"THREE_RARE_CARDS","is_daily":false,"chose_seed":false,"campfire_upgraded":2,"win_rate":0.0,"timestamp":1608270309,"path_taken":["M","?","M","?","?","M","R","E","T","E","?","M","M","M","R","BOSS","M","?","?","?","?","E"],"items_purchased_type":[],"build_version":"2020-12-13","purchased_purges":0,"victory":false,"max_hp_per_floor":[72,72,72,72,72,72,72,72,72,72,72,72,72,72,72,72,72,72,72,72,72,72,72,72],"card_choices":[{"not_picked":["Juggernaut","Exhume"],"picked":"Offering","floor":0.0},{"not_picked":["Bloodletting","Thunderclap"],"picked":"Twin Strike","floor":1.0},{"not_picked":["Perfected Strike","Dual Wield"],"picked":"Twin Strike","floor":3.0},{"not_picked":["Uppercut","Headbutt"],"picked":"Rampage","floor":6.0},{"not_picked":["Offering","Corruption"],"picked":"Armaments","floor":8.0},{"not_picked":["Perfected Strike","Armaments","Twin Strike"],"picked":"SKIP","floor":10.0},{"not_picked":["Rampage","Heavy Blade","Dropkick"],"picked":"Spot Weakness","floor":11.0},{"not_picked":["Spot Weakness","Clothesline","Rampage","Reckless Charge"],"picked":"SKIP","floor":12.0},{"not_picked":["Sever Soul","Perfected Strike","Armaments"],"picked":"Pommel Strike","floor":13.0},{"not_picked":["Pommel Strike","Flex","Body Slam"],"picked":"Shrug It Off","floor":14.0},{"not_picked":["Exhume","Berserk","Brutality"],"picked":"Barricade","floor":16.0},{"not_picked":["Pommel Strike+1","Armaments","Cleave","Warcry"],"picked":"SKIP","floor":18.0},{"not_picked":["Thunderclap","Perfected Strike","Uppercut","Clash"],"picked":"SKIP","floor":21.0}],"player_experience":74831,"relics_obtained":[{"floor":5.0,"key":"PreservedInsect"},{"floor":8.0,"key":"Lantern"},{"floor":9.0,"key":"Peace Pipe"},{"floor":10.0,"key":"Question Card"},{"floor":22.0,"key":"Necronomicon"}],"event_choices":[{"cards_removed":["Strike_R"],"damage_healed":0.0,"max_hp_gain":0.0,"max_hp_loss":0.0,"gold_gain":0.0,"event_name":"Living Wall","player_choice":"Forget","floor":2.0,"gold_loss":0.0,"damage_taken":0.0},{"cards_removed":["Strike_R"],"damage_healed":0.0,"max_hp_gain":0.0,"max_hp_loss":0.0,"gold_gain":0.0,"event_name":"Golden Wing","player_choice":"Card Removal","floor":4.0,"gold_loss":0.0,"damage_taken":7.0},{"damage_healed":0.0,"max_hp_gain":0.0,"max_hp_loss":0.0,"gold_gain":0.0,"event_name":"The Library","player_choice":"Read","floor":19.0,"gold_loss":0.0,"damage_taken":0.0,"cards_obtained":["Entrench"]},{"damage_healed":0.0,"max_hp_gain":0.0,"max_hp_loss":0.0,"gold_gain":0.0,"event_name":"Lab","player_choice":"Got Potions","floor":20.0,"gold_loss":0.0,"damage_taken":0.0},{"damage_healed":0.0,"max_hp_gain":0.0,"max_hp_loss":0.0,"gold_gain":0.0,"event_name":"Cursed Tome","player_choice":"Obtained Book","floor":22.0,"gold_loss":0.0,"damage_taken":16.0}],"is_beta":false,"boss_relics":[{"not_picked":["Runic Pyramid","Astrolabe"],"picked":"SacredBark"}],"items_purged_floors":[],"is_endless":false,"potions_floor_spawned":[1,3,11,12,13,16,18],"killed_by":"Slavers","ascension_level":3}}