{"host":"poshtwjux72eqzmy","time":1608331938,"event":{"mods":["BaseMod","Bestiary","Block Reminder","Colored Powertips","Highlight Path","Minty Spire (QoL Compilation)","Quick Restart","Relic Stats","ojb\u0027s Info Mod"],"gold_per_floor":[114,133,133,133,58,89,89,118,143,143,42,53,87,101,101,180,180,194,209,9,29,44,44,69,19,19,19,39,2,102,130,130,206,206,216,47,47,61,110,145,164,164,211,211,223,223,234,261,261,261,261,261,261,95,129,129],"floor_reached":57,"playtime":4517,"items_purged":["Pain"],"score":2736,"play_id":"8e79dd71-7802-4a92-b821-79c73a6206a9","local_time":"20201219005218","is_ascension_mode":true,"campfire_choices":[{"data":"Perfected Strike","floor":7.0,"key":"SMITH"},{"data":"Whirlwind","floor":10.0,"key":"SMITH"},{"data":"Shockwave","floor":15.0,"key":"SMITH"},{"data":"Barricade","floor":23.0,"key":"SMITH"},{"data":"Entrench","floor":27.0,"key":"SMITH"},{"data":"Blood for Blood","floor":32.0,"key":"SMITH"},{"data":"Offering","floor":42.0,"key":"SMITH"},{"floor":44.0,"key":"RECALL"},{"data":"Evolve","floor":49.0,"key":"SMITH"},{"data":"Pommel Strike","floor":53.0,"key":"SMITH"}],"circlet_count":0,"master_deck":["AscendersBane","Strike_R","Strike_R","Strike_R","Strike_R","Strike_R","Defend_R","Defend_R+1","Defend_R","Defend_R+1","Bash","Blood for Blood+1","Perfected Strike+1","Twin Strike","Whirlwind+1","Good Instincts","Rage","Shockwave+1","Ghostly Armor","Barricade+1","Twin Strike+1","Shrug It Off","Entrench+1","Impervious","Body Slam","Spot Weakness","Offering+1","Evolve+1","True Grit+1","Pommel Strike+1","Reaper","Battle Trance","Entrench"],"relics":["Burning Blood","Happy Flower","WarpedTongs","Boot","War Paint","Akabeko","Bottled Lightning","Coffee Dripper","Blood Vial","Paper Frog","Meat on the Bone","Gambling Chip","Ornamental Fan","Bronze Scales","Cursed Key","Omamori","Champion Belt","Du-Vu Doll","HornCleat","Toy Ornithopter"],"acts_visited":["Exordium","TheCity","TheBeyond","TheEnding"],"potions_floor_usage":[56],"damage_taken":[{"damage":4.0,"enemies":"2 Louse","floor":1.0,"turns":5.0},{"damage":2.0,"enemies":"Cultist","floor":2.0,"turns":4.0},{"damage":16.0,"enemies":"3 Sentries","floor":6.0,"turns":6.0},{"damage":30.0,"enemies":"Gremlin Nob","floor":8.0,"turns":4.0},{"damage":0.0,"enemies":"Small Slimes","floor":12.0,"turns":4.0},{"damage":11.0,"enemies":"Lagavulin","floor":13.0,"turns":6.0},{"damage":8.0,"enemies":"Looter","floor":14.0,"turns":4.0},{"damage":11.0,"enemies":"The Guardian","floor":16.0,"turns":10.0},{"damage":12.0,"enemies":"Shell Parasite","floor":18.0,"turns":7.0},{"damage":16.0,"enemies":"2 Thieves","floor":19.0,"turns":3.0},{"damage":0.0,"enemies":"Centurion and Healer","floor":21.0,"turns":6.0},{"damage":0.0,"enemies":"3 Cultists","floor":22.0,"turns":1.0},{"damage":23.0,"enemies":"Book of Stabbing","floor":24.0,"turns":5.0},{"damage":13.0,"enemies":"Snake Plant","floor":28.0,"turns":6.0},{"damage":0.0,"enemies":"Colosseum Slavers","floor":30.0,"turns":1.0},{"damage":24.0,"enemies":"Colosseum Nobs","floor":30.0,"turns":4.0},{"damage":3.0,"enemies":"Gremlin Leader","floor":31.0,"turns":7.0},{"damage":20.0,"enemies":"Champ","floor":33.0,"turns":14.0},{"damage":4.0,"enemies":"Orb Walker","floor":35.0,"turns":3.0},{"damage":0.0,"enemies":"3 Darklings","floor":38.0,"turns":1.0},{"damage":9.0,"enemies":"2 Orb Walkers","floor":39.0,"turns":3.0},{"damage":9.0,"enemies":"Reptomancer","floor":40.0,"turns":7.0},{"damage":9.0,"enemies":"Maw","floor":41.0,"turns":4.0},{"damage":6.0,"enemies":"Spire Growth","floor":45.0,"turns":4.0},{"damage":6.0,"enemies":"Sphere and 2 Shapes","floor":47.0,"turns":3.0},{"damage":6.0,"enemies":"Nemesis","floor":48.0,"turns":6.0},{"damage":35.0,"enemies":"Awakened One","floor":50.0,"turns":12.0},{"damage":28.0,"enemies":"Donu and Deca","floor":51.0,"turns":12.0},{"damage":32.0,"enemies":"Shield and Spear","floor":55.0,"turns":6.0},{"damage":113,"enemies":"The Heart","floor":56,"turns":9}],"seed_played":"-4140882212083025949","potions_obtained":[{"floor":1.0,"key":"Fruit Juice"},{"floor":2.0,"key":"SteroidPotion"},{"floor":12.0,"key":"AttackPotion"},{"floor":14.0,"key":"SteroidPotion"},{"floor":19.0,"key":"SpeedPotion"},{"floor":21.0,"key":"FairyPotion"},{"floor":39.0,"key":"SteroidPotion"},{"floor":41.0,"key":"Weak Potion"},{"floor":47.0,"key":"LiquidBronze"}],"is_trial":false,"path_per_floor":["M","M","?","?","$","E","R","E","T","R","$","M","E","M","R","B",null,"M","M","$","M","M","R","E","$","T","R","M","$","?","E","R","B",null,"M","$","?","M","?","E","M","R","T","R","M","?","M","E","R","B","B",null,"R","$","E","B",null],"character_chosen":"IRONCLAD","items_purchased":["Good Instincts","Shrug It Off","Blood Vial","Shrug It Off","Spot Weakness","Omamori","Battle Trance","Entrench"],"campfire_rested":0,"item_purchase_floors":[11,20,20,25,29,36,54,54],"current_hp_per_floor":[70,74,74,74,74,64,64,40,40,40,40,46,41,39,39,34,65,59,49,49,62,70,70,55,55,55,55,50,50,54,59,59,47,72,76,76,76,76,73,72,71,71,71,71,73,73,75,76,76,59,66,74,74,74,64,36],"gold":129,"neow_bonus":"RANDOM_COMMON_RELIC","is_daily":false,"chose_seed":false,"campfire_upgraded":9,"win_rate":0.0,"timestamp":1608331938,"path_taken":["M","M","?","?","$","E","R","E","T","R","$","M","E","M","R","BOSS","M","M","$","M","M","R","E","$","T","R","M","$","?","E","R","BOSS","M","$","?","M","?","E","M","R","T","R","M","?","M","E","R","BOSS","BOSS","R","$","E","BOSS"],"items_purchased_type":["Card","Card","Relic","Card","Card","Relic","Card","Card"],"build_version":"2020-12-13","purchased_purges":1,"victory":true,"max_hp_per_floor":[75,75,75,75,75,75,75,75,75,75,75,75,75,75,75,75,75,75,75,75,80,80,80,80,80,80,80,80,80,80,80,80,80,80,80,80,76,76,76,76,76,76,76,76,76,76,76,76,76,76,76,76,76,76,76,76],"relic_stats":{"Happy Flower":[55],"counters":[30,167],"War Paint":["Defend_R","Defend_R"],"Boot":[54],"Cursed Key":1,"Burning Blood":174,"WarpedTongs":[158],"Blood Vial":33,"Ornamental Fan":[92],"Gambling Chip":[43],"Bronze Scales":[353],"Champion Belt":[19],"obtain_stats":[{"Happy Flower":0,"Omamori":36,"War Paint":8,"Boot":6,"Cursed Key":34,"Burning Blood":0,"Akabeko":9,"WarpedTongs":4,"Blood Vial":20,"Du-Vu Doll":40,"HornCleat":48,"Ornamental Fan":30,"Gambling Chip":30,"Bronze Scales":31,"Coffee Dripper":17,"Bottled Lightning":13,"Champion Belt":39,"Toy Ornithopter":55,"Paper Frog":24,"Meat on the Bone":26},{"Happy Flower":0,"Omamori":19,"War Paint":4,"Boot":3,"Cursed Key":18,"Burning Blood":0,"Akabeko":4,"WarpedTongs":2,"Blood Vial":10,"Du-Vu Doll":22,"HornCleat":26,"Ornamental Fan":16,"Gambling Chip":16,"Bronze Scales":17,"Coffee Dripper":8,"Bottled Lightning":6,"Champion Belt":21,"Toy Ornithopter":29,"Paper Frog":13,"Meat on the Bone":13},{"Happy Flower":0,"Omamori":100,"War Paint":19,"Boot":15,"Cursed Key":97,"Burning Blood":0,"Akabeko":19,"WarpedTongs":9,"Blood Vial":53,"Du-Vu Doll":111,"HornCleat":128,"Ornamental Fan":76,"Gambling Chip":76,"Bronze Scales":83,"Coffee Dripper":43,"Bottled Lightning":29,"Champion Belt":104,"Toy Ornithopter":158,"Paper Frog":65,"Meat on the Bone":65}],"Toy Ornithopter":5,"Meat on the Bone":24},"card_choices":[{"not_picked":["Warcry","Entrench"],"picked":"Blood for Blood","floor":1.0},{"not_picked":["Iron Wave","Bloodletting"],"picked":"Perfected Strike","floor":2.0},{"not_picked":["Armaments","Rage"],"picked":"Twin Strike","floor":6.0},{"not_picked":["Hemokinesis","Clash"],"picked":"Whirlwind","floor":8.0},{"not_picked":["Armaments","Thunderclap"],"picked":"Rage","floor":12.0},{"not_picked":["Entrench","Cleave"],"picked":"Shockwave","floor":13.0},{"not_picked":["Dropkick","Perfected Strike"],"picked":"Ghostly Armor","floor":14.0},{"not_picked":["Impervious","Reaper"],"picked":"Barricade","floor":16.0},{"not_picked":["Clash","Rampage","Second Wind"],"picked":"SKIP","floor":18.0},{"not_picked":["Body Slam","Clothesline"],"picked":"Twin Strike+1","floor":19.0},{"not_picked":["Body Slam","Pommel Strike"],"picked":"Entrench","floor":21.0},{"not_picked":["Flex","Dark Embrace","Feel No Pain"],"picked":"SKIP","floor":22.0},{"not_picked":["Reckless Charge","Wild Strike+1"],"picked":"Impervious","floor":24.0},{"not_picked":["Thunderclap","Dark Embrace"],"picked":"Body Slam","floor":28.0},{"not_picked":["Sever Soul","Twin Strike","Power Through"],"picked":"SKIP","floor":31.0},{"not_picked":["Barricade","Exhume"],"picked":"Offering","floor":33.0},{"not_picked":["Shockwave","Headbutt","Cleave"],"picked":"SKIP","floor":35.0},{"not_picked":["Spot Weakness","Thunderclap","Sever Soul"],"picked":"SKIP","floor":38.0},{"not_picked":["Searing Blow","Thunderclap","Sword Boomerang"],"picked":"SKIP","floor":40.0},{"not_picked":["Rampage","Twin Strike"],"picked":"Evolve","floor":41.0},{"not_picked":["Ghostly Armor+1","Iron Wave"],"picked":"True Grit+1","floor":45.0},{"not_picked":["Headbutt","Anger"],"picked":"Pommel Strike","floor":47.0},{"not_picked":["Power Through","Clothesline+1"],"picked":"Reaper","floor":48.0},{"not_picked":["Thunderclap+1","Clash+1","Perfected Strike+1"],"picked":"SKIP","floor":55.0}],"player_experience":968568,"relics_obtained":[{"floor":6.0,"key":"Boot"},{"floor":8.0,"key":"War Paint"},{"floor":9.0,"key":"Akabeko"},{"floor":13.0,"key":"Bottled Lightning"},{"floor":24.0,"key":"Paper Frog"},{"floor":26.0,"key":"Meat on the Bone"},{"floor":30.0,"key":"Gambling Chip"},{"floor":30.0,"key":"Ornamental Fan"},{"floor":31.0,"key":"Bronze Scales"},{"floor":39.0,"key":"Champion Belt"},{"floor":40.0,"key":"Du-Vu Doll"},{"floor":48.0,"key":"HornCleat"},{"floor":55.0,"key":"Toy Ornithopter"}],"event_choices":[{"damage_healed":0.0,"max_hp_gain":0.0,"max_hp_loss":0.0,"gold_gain":0.0,"event_name":"The Cleric","player_choice":"Leave","floor":3.0,"gold_loss":0.0,"damage_taken":0.0},{"damage_healed":0.0,"max_hp_gain":0.0,"max_hp_loss":0.0,"gold_gain":0.0,"event_name":"Accursed Blacksmith","player_choice":"Rummage","floor":4.0,"gold_loss":0.0,"damage_taken":0.0,"relics_obtained":["WarpedTongs"],"cards_obtained":["Pain"]},{"damage_healed":0.0,"max_hp_gain":0.0,"max_hp_loss":0.0,"gold_gain":0.0,"event_name":"Colosseum","player_choice":"Fight","floor":30.0,"gold_loss":0.0,"damage_taken":0.0},{"damage_healed":0.0,"max_hp_gain":0.0,"max_hp_loss":0.0,"gold_gain":0.0,"event_name":"Colosseum","player_choice":"Fought Nobs","floor":30.0,"gold_loss":0.0,"damage_taken":0.0},{"damage_healed":0.0,"max_hp_gain":0.0,"max_hp_loss":4.0,"gold_gain":0.0,"event_name":"Winding Halls","player_choice":"Max HP","floor":37.0,"gold_loss":0.0,"damage_taken":0.0},{"damage_healed":0.0,"max_hp_gain":0.0,"max_hp_loss":0.0,"gold_gain":0.0,"event_name":"Mysterious Sphere","player_choice":"Fight","floor":39.0,"gold_loss":0.0,"damage_taken":0.0},{"cards_removed":["Shrug It Off"],"damage_healed":0.0,"max_hp_gain":0.0,"max_hp_loss":0.0,"gold_gain":0.0,"event_name":"Falling","player_choice":"Removed Skill","floor":46.0,"gold_loss":0.0,"damage_taken":0.0}],"is_beta":false,"boss_relics":[{"not_picked":["Runic Pyramid","Sozu"],"picked":"Coffee Dripper"},{"not_picked":["Snecko Eye","Black Star"],"picked":"Cursed Key"}],"items_purged_floors":[5],"is_endless":false,"potions_floor_spawned":[1,2,12,14,19,21,24,28,35,39,41,47,48],"ascension_level":20}}