{"host":"0fm1w3v00gid44jl","time":1608307336,"event":{"mods":["AchievementEnabler","BaseMod","Colored Map","Colored Powertips","Displayed Cursed Tome","Downfall","Googly Eyes","Highlight Path","Minty Spire (QoL Compilation)","Permanent Neow","Relic Stats","StSLib","SuperFastMode","slay the spire mod where everything is the same but ironclad has a cowboy hat"],"gold_per_floor":[99,133,133,133,133,133,181,196,206,239,256,706,227,227,247,345,345,345,345,345,360,360,379,447,478,478,478],"floor_reached":26,"playtime":1137,"items_purged":["Regret"],"score":257,"play_id":"bcd7137a-dedf-4816-b2de-77e5f66c727a","local_time":"20201218100216","is_ascension_mode":false,"campfire_choices":[{"data":"champ:ShieldThrow","floor":1,"key":"SMITH"},{"data":"champ:DefensiveShout","floor":4,"key":"SMITH"},{"data":"champ:Taunt","floor":18,"key":"SMITH"},{"data":"champ:FalseCounter","floor":20,"key":"SMITH"}],"circlet_count":0,"master_deck":["champ:Strike","champ:Strike","champ:Strike+1","champ:Strike","champ:Defend+1","champ:Defend","champ:Defend","champ:Defend+1","champ:Execute","champ:Taunt+1","champ:ShieldThrow+1","champ:DefensiveShout+1","champ:Balance","champ:Circumvent","champ:FlashCut+1","champ:FlashCut","champ:BladeFlurry","champ:CrownThrow","champ:FalseCounter+1","champ:VampiricStrike+1","RitualDagger","champ:DefensiveShout","Ghostly","Ghostly","Ghostly","Ghostly","Ghostly","champ:ShieldWall","champ:TornadoPunch"],"relics":["champ:ChampionCrown","HornCleat","Bottled Flame","Ancient Tea Set","Pantograph","Mercury Hourglass","Empty Cage","Whetstone"],"acts_visited":["Exordium","TheCity"],"potions_floor_usage":[16],"damage_taken":[{"damage":17,"enemies":"Gremlin Nob","floor":2,"turns":5},{"damage":6,"enemies":"Small Slimes","floor":8,"turns":4},{"damage":7,"enemies":"Jaw Worm","floor":9,"turns":2},{"damage":20,"enemies":"3 Sentries","floor":10,"turns":8},{"damage":5,"enemies":"Cultist","floor":11,"turns":2},{"damage":2,"enemies":"downfall:FleeingMerchant","floor":13,"turns":4},{"damage":8,"enemies":"Exordium Thugs","floor":15,"turns":3},{"damage":78,"enemies":"downfall:Silent","floor":16,"turns":10},{"damage":0,"enemies":"Shell Parasite","floor":21,"turns":3},{"damage":4,"enemies":"Snecko","floor":23,"turns":7},{"damage":7,"enemies":"Book of Stabbing","floor":25,"turns":8},{"damage":1,"enemies":"Centurion and Healer","floor":26,"turns":5}],"seed_played":"7552490877553884103","potions_obtained":[{"floor":2,"key":"SkillPotion"},{"floor":8,"key":"LiquidMemories"},{"floor":15,"key":"BlessingOfTheForge"},{"floor":23,"key":"champ:TechniquePotion"}],"is_trial":false,"path_per_floor":["R","E","?","R","?","T","T","M","M","E","M","?","$","?","M","B",null,"R","?","R","M","?","M","T","E","M"],"character_chosen":"THE_CHAMP","items_purchased":["champ:CrownThrow","champ:FalseCounter","Mercury Hourglass"],"campfire_rested":0,"item_purchase_floors":[13,13,13],"current_hp_per_floor":[90,83,83,83,83,83,83,82,80,65,65,65,63,63,55,8,90,90,84,84,84,45,41,41,39,45,45],"gold":478,"neow_bonus":"ONE_RANDOM_RARE_CARD","is_daily":false,"chose_seed":false,"campfire_upgraded":4,"win_rate":0.0,"timestamp":1608307336,"path_taken":["R","E","?","R","?","?","T","M","M","E","?","?","$","?","M","BOSS","R","?","R","M","?","M","T","E","M"],"items_purchased_type":["Card","Card","Relic"],"build_version":"2020-12-13","purchased_purges":1,"victory":false,"max_hp_per_floor":[90,90,90,90,90,90,90,90,90,90,90,90,90,90,90,90,90,90,90,90,90,45,45,45,45,45,45],"relic_stats":{"counters":[12,61],"Pantograph":25,"Whetstone":["champ:FlashCut","champ:VampiricStrike"],"obtain_stats":[{"Bottled Flame":6,"HornCleat":2,"Pantograph":10,"champ:ChampionCrown":0,"Whetstone":25,"Ancient Tea Set":7,"Empty Cage":17,"Mercury Hourglass":13},{"Bottled Flame":1,"HornCleat":1,"Pantograph":4,"champ:ChampionCrown":0,"Whetstone":11,"Ancient Tea Set":1,"Empty Cage":8,"Mercury Hourglass":6},{"Bottled Flame":5,"HornCleat":5,"Pantograph":19,"champ:ChampionCrown":0,"Whetstone":56,"Ancient Tea Set":5,"Empty Cage":38,"Mercury Hourglass":25}],"Mercury Hourglass":[95]},"card_choices":[{"not_picked":["champ:CrookedStrike","champ:BringItOn"],"picked":"champ:DefensiveShout","floor":2},{"not_picked":["champ:FlashCut","champ:Circumvent"],"picked":"champ:Balance","floor":8},{"not_picked":["champ:EnragedBash","champ:BerserkersShout"],"picked":"champ:Circumvent","floor":9},{"not_picked":["champ:ViciousMockery","champ:CrookedStrike"],"picked":"champ:FlashCut","floor":10},{"not_picked":["champ:HeartStrike","champ:BerserkerStyle"],"picked":"champ:FlashCut","floor":11},{"not_picked":["champ:PerfectedStrike","champ:RapidStrikes"],"picked":"champ:BladeFlurry","floor":13},{"not_picked":["champ:PerfectedStrike","champ:Backstep","champ:FanOfKnives"],"picked":"SKIP","floor":15},{"not_picked":["champ:Devastate","champ:DancingMaster"],"picked":"champ:VampiricStrike","floor":16},{"not_picked":["champ:DeathBlow","champ:BerserkersShout+1"],"picked":"champ:DefensiveShout","floor":21},{"not_picked":["champ:PreciseThrust","champ:BladeFlurry+1"],"picked":"champ:ShieldWall","floor":23},{"not_picked":["champ:BladeFlurry+1","champ:FaceSlap"],"picked":"champ:TornadoPunch","floor":25}],"player_experience":1379773,"relics_obtained":[{"floor":2,"key":"HornCleat"},{"floor":6,"key":"Bottled Flame"},{"floor":7,"key":"Ancient Tea Set"},{"floor":10,"key":"Pantograph"},{"floor":25,"key":"Whetstone"}],"event_choices":[{"cards_removed":["Slimebound:Icky"],"damage_healed":0,"gold_gain":0,"player_choice":"Card Removal","damage_taken":0,"max_hp_gain":0,"max_hp_loss":0,"event_name":"The Cleric","floor":14,"gold_loss":0},{"damage_healed":0,"gold_gain":0,"player_choice":"Became a Ghost","damage_taken":0,"max_hp_gain":0,"max_hp_loss":45,"event_name":"Ghosts","floor":22,"gold_loss":0,"cards_obtained":["Ghostly","Ghostly","Ghostly","Ghostly","Ghostly"]}],"is_beta":false,"boss_relics":[{"not_picked":["SacredBark","Busted Crown"],"picked":"Empty Cage"}],"items_purged_floors":[13],"is_endless":false,"potions_floor_spawned":[2,8,15,23,25],"killed_by":"Centurion and Healer","ascension_level":0}}