{"host":"jmj81tjjbuqnwhnf","time":1608305538,"event":{"mods":["BaseMod","Colored Map","Colored Powertips","Highlight Path","Minty Spire (QoL Compilation)","Relic Stats"],"gold_per_floor":[111,71,90,90,15,41,52,62,62,62,96,39,89,120,120,215,215,226,76,76,94,193,225,248,88,88,88,106,106,106],"floor_reached":29,"playtime":896,"items_purged":["Strike_B","Strike_B","Strike_B"],"score":298,"play_id":"a2f36112-a2f3-46ce-9ee8-222b15f2e63b","local_time":"20201218163218","is_ascension_mode":true,"campfire_choices":[{"data":"Dualcast","floor":10,"key":"SMITH"},{"floor":15,"key":"REST"},{"floor":27,"key":"REST"}],"circlet_count":0,"master_deck":["Strike_B+1","Defend_B","Defend_B","Defend_B","Defend_B","Zap","Dualcast+1","Auto Shields","Capacitor","Cold Snap+1","Blizzard+1","Sweeping Beam+1","Coolheaded","Ball Lightning+1","Glacier","Genetic Algorithm","Echo Form","Conserve Battery","Defragment","Conserve Battery","Ball Lightning+1","Sweeping Beam+1"],"relics":["Cracked Core","Molten Egg 2","The Courier","Mercury Hourglass","Pen Nib","Runic Pyramid","Girya","Whetstone","WingedGreaves"],"acts_visited":["Exordium","TheCity"],"potions_floor_usage":[11,11,14],"damage_taken":[{"damage":1,"enemies":"Cultist","floor":1,"turns":3},{"damage":0,"enemies":"Small Slimes","floor":3,"turns":2},{"damage":28,"enemies":"Lagavulin","floor":6,"turns":8},{"damage":0,"enemies":"2 Louse","floor":7,"turns":2},{"damage":5,"enemies":"2 Fungi Beasts","floor":8,"turns":3},{"damage":20,"enemies":"Gremlin Nob","floor":11,"turns":4},{"damage":11,"enemies":"Lagavulin","floor":14,"turns":6},{"damage":21,"enemies":"The Guardian","floor":16,"turns":10},{"damage":4,"enemies":"Chosen","floor":18,"turns":4},{"damage":14,"enemies":"2 Thieves","floor":21,"turns":4},{"damage":24,"enemies":"Slavers","floor":23,"turns":4},{"damage":33,"enemies":"Snake Plant","floor":28,"turns":5},{"damage":18,"enemies":"Cultist and Chosen","floor":29,"turns":4}],"seed_played":"2930941446729566462","potions_obtained":[{"floor":1,"key":"PotionOfCapacity"},{"floor":7,"key":"DistilledChaos"},{"floor":8,"key":"Dexterity Potion"},{"floor":18,"key":"SpeedPotion"},{"floor":28,"key":"SteroidPotion"}],"is_trial":false,"path_per_floor":["M","$","M","?","$","E","M","M","T","R","E","$","?","E","R","B",null,"M","$","?","M","?","E","T","$","T","R","M","M"],"character_chosen":"DEFECT","items_purchased":["Capacitor","Glacier","Defragment","Conserve Battery","Ball Lightning+1","Sweeping Beam+1"],"campfire_rested":2,"item_purchase_floors":[2,12,19,19,25,25],"current_hp_per_floor":[81,81,81,81,81,53,53,48,48,48,28,28,28,17,41,20,82,78,78,62,48,48,24,24,24,24,50,17,0,0],"gold":106,"neow_bonus":"TEN_PERCENT_HP_BONUS","is_daily":false,"chose_seed":false,"campfire_upgraded":1,"win_rate":0.0,"timestamp":1608305538,"path_taken":["M","$","?","?","$","E","M","M","T","R","E","$","?","E","R","BOSS","M","$","?","M","?","E","?","?","T","R","M","M"],"items_purchased_type":["Card","Card","Card","Card","Card","Card"],"build_version":"2020-12-13","purchased_purges":3,"victory":false,"max_hp_per_floor":[82,82,82,82,82,82,82,82,82,82,82,82,82,82,82,82,82,82,82,87,87,87,87,87,87,87,87,87,87,87],"relic_stats":{"counters":[13,59],"Pen Nib":[4],"Whetstone":["Strike_B","Cold Snap"],"obtain_stats":[{"Girya":23,"Molten Egg 2":6,"The Courier":9,"Pen Nib":14,"WingedGreaves":26,"Whetstone":24,"Cracked Core":0,"Mercury Hourglass":11,"Runic Pyramid":17},{"Girya":11,"Molten Egg 2":3,"The Courier":5,"Pen Nib":7,"WingedGreaves":11,"Whetstone":11,"Cracked Core":0,"Mercury Hourglass":6,"Runic Pyramid":8},{"Girya":50,"Molten Egg 2":13,"The Courier":18,"Pen Nib":28,"WingedGreaves":50,"Whetstone":50,"Cracked Core":0,"Mercury Hourglass":22,"Runic Pyramid":38}],"Mercury Hourglass":[135]},"card_choices":[{"not_picked":["Beam Cell","Scrape"],"picked":"Auto Shields","floor":1},{"not_picked":["Stack","Doom and Gloom"],"picked":"Cold Snap","floor":3},{"not_picked":["Go for the Eyes+1","Beam Cell+1"],"picked":"Blizzard+1","floor":6},{"not_picked":["Sunder+1","Auto Shields"],"picked":"Sweeping Beam+1","floor":7},{"not_picked":["Barrage+1","Electrodynamics"],"picked":"Coolheaded","floor":8},{"not_picked":["Chaos","Gash+1"],"picked":"Ball Lightning+1","floor":11},{"not_picked":["Chaos","Compile Driver+1"],"picked":"Genetic Algorithm","floor":14},{"not_picked":["Amplify","Core Surge+1"],"picked":"Echo Form","floor":16},{"not_picked":["Leap+1","Chill"],"picked":"Conserve Battery","floor":18},{"not_picked":["Auto Shields","Stack","Rebound+1"],"picked":"SKIP","floor":21},{"not_picked":["Redo","Chaos","Double Energy"],"picked":"SKIP","floor":23},{"not_picked":["Beam Cell+1","Stack","Fusion"],"picked":"SKIP","floor":28}],"player_experience":57651,"relics_obtained":[{"floor":6,"key":"Molten Egg 2"},{"floor":9,"key":"The Courier"},{"floor":11,"key":"Mercury Hourglass"},{"floor":14,"key":"Pen Nib"},{"floor":23,"key":"Girya"},{"floor":24,"key":"Whetstone"},{"floor":26,"key":"WingedGreaves"}],"event_choices":[{"damage_healed":0,"gold_gain":0,"player_choice":"Ignored","damage_taken":0,"max_hp_gain":0,"max_hp_loss":0,"event_name":"Liars Game","floor":4,"gold_loss":0},{"damage_healed":0,"gold_gain":50,"player_choice":"Gained Gold","damage_taken":0,"max_hp_gain":0,"max_hp_loss":0,"event_name":"Golden Wing","floor":13,"gold_loss":0},{"damage_healed":0,"gold_gain":0,"player_choice":"Shed Blood","damage_taken":21,"max_hp_gain":5,"max_hp_loss":0,"event_name":"Forgotten Altar","floor":20,"gold_loss":0},{"damage_healed":0,"gold_gain":99,"player_choice":"Stole From Cult","damage_taken":0,"max_hp_gain":0,"max_hp_loss":0,"event_name":"Nest","floor":22,"gold_loss":0}],"is_beta":false,"boss_relics":[{"not_picked":["Ectoplasm","Busted Crown"],"picked":"Runic Pyramid"}],"items_purged_floors":[5,19,25],"is_endless":false,"potions_floor_spawned":[1,7,8,18,28],"killed_by":"Cultist and Chosen","ascension_level":3}}