{"host":"7al4aiicz9n8t8fq","time":1608262801,"event":{"mods":["2.2 Compatiblity","Act Like it!","BaseMod","Downfall","GifTheSpireLib","Hermit","Minty Spire (QoL Compilation)","Rare Cards Sparkle","Replay The Spire","SOS???????","StSLib","Td1madao Mod","The Animator","The Bug Knight","The Mystic"],"gold_per_floor":[119,30,30,57,85,85,120,120,120,151,151,151,151,151],"floor_reached":13,"playtime":790,"items_purged":[],"score":96,"play_id":"bfc31f89-3df5-4660-9793-98a8b84efb03","local_time":"20201217204001","is_ascension_mode":true,"campfire_choices":[{"floor":6,"key":"RECALL"},{"floor":8,"key":"REST"},{"floor":11,"key":"REST"}],"circlet_count":0,"master_deck":["animator:Strike_GoblinSlayer","animator:Defend_GoblinSlayer","animator:LizardPriest","animator:DwarfShaman","animator:Berserker","animator:EmiyaShirou","animator:Strike_OwariNoSeraph","animator:Strike_Elsword","animator:Strike_HitsugiNoChaika","animator:Defend_FullmetalAlchemist","animator:Defend_AccelWorld","animator:Defend_Katanagatari","animator:Viivi","animator:Shinoa","animator:Alexander","animator:Saber"],"relics":["animator:LivingPicture","animator:TheMissingPiece","Strawberry","Replay:Bottled Steam","HollowMod:PaleOreRelic","HollowMod:QueensCombRelic"],"acts_visited":["Exordium"],"potions_floor_usage":[],"damage_taken":[{"damage":2,"enemies":"Jaw Worm","floor":1,"turns":4},{"damage":1,"enemies":"2 Louse","floor":4,"turns":3},{"damage":2,"enemies":"Cultist","floor":5,"turns":4},{"damage":7,"enemies":"HollowMod:MossKnight","floor":7,"turns":6},{"damage":21,"enemies":"Replay:BlueRogue","floor":10,"turns":7},{"damage":49,"enemies":"Lagavulin","floor":13,"turns":9}],"seed_played":"4173389994656359136","potions_obtained":[{"floor":1,"key":"ColorlessPotion"}],"is_trial":false,"path_per_floor":["M","?","$","M","M","R","E","R","T","E","R","?","E"],"character_chosen":"THE_ANIMATOR","items_purchased":[],"campfire_rested":2,"item_purchase_floors":[],"current_hp_per_floor":[64,64,64,63,61,61,61,73,73,52,73,48,0,0],"gold":151,"neow_bonus":"THREE_CARDS","is_daily":false,"chose_seed":false,"campfire_upgraded":0,"win_rate":0.0,"timestamp":1608262801,"path_taken":["M","?","$","M","M","R","E","R","T","E","R","?","E"],"items_purchased_type":[],"build_version":"2020-12-13","purchased_purges":0,"victory":false,"max_hp_per_floor":[66,66,66,66,66,66,73,73,73,73,73,48,48,48],"card_choices":[{"not_picked":["animator:Priestess","animator:Alexander"],"picked":"animator:Berserker","floor":0},{"not_picked":["animator:CrowleyEusford","animator:YuiTsuruno"],"picked":"animator:EmiyaShirou","floor":1},{"not_picked":["animator:AcuraAkari","animator:Fredrika"],"picked":"animator:Viivi","floor":4},{"not_picked":["animator:OrikoMikuni","animator:Yoichi"],"picked":"animator:Shinoa","floor":5},{"not_picked":["animator:Rider","animator:Berserker"],"picked":"animator:Alexander","floor":7},{"not_picked":["animator:DwarfShaman","animator:YachiyoNanami"],"picked":"animator:Saber","floor":10}],"player_experience":894777,"relics_obtained":[{"floor":7,"key":"Strawberry"},{"floor":9,"key":"Replay:Bottled Steam"},{"floor":10,"key":"HollowMod:PaleOreRelic"}],"event_choices":[{"damage_healed":0,"gold_gain":0,"player_choice":"Gave Potion","damage_taken":0,"relics_obtained":["HollowMod:QueensCombRelic"],"max_hp_gain":0,"max_hp_loss":0,"event_name":"WeMeetAgain","floor":12,"gold_loss":0}],"is_beta":false,"boss_relics":[],"items_purged_floors":[],"is_endless":false,"potions_floor_spawned":[1],"killed_by":"Lagavulin","ascension_level":1}}