{"host":"5j53u3d72gsce0fe","time":1608327820,"event":{"mods":["2.2 Compatiblity","AchievementEnabler","Aspiration","BaseMod","Beaked The Cultist","Better Altar","Better Match","Better Note","Better Sensory Stone","Better Skull","Better Third Choice","Better Vampires","Block Reminder","CCEM","Card Forge","Colored Map","Colored Powertips","Colorless Booster Pack","Conspire","Defuse TimeMaze Blight","Dio Mod","Dota2Spire","Downfall-Rebalance","Emptier Cage","Energized Spire","Friendly Minions","GifTheSpireLib","Hermit","HexUI Lib","Hubris","Humility","Infinite Spire","Marked Mod","Mimic Mod","Minty Spire (QoL Compilation)","Relic Filter","Replay The Spire","Retaliation","Shade Mod","Small Relic Pack","StSLib","Stuff the Spire","The Animator","The Bug Knight","Transform Curses","Unceasing Turn Reminder","???Mod??????Boss"],"gold_per_floor":[109,121,121,296,296,296,326,351,276,305,305,305,332,317,242,338,338,351,365,376,391,47,80,80,65,84,111,123,150,150,170,95,196,196,210,228,228,245,245,273,273,317,317,347,367,217,230,79,79,175,175,188,198,14,28,28,28,106,119,131,160,173,199,299,330,330,430,430,440,148,148,148,175,175,207,222,237,87,116,140,153,183,183,279,279,291,307,307,307,307,307,342,372,391,418,418,429,460,221,221,323,323,323],"floor_reached":102,"playtime":12628,"items_purged":[],"score":2820,"play_id":"0fa0d741-0f3c-4335-a903-6a35e163b5da","local_time":"20201218134340","is_ascension_mode":true,"campfire_choices":[{"floor":6.0,"key":"RECALL"},{"data":"sneckomod:Defend","floor":9.0,"key":"SMITH"},{"floor":11.0,"key":"REST"},{"floor":15.0,"key":"REST"},{"floor":32.0,"key":"REST"},{"floor":39.0,"key":"REST"},{"floor":49.0,"key":"REST"},{"floor":90.0,"key":"REST"}],"circlet_count":0,"master_deck":["sneckomod:TailWhip+1","sneckomod:SnekBite+1","sneckomod:Unknown+1","sneckomod:Unknown+1","sneckomod:MasterEye+1","sneckomod:UnknownVulnerable+1","sneckomod:WideSting+1","sneckomod:Unknown1Cost+1","sneckomod:DiceCrush+1","sneckomod:UnknownWeak+1","ReplayTheSpireMod:Brewmster+1","sneckomod:UnknownColorless+1","sneckomod:UnknownUncommonAttack+1","sneckomod:DiceCrush+1","sneckomod:Nope+1","sneckomod:UnknownBlock+1","sneckomod:IronFang+1","sneckomod:UnknownWeak+1","sneckomod:SoulDraw+1","sneckomod:QuickBite+1","sneckomod:SnekBeam+1","sneckomod:Cheat+1","sneckomod:Unknown3Cost+1","sneckomod:UnlimitedRolls+1","sneckomod:UnknownEthereal+1","ReplayTheSpireMod:Brewmster+1","sneckomod:UnknownUncommonSkill+1","sneckomod:UnknownBlock+1","sneckomod:SoulDraw+1","sneckomod:UnknownRareAttack+1","sneckomod:MixItUp+1","sneckomod:UnknownUncommonPower+1","sneckomod:UnknownUncommonPower+1","sneckomod:RainOfDice+1","sneckomod:UnknownVulnerable+1","sneckomod:UnknownColorless+1","sneckomod:Unknown1Cost+1","Mayhem+1","sneckomod:UnknownDexterity+1","infinitespire:UltimateForm+1","beaked:Insight+1","beaked:MimicMachine+1","sneckomod:SoulRoll+1","infinitespire:Collect+1","infinitespire:Execution+1","infinitespire:Starlight+1","sneckomod:UnknownUncommonPower+1","sneckomod:Rotation+1","sneckomod:IronFang+1","sneckomod:Restock+1","sneckomod:UnknownClassTHE_UNNAMED+1","sneckomod:DiceCrush+1","beaked:KnowThyFoe+1","beaked:Ceremony+1","beaked:BraceForImpact+1","sneckomod:DiceCrush+1","sneckomod:UnknownClassINFINITE_BLACK+1","beaked:DigDeep+1","beaked:VigorBurst+1","infinitespire:Fortify+1","infinitespire:Execution","infinitespire:FutureSight"],"relics":["Hammer of Thor","Seething Fire","Anvil of the Gods","energizedSpire:StickyHand","Dota2Spire:Vanguard","aspiration:Lifesprig","StuffTheSpire:OldFever","downfall:HeartBlessingRed","Snack Pack","Dota2Spire:MagicBottle","downfall:HeartBlessingGreen","Busted Crown","hubris:EmptyBottle","Gremlin Food","Lantern","Chameleon Ring","Boot","downfall:HeartBlessingBlue","SacredBark","InkBottle","StuffTheSpire:Tea","Replay:WaspNest","infinitespire:Satchel","Strange Spoon","Black Star","aspiration:BeakedSkillbook","Potion Belt","ReplayTheSpireMod:Ninjato","Prayer Wheel","hubris:Backtick","White Beast Statue","hubris:64BitClover","aspiration:RitualStick","Bird Faced Urn","conspire:RoyalGoblet","StuffTheSpire:Saxophone","energizedSpire:MagnifyingGlass","Replay:Rubber Ducky","StuffTheSpire:GreaterSneckoEye","Mango","CCEMRelics:CocoNut","hubris:VirtuousBlindfold"],"acts_visited":["TheBeyond","Exordium","TheCity","TheBeyond","Exordium"],"potions_floor_usage":[101,101,101,101,101],"damage_taken":[{"damage":0.0,"enemies":"Small Slimes","floor":1.0,"turns":3.0},{"damage":4.0,"enemies":"Jaw Worm","floor":2.0,"turns":3.0},{"damage":5.0,"enemies":"2 Louse","floor":7.0,"turns":5.0},{"damage":10.0,"enemies":"3 Sentries","floor":8.0,"turns":3.0},{"damage":7.0,"enemies":"Replay:BlueRogue","floor":10.0,"turns":4.0},{"damage":0.0,"enemies":"Gremlin Nob","floor":13.0,"turns":2.0},{"damage":0.0,"enemies":"downfall:FleeingMerchant","floor":14.0,"turns":4.0},{"damage":15.0,"enemies":"downfall:Defect","floor":16.0,"turns":4.0},{"damage":0.0,"enemies":"Spheric Guardian","floor":18.0,"turns":3.0},{"damage":10.0,"enemies":"Chosen","floor":19.0,"turns":2.0},{"damage":16.0,"enemies":"Snake Plant","floor":20.0,"turns":3.0},{"damage":14.0,"enemies":"Sentry and Sphere","floor":21.0,"turns":4.0},{"damage":10.0,"enemies":"downfall:FleeingMerchant","floor":22.0,"turns":4.0},{"damage":16.0,"enemies":"Gremlin Leader","floor":23.0,"turns":4.0},{"damage":0.0,"enemies":"downfall:FleeingMerchant","floor":25.0,"turns":4.0},{"damage":5.0,"enemies":"Snecko","floor":26.0,"turns":4.0},{"damage":0.0,"enemies":"Slavers","floor":27.0,"turns":2.0},{"damage":20.0,"enemies":"3 Cultists","floor":28.0,"turns":4.0},{"damage":0.0,"enemies":"conspire:Head Lice","floor":29.0,"turns":4.0},{"damage":15.0,"enemies":"Snake Plant","floor":31.0,"turns":4.0},{"damage":6.0,"enemies":"downfall:Watcher","floor":33.0,"turns":4.0},{"damage":18.0,"enemies":"3 Shapes","floor":35.0,"turns":3.0},{"damage":32.0,"enemies":"3 Darklings","floor":36.0,"turns":6.0},{"damage":21.0,"enemies":"Spire Growth","floor":38.0,"turns":5.0},{"damage":28.0,"enemies":"Nightmare","floor":40.0,"turns":7.0},{"damage":0.0,"enemies":"downfall:FleeingMerchant","floor":42.0,"turns":2.0},{"damage":0.0,"enemies":"Giant Head","floor":44.0,"turns":5.0},{"damage":47.0,"enemies":"4 Shapes","floor":45.0,"turns":4.0},{"damage":0.0,"enemies":"Transient","floor":47.0,"turns":6.0},{"damage":48.0,"enemies":"downfall:Silent","floor":50.0,"turns":6.0},{"damage":0.0,"enemies":"Small Slimes","floor":52.0,"turns":2.0},{"damage":0.0,"enemies":"Jaw Worm","floor":53.0,"turns":2.0},{"damage":8.0,"enemies":"conspire:RoseBush","floor":55.0,"turns":1.0},{"damage":0.0,"enemies":"Exordium Thugs","floor":59.0,"turns":2.0},{"damage":2.0,"enemies":"conspire:2 RoseBushes","floor":60.0,"turns":3.0},{"damage":49.0,"enemies":"Nightmare","floor":61.0,"turns":5.0},{"damage":26.0,"enemies":"Blue Slaver","floor":62.0,"turns":3.0},{"damage":2.0,"enemies":"Gremlin Nob","floor":63.0,"turns":2.0},{"damage":0.0,"enemies":"downfall:Heads","floor":64.0,"turns":3.0},{"damage":0.0,"enemies":"HollowMod:MossKnight","floor":65.0,"turns":2.0},{"damage":30.0,"enemies":"Slime Boss","floor":67.0,"turns":2.0},{"damage":0.0,"enemies":"conspire:FuzzyDice","floor":69.0,"turns":4.0},{"damage":0.0,"enemies":"conspire:SneckoGhost","floor":73.0,"turns":6.0},{"damage":18.0,"enemies":"Book of Stabbing","floor":75.0,"turns":2.0},{"damage":0.0,"enemies":"Snake Plant","floor":76.0,"turns":4.0},{"damage":3.0,"enemies":"Centurion and Healer","floor":77.0,"turns":5.0},{"damage":144.0,"enemies":"Nightmare","floor":79.0,"turns":6.0},{"damage":1.0,"enemies":"Snecko","floor":80.0,"turns":3.0},{"damage":18.0,"enemies":"Snake Plant","floor":81.0,"turns":4.0},{"damage":18.0,"enemies":"Book of Stabbing","floor":82.0,"turns":4.0},{"damage":0.0,"enemies":"conspire:MysteriousRune","floor":84.0,"turns":2.0},{"damage":13.0,"enemies":"Orb Walker","floor":86.0,"turns":3.0},{"damage":86.0,"enemies":"3 Darklings","floor":87.0,"turns":5.0},{"damage":4.0,"enemies":"Giant Head","floor":92.0,"turns":7.0},{"damage":8.0,"enemies":"Nemesis","floor":93.0,"turns":5.0},{"damage":6.0,"enemies":"Transient","floor":94.0,"turns":2.0},{"damage":0.0,"enemies":"Giant Head","floor":95.0,"turns":3.0},{"damage":63.0,"enemies":"4 Shapes","floor":97.0,"turns":2.0},{"damage":6.0,"enemies":"beaked:SuperParasite","floor":98.0,"turns":3.0},{"damage":93,"enemies":"infinitespire:MassOfShapes","floor":101,"turns":6}],"seed_played":"-5364380477697922645","potions_obtained":[{"floor":8.0,"key":"Toxic Potion"},{"floor":16.0,"key":"sneckomod:DiceRollPotion"},{"floor":18.0,"key":"sneckomod:DiceRollPotion"},{"floor":19.0,"key":"Dexterity Potion"},{"floor":31.0,"key":"Languid Potion"},{"floor":43.0,"key":"Venom Potion"},{"floor":53.0,"key":"Explosive Potion"},{"floor":56.0,"key":"Slimebound:ThreeZeroPotion"},{"floor":56.0,"key":"FearPotion"},{"floor":59.0,"key":"SkillPotion"},{"floor":62.0,"key":"Fire Potion"},{"floor":65.0,"key":"Fire Potion"},{"floor":66.0,"key":"SmokeBomb"},{"floor":66.0,"key":"Strength Potion"},{"floor":67.0,"key":"FearPotion"},{"floor":69.0,"key":"Dota2Spire:HealingSalve"},{"floor":75.0,"key":"EssenceOfSteel"},{"floor":76.0,"key":"Dota2Spire:Clarity"},{"floor":77.0,"key":"ColorlessPotion"},{"floor":79.0,"key":"PowerPotion"},{"floor":80.0,"key":"Weak Potion"},{"floor":81.0,"key":"Reflective Coating"},{"floor":82.0,"key":"SkillPotion"},{"floor":83.0,"key":"Guardian:BlockOnCardUsePotion"},{"floor":84.0,"key":"Adrenaline Potion"},{"floor":87.0,"key":"sneckomod:MuddlingPotion"},{"floor":92.0,"key":"SteroidPotion"},{"floor":93.0,"key":"Dexterity Potion"},{"floor":94.0,"key":"PowerPotion"},{"floor":95.0,"key":"FearPotion"},{"floor":97.0,"key":"LiquidBronze"},{"floor":98.0,"key":"ColorlessPotion"},{"floor":101,"key":"Energy Potion"}],"is_trial":false,"path_per_floor":["M","M","?","?","T","R","MIM","E","R","E","R","?","E","$","R","B",null,"M","M","M","M","$","E","T","$","M","E","M","E","?","M","R","B",null,"M","M","?","M","R","NM","T","$","R","E","M","?","M","$","R","B",null,"M","M","$","M","R","AVR","T","M","M","NM","M","E","?","E","R","B",null,"M","$","?","?","E","AVR","E","M","M","$","NM","M","M","E","R","B",null,"M","M","?","AVR","R","?","E","E","M","E","R","M","E","$","R","B",null],"character_chosen":"THE_SNECKO","items_purchased":["hubris:EmptyBottle","ReplayTheSpireMod:Brewmster","Replay:WaspNest","sneckomod:UnknownUncommonPower","Strange Spoon","Mayhem","hubris:64BitClover","StuffTheSpire:Saxophone","CCEMRelics:CocoNut"],"campfire_rested":6,"item_purchase_floors":[22,22,42,42,48,54,70,78,99],"current_hp_per_floor":[90,86,86,86,86,86,81,71,71,64,90,93,93,93,93,84,93,93,83,74,64,56,54,54,56,55,61,45,51,51,48,88,88,103,87,61,71,73,103,77,77,81,81,100,65,117,117,117,117,89,117,117,117,117,111,111,111,111,111,109,63,52,83,89,93,93,65,124,124,124,99,99,118,118,108,120,124,124,103,129,113,129,129,129,129,116,58,38,52,94,94,142,143,143,143,143,101,137,142,142,75,148,148],"gold":323,"neow_bonus":"BOSS_RELIC","is_daily":false,"chose_seed":false,"campfire_upgraded":1,"win_rate":0.0,"timestamp":1608327820,"path_taken":["M","M","?","?","?","R","MIM","E","R","E","R","?","E","?","R","BOSS","M","M","M","M","?","E","T","$","M","E","M","E","?","M","R","BOSS","M","M","?","M","R","NM","T","$","R","E","M","?","?","$","R","BOSS","M","M","$","M","R","AVR","T","M","M","NM","M","E","?","E","R","BOSS","M","$","?","?","E","AVR","E","M","?","$","NM","M","M","E","R","BOSS","M","M","?","AVR","R","?","E","E","M","E","R","?","E","?","R","BOSS"],"items_purchased_type":["Relic","Card","Relic","Card","Relic","Card","Relic","Relic","Relic"],"build_version":"2020-12-13","purchased_purges":0,"victory":false,"max_hp_per_floor":[90,90,90,90,90,90,90,90,90,90,90,93,93,93,93,93,93,93,93,93,93,93,93,93,93,93,93,93,93,93,93,103,103,103,103,103,103,103,103,103,103,103,103,103,107,117,117,117,117,117,117,117,117,117,117,117,117,117,117,117,122,122,122,122,122,122,124,124,124,124,124,124,124,124,124,124,124,124,129,129,129,129,129,129,129,129,129,129,143,143,143,143,143,143,143,143,143,143,148,148,148,148,148],"card_choices":[{"not_picked":["sneckomod:UnknownVulnerable","sneckomod:WideSting"],"picked":"sneckomod:MasterEye","floor":1.0},{"not_picked":["sneckomod:Unknown1Cost","sneckomod:DiceCrush"],"picked":"sneckomod:UnknownWeak","floor":2.0},{"not_picked":["sneckomod:UnknownBlock","sneckomod:SoulRoll"],"picked":"sneckomod:UnknownColorless","floor":7.0},{"not_picked":["sneckomod:DiceCrush","sneckomod:Nope"],"picked":"sneckomod:UnknownUncommonAttack","floor":8.0},{"not_picked":["sneckomod:UnknownBlock","sneckomod:UnknownWeak"],"picked":"sneckomod:IronFang","floor":10.0},{"not_picked":["sneckomod:SoulDraw","sneckomod:QuickBite"],"picked":"sneckomod:SnekBeam","floor":13.0},{"not_picked":["sneckomod:Cheat","sneckomod:Unknown3Cost"],"picked":"sneckomod:UnlimitedRolls","floor":16.0},{"not_picked":[],"picked":"sneckomod:QuickMove","floor":18.0},{"not_picked":[],"picked":"sneckomod:UnknownEthereal+1","floor":19.0},{"not_picked":[],"picked":"sneckomod:WideSting","floor":20.0},{"not_picked":["sneckomod:UnknownCommonSkill+1"],"picked":"SKIP","floor":21.0},{"not_picked":[],"picked":"sneckomod:SoulRoll","floor":23.0},{"not_picked":[],"picked":"sneckomod:UnknownUncommonSkill+1","floor":26.0},{"not_picked":[],"picked":"sneckomod:UnknownCommonSkill+1","floor":27.0},{"not_picked":[],"picked":"sneckomod:UnknownBlock+1","floor":28.0},{"not_picked":[],"picked":"sneckomod:SoulDraw+1","floor":29.0},{"not_picked":[],"picked":"sneckomod:UnknownCommonSkill","floor":31.0},{"not_picked":[],"picked":"sneckomod:UnknownRareAttack","floor":33.0},{"not_picked":["sneckomod:UnknownCommonSkill"],"picked":"SKIP","floor":35.0},{"not_picked":["sneckomod:UnknownCommonSkill"],"picked":"SKIP","floor":36.0},{"not_picked":["sneckomod:UnknownCommonSkill"],"picked":"SKIP","floor":36.0},{"not_picked":["sneckomod:UnknownCommonAttack"],"picked":"SKIP","floor":38.0},{"not_picked":[],"picked":"sneckomod:MixItUp","floor":40.0},{"not_picked":["sneckomod:SoulExchange"],"picked":"SKIP","floor":44.0},{"not_picked":[],"picked":"sneckomod:RainOfDice","floor":45.0},{"not_picked":[],"picked":"sneckomod:UnknownVulnerable","floor":47.0},{"not_picked":[],"picked":"sneckomod:UnknownColorless","floor":50.0},{"not_picked":[],"picked":"sneckomod:Unknown1Cost","floor":52.0},{"not_picked":["sneckomod:UnknownCommonSkill"],"picked":"SKIP","floor":53.0},{"not_picked":[],"picked":"sneckomod:UnknownDexterity","floor":55.0},{"not_picked":["beaked:MimicMachine"],"picked":"beaked:Insight","floor":59.0},{"not_picked":["sneckomod:SoulRoll"],"picked":"beaked:Cower","floor":60.0},{"not_picked":["infinitespire:Collect","infinitespire:Execution"],"picked":"infinitespire:Starlight","floor":61.0},{"not_picked":["sneckomod:Rotation"],"picked":"sneckomod:UnknownUncommonPower","floor":61.0},{"not_picked":["sneckomod:IronFang"],"picked":"sneckomod:SoulCleanse","floor":62.0},{"not_picked":["beaked:Tradeoff","sneckomod:UnknownEthereal"],"picked":"SKIP","floor":63.0},{"not_picked":["sneckomod:UnknownClassTHE_UNNAMED"],"picked":"sneckomod:DiceCrush","floor":64.0},{"not_picked":["beaked:Resilience","beaked:Tweet"],"picked":"SKIP","floor":65.0},{"not_picked":["beaked:KnowThyFoe"],"picked":"beaked:WildInstinct","floor":67.0},{"not_picked":["ReplayTheSpireMod:RavenHex+1"],"picked":"beaked:Ceremony","floor":69.0},{"not_picked":["beaked:BarbedWire+1","sneckomod:UnknownEthereal"],"picked":"SKIP","floor":69.0},{"not_picked":["beaked:Flinch+1"],"picked":"beaked:BraceForImpact+1","floor":73.0},{"not_picked":["beaked:Poke+1","beaked:MimicHuntress"],"picked":"SKIP","floor":75.0},{"not_picked":["sneckomod:DiceCrush"],"picked":"sneckomod:UnknownClassINFINITE_BLACK","floor":76.0},{"not_picked":["beaked:BounceBack","beaked:DesperateSwing+1"],"picked":"SKIP","floor":76.0},{"not_picked":["beaked:SacrificialAttack+1","beaked:Daydream"],"picked":"SKIP","floor":77.0},{"not_picked":["beaked:Resilience","sneckomod:SerpentMind"],"picked":"SKIP","floor":77.0},{"not_picked":["beaked:DigDeep"],"picked":"beaked:VigorBurst","floor":79.0},{"not_picked":["sneckomod:UnknownWeak+1","beaked:DigDeeper"],"picked":"SKIP","floor":80.0},{"not_picked":["beaked:Redirect","beaked:BounceBack"],"picked":"SKIP","floor":80.0},{"not_picked":["beaked:SurvivalInstinct","beaked:Mantra"],"picked":"SKIP","floor":81.0},{"not_picked":["sneckomod:Nope","sneckomod:UnknownEthereal"],"picked":"SKIP","floor":81.0},{"not_picked":["beaked:Windmill","sneckomod:SerpentIdol"],"picked":"SKIP","floor":82.0},{"not_picked":["infinitespire:Fortify","infinitespire:Execution"],"picked":"infinitespire:FutureSight","floor":86.0},{"not_picked":["sneckomod:UnknownClassSLIMEBOUND+1","beaked:Cower"],"picked":"SKIP","floor":86.0},{"not_picked":["beaked:TuckingFeathers","sneckomod:Nope"],"picked":"SKIP","floor":86.0},{"not_picked":["beaked:Cower","beaked:Insight+1"],"picked":"SKIP","floor":87.0},{"not_picked":["sneckomod:UnknownX","beaked:FeelMyPain+1"],"picked":"SKIP","floor":87.0},{"not_picked":["sneckomod:SnekBeam","beaked:FeelMyPain+1"],"picked":"SKIP","floor":92.0},{"not_picked":["beaked:Cower+1","sneckomod:Unknown0Cost"],"picked":"SKIP","floor":93.0},{"not_picked":["sneckomod:CheapStock","beaked:Redirect+1"],"picked":"SKIP","floor":94.0},{"not_picked":["sneckomod:CheapStock+1","beaked:Evade"],"picked":"SKIP","floor":94.0},{"not_picked":["sneckomod:WideSting","sneckomod:RainOfDice+1"],"picked":"SKIP","floor":95.0},{"not_picked":["beaked:BloodRitual+1","sneckomod:Unknown0Cost+1"],"picked":"SKIP","floor":97.0},{"not_picked":["sneckomod:UnknownX+1","sneckomod:UnknownVulnerable"],"picked":"SKIP","floor":97.0},{"not_picked":["beaked:FeelMyPain","sneckomod:DiceCrush+1"],"picked":"SKIP","floor":98.0}],"player_experience":1168334,"relics_obtained":[{"floor":5.0,"key":"Dota2Spire:Vanguard"},{"floor":7.0,"key":"aspiration:Lifesprig"},{"floor":8.0,"key":"StuffTheSpire:OldFever"},{"floor":10.0,"key":"Snack Pack"},{"floor":13.0,"key":"Dota2Spire:MagicBottle"},{"floor":23.0,"key":"Gremlin Food"},{"floor":27.0,"key":"Lantern"},{"floor":29.0,"key":"Chameleon Ring"},{"floor":40.0,"key":"InkBottle"},{"floor":41.0,"key":"StuffTheSpire:Tea"},{"floor":44.0,"key":"infinitespire:Satchel"},{"floor":58.0,"key":"ReplayTheSpireMod:Ninjato"},{"floor":87.0,"key":"Replay:Rubber Ducky"},{"floor":88.0,"key":"StuffTheSpire:GreaterSneckoEye"}],"event_choices":[{"damage_healed":0.0,"max_hp_gain":0.0,"max_hp_loss":0.0,"gold_gain":1.0,"event_name":"betterStone:BetterStone","player_choice":"4","floor":3.0,"gold_loss":0.0,"damage_taken":0.0,"cards_obtained":["ReplayTheSpireMod:Brewmster"]},{"damage_healed":0.0,"max_hp_gain":0.0,"max_hp_loss":0.0,"gold_gain":0.0,"event_name":"Transmorgrifier","player_choice":"Ignored","floor":72.0,"gold_loss":0.0,"damage_taken":0.0},{"cards_removed":["Core Surge"],"damage_healed":0.0,"max_hp_gain":0.0,"max_hp_loss":0.0,"gold_gain":0.0,"event_name":"Wheel of Change","player_choice":"Card Removal","floor":91.0,"gold_loss":0.0,"damage_taken":0.0}],"is_beta":false,"boss_relics":[{"not_picked":["CCEMRelics:GreenEgg","conspire:SpecialSausage"],"picked":"Busted Crown"},{"not_picked":["aspiration:SecretTechniqueScroll","conspire:RunicOctahedron"],"picked":"SacredBark"},{"not_picked":["energizedSpire:RedRose","Calling Bell"],"picked":"Black Star"},{"not_picked":["aspiration:RitualDagger","energizedSpire:HugeHouse"],"picked":"hubris:Backtick"},{"not_picked":["aspiration:FutureDiary","Painkiller Herb"],"picked":"energizedSpire:MagnifyingGlass"},{"not_picked":["Velvet Choker","CCEMRelics:TransientCore"],"picked":"hubris:VirtuousBlindfold"}],"items_purged_floors":[],"is_endless":true,"potions_floor_spawned":[8,10,16,18,19,26,31,33,35,36,44,53,59,62,65,67,69,73,75,76,77,79,80,81,82,84,86,87,92,93,94,95,97,98,101],"ascension_level":1}}