{"host":"m9i7qe3hvz6jihjh","time":1608309263,"event":{"mods":["BaseMod","Colored Powertips","Infinite Spire","Minty Spire (QoL Compilation)","Quick Restart","StSLib","The Animator","Waifu the Spire"],"gold_per_floor":[111,111,2,2,2,2,37,15,15,30,55,55,69,16,16,16,16],"floor_reached":16,"playtime":267,"items_purged":[],"score":131,"play_id":"5f516ccd-7e91-4b97-9abc-a92f72c1d4eb","local_time":"20201218173423","is_ascension_mode":false,"campfire_choices":[{"data":"Adaptation","floor":6,"key":"SMITH"},{"floor":12,"key":"REST"},{"floor":15,"key":"REST"}],"circlet_count":0,"master_deck":["Strike_P","Strike_P","Strike_P","Strike_P","Defend_P","Defend_P","Defend_P","Eruption+1","Vigilance","Indignation","Adaptation+1","ReachHeaven","Prostrate","CutThroughFate"],"relics":["VioletLotus","Singing Bowl","Pear","Mummified Hand"],"acts_visited":["Exordium"],"potions_floor_usage":[7],"damage_taken":[{"damage":2,"enemies":"Small Slimes","floor":1,"turns":5},{"damage":28,"enemies":"Gremlin Nob","floor":7,"turns":3},{"damage":0,"enemies":"Cultist","floor":10,"turns":2},{"damage":41,"enemies":"Lagavulin","floor":11,"turns":4},{"damage":10,"enemies":"2 Louse","floor":13,"turns":2},{"damage":60,"enemies":"The Guardian","floor":16,"turns":4}],"seed_played":"-3179425815955778160","potions_obtained":[{"floor":1,"key":"Swift Potion"}],"is_trial":false,"path_per_floor":["M","?","$","?","?","R","E","$","T","M","E","R","M","$","R","B"],"character_chosen":"WATCHER","items_purchased":["Indignation","Adaptation","Prostrate","CutThroughFate"],"campfire_rested":2,"item_purchase_floors":[3,3,8,14],"current_hp_per_floor":[70,72,72,72,72,72,44,44,54,56,17,42,34,34,60,0,0],"gold":16,"neow_bonus":"BOSS_RELIC","is_daily":false,"chose_seed":false,"campfire_upgraded":1,"win_rate":0.0,"timestamp":1608309263,"path_taken":["M","?","?","?","?","R","E","?","T","M","E","R","M","$","R","BOSS"],"items_purchased_type":["Card","Card","Card","Card"],"build_version":"2020-12-13","purchased_purges":0,"victory":false,"max_hp_per_floor":[72,72,72,72,72,72,72,72,82,84,86,86,88,88,88,88,88],"card_choices":[{"not_picked":["Protect","CrushJoints"],"picked":"JustLucky","floor":1},{"not_picked":["Omniscience","FlurryOfBlows"],"picked":"ReachHeaven","floor":7},{"not_picked":["JustLucky","LikeWater","Sanctity"],"picked":"Singing Bowl","floor":10},{"not_picked":["Collect","ClearTheMind","Vengeance"],"picked":"Singing Bowl","floor":11},{"not_picked":["SandsOfTime","Vengeance","ClearTheMind"],"picked":"Singing Bowl","floor":13}],"player_experience":871037,"relics_obtained":[{"floor":7,"key":"Singing Bowl"},{"floor":9,"key":"Pear"},{"floor":11,"key":"Mummified Hand"}],"event_choices":[{"cards_removed":["JustLucky"],"damage_healed":5,"gold_gain":0,"player_choice":"Offered Common","damage_taken":0,"max_hp_gain":0,"max_hp_loss":0,"event_name":"Bonfire Elementals","floor":2,"gold_loss":0},{"cards_removed":["JustLucky"],"damage_healed":5,"gold_gain":0,"player_choice":"Offered Special","damage_taken":0,"max_hp_gain":0,"max_hp_loss":0,"event_name":"Bonfire Elementals","floor":2,"gold_loss":0},{"damage_healed":0,"gold_gain":0,"player_choice":"Grow","damage_taken":0,"max_hp_gain":0,"max_hp_loss":0,"event_name":"Living Wall","floor":4,"gold_loss":0,"cards_upgraded":["Eruption"]}],"is_beta":false,"boss_relics":[],"items_purged_floors":[],"is_endless":false,"potions_floor_spawned":[1],"killed_by":"The Guardian","ascension_level":0}}