{"host":"Guideon","time":1608313363,"event":{"mods":["BaseMod","Colored Map","Colored Powertips","Downfall","Minty Spire (QoL Compilation)","Permanent Neow","RNG Fix","Rare Cards Sparkle","Relic Stats","StSLib"],"gold_per_floor":[99,99,118,218,218,249,249,249,249,278,291,303,213,213,226,329,329,329,157,157,171,171,185,185,218,218,218,231,250,263,463,480,575,575,575,585,603,603,613,613,613,613,613,613,633,647,662,681,697,697,697],"floor_reached":50,"playtime":3673,"items_purged":["Slimebound:Strike_Slimebound"],"score":501,"play_id":"7dc8bd02-f399-4c8b-90db-aba6ebf01404","local_time":"20201218144243","is_ascension_mode":false,"campfire_choices":[{"data":"Slimebound:Gluttony","floor":1,"key":"SMITH"},{"data":"Slimebound:Split","floor":9,"key":"SMITH"},{"data":"Slimebound:GrowthPunch","floor":18,"key":"SMITH"},{"data":"Slimebound:LeadByExample","floor":22,"key":"SMITH"},{"data":"Slimebound:Gluttony","floor":27,"key":"PURGE"},{"data":"Slimebound:DuplicatedForm","floor":35,"key":"PURGE"},{"data":"Slimebound:Equalize","floor":38,"key":"PURGE"},{"data":"Slimebound:RainOfGoop","floor":40,"key":"SMITH"},{"data":"Slimebound:SpikyOuterGoop","floor":42,"key":"SMITH"},{"data":"expansioncontent:Chronoboost","floor":44,"key":"SMITH"}],"circlet_count":0,"master_deck":["Slimebound:Strike_Slimebound","Slimebound:Strike_Slimebound","Slimebound:Defend_Slimebound","Slimebound:Defend_Slimebound","Slimebound:Defend_Slimebound","Slimebound:Split+1","Slimebound:CorrosiveSpit","Slimebound:Gluttony+1","Slimebound:PressTheAttack","Slimebound:GoopSpray","Slimebound:AcidTongue","Slimebound:LeadByExample+1","Slimebound:GrowthPunch+1","Slimebound:LeechEnergy","Slimebound:SpikyOuterGoop+1","Necronomicurse","Slimebound:LeechingTouch+1","Slimebound:HauntingLick+1","RitualDagger","Slimebound:ViciousTackle","Slimebound:HauntingLick","Slimebound:OneTwoCombo","Slimebound:RainOfGoop+1","Slimebound:Equalize+1","expansioncontent:Chronoboost+1","Slimebound:MegaLick+1","Slimebound:RejuvenatingLick+1"],"relics":["Slimebound:AbsorbEndCombat","CaptainsWheel","Ice Cream","Slimebound:ScrapOozeRelic","Sozu","Sling","Necronomicon","HornCleat","Darkstone Periapt","SlaversCollar","Letter Opener"],"acts_visited":["Exordium","TheCity","TheBeyond"],"potions_floor_usage":[25],"damage_taken":[{"damage":15,"enemies":"Jaw Worm","floor":3,"turns":3},{"damage":44,"enemies":"Lagavulin","floor":6,"turns":6},{"damage":19,"enemies":"Gremlin Nob","floor":10,"turns":4},{"damage":11,"enemies":"Small Slimes","floor":11,"turns":3},{"damage":14,"enemies":"Cultist","floor":12,"turns":4},{"damage":8,"enemies":"downfall:FleeingMerchant","floor":13,"turns":4},{"damage":20,"enemies":"Exordium Wildlife","floor":15,"turns":3},{"damage":40,"enemies":"downfall:Ironclad","floor":16,"turns":6},{"damage":38,"enemies":"downfall:FleeingMerchant","floor":19,"turns":4},{"damage":30,"enemies":"Chosen","floor":21,"turns":5},{"damage":18,"enemies":"Spheric Guardian","floor":23,"turns":4},{"damage":26,"enemies":"Gremlin Leader","floor":25,"turns":4},{"damage":8,"enemies":"Snake Plant","floor":28,"turns":3},{"damage":10,"enemies":"Sentry and Sphere","floor":29,"turns":4},{"damage":15,"enemies":"Snecko","floor":30,"turns":3},{"damage":11,"enemies":"Snecko","floor":31,"turns":5},{"damage":10,"enemies":"Centurion and Healer","floor":32,"turns":4},{"damage":37,"enemies":"downfall:Defect","floor":33,"turns":6},{"damage":1,"enemies":"Orb Walker","floor":36,"turns":3},{"damage":16,"enemies":"3 Shapes","floor":37,"turns":4},{"damage":23,"enemies":"3 Darklings","floor":39,"turns":4},{"damage":8,"enemies":"Jaw Worm Horde","floor":45,"turns":3},{"damage":3,"enemies":"Sphere and 2 Shapes","floor":46,"turns":4},{"damage":11,"enemies":"3 Darklings","floor":47,"turns":3},{"damage":19,"enemies":"4 Shapes","floor":48,"turns":4},{"damage":28,"enemies":"Jaw Worm Horde","floor":49,"turns":3},{"damage":69,"enemies":"downfall:Silent","floor":50,"turns":4}],"seed_played":"-8320817836169737486","potions_obtained":[{"floor":11,"key":"Slimebound:SlimedPotion"},{"floor":15,"key":"Slimebound:SlimyTonguePotion"},{"floor":16,"key":"Block Potion"}],"is_trial":false,"path_per_floor":["R","?","M","?","?","E","T","?","R","E","M","M","$","?","M","B",null,"R","$","?","M","R","M","T","E","?","R","M","M","M","?","M","B",null,"R","M","M","R","M","R","T","R","?","R","M","M","M","M","M","B"],"character_chosen":"SLIMEBOUND","items_purchased":["Sling"],"campfire_rested":0,"item_purchase_floors":[19],"current_hp_per_floor":[60,65,60,60,60,38,38,38,38,37,42,42,63,63,55,39,65,65,56,40,37,37,31,31,27,21,21,33,43,42,57,63,61,65,65,65,49,49,42,42,42,42,42,42,58,64,65,60,56,0,0],"gold":697,"neow_bonus":"THREE_CARDS","is_daily":false,"chose_seed":false,"campfire_upgraded":7,"win_rate":0.0,"timestamp":1608313363,"path_taken":["R","?","M","?","?","E","T","?","R","E","M","M","?","?","M","BOSS","R","$","?","?","R","M","T","E","?","R","?","M","M","?","M","BOSS","R","M","?","R","?","R","T","R","?","R","M","M","?","?","M","BOSS"],"items_purchased_type":["Relic"],"build_version":"2020-11-17","purchased_purges":1,"victory":false,"max_hp_per_floor":[60,65,65,65,65,65,65,65,65,65,65,65,65,65,65,65,65,65,65,65,65,65,65,65,65,65,65,65,65,65,65,65,65,65,65,65,65,65,65,65,65,65,65,65,65,65,65,65,65,65,65],"relic_stats":{"Sozu":6,"Darkstone Periapt":0,"counters":[27,102],"Necronomicon":[21],"Letter Opener":[66],"obtain_stats":[{"Ice Cream":10,"Sozu":17,"Darkstone Periapt":25,"SlaversCollar":34,"CaptainsWheel":7,"HornCleat":24,"Slimebound:ScrapOozeRelic":14,"MealTicket":6,"Slimebound:AbsorbEndCombat":0,"Necronomicon":20,"Letter Opener":41,"Sling":19},{"Ice Cream":3,"Sozu":8,"Darkstone Periapt":12,"SlaversCollar":18,"CaptainsWheel":2,"HornCleat":11,"Slimebound:ScrapOozeRelic":6,"MealTicket":2,"Slimebound:AbsorbEndCombat":0,"Necronomicon":9,"Letter Opener":21,"Sling":9},{"Ice Cream":13,"Sozu":31,"Darkstone Periapt":47,"SlaversCollar":71,"CaptainsWheel":9,"HornCleat":43,"Slimebound:ScrapOozeRelic":23,"MealTicket":9,"Slimebound:AbsorbEndCombat":0,"Necronomicon":35,"Letter Opener":81,"Sling":35}]},"card_choices":[{"not_picked":["Slimebound:LeechEnergy","Slimebound:RejuvenatingLick"],"picked":"Slimebound:Gluttony","floor":0},{"not_picked":["Slimebound:SamplingLick","Slimebound:Dissolve"],"picked":"Slimebound:PressTheAttack","floor":3},{"not_picked":["Slimebound:SplitLeeching","Slimebound:Dissolve"],"picked":"Slimebound:GoopSpray","floor":6},{"not_picked":["Slimebound:Schlurp","Slimebound:SamplingLick"],"picked":"Slimebound:AcidTongue","floor":10},{"not_picked":["Slimebound:ViciousTackle","Slimebound:Grow"],"picked":"Slimebound:LeadByExample","floor":11},{"not_picked":["Slimebound:SplitBruiser","Slimebound:PressTheAttack"],"picked":"Slimebound:Gluttony","floor":12},{"not_picked":["Slimebound:AcidTongue","Slimebound:SplitBruiser"],"picked":"Slimebound:GrowthPunch","floor":13},{"not_picked":["Slimebound:SplitMire","Slimebound:LivingWall"],"picked":"Slimebound:LeechEnergy","floor":15},{"not_picked":["Slimebound:DouseInSlime","Slimebound:PrepareCrush"],"picked":"Slimebound:DuplicatedForm","floor":16},{"not_picked":["Slimebound:GrowthPunch","Slimebound:SplitMire"],"picked":"Slimebound:SpikyOuterGoop","floor":19},{"not_picked":["Slimebound:ItLooksTasty","Slimebound:PressTheAttack+1"],"picked":"Slimebound:LeechingTouch+1","floor":21},{"not_picked":["Slimebound:SplitLeeching+1","Slimebound:RollThrough+1"],"picked":"Slimebound:Equalize","floor":23},{"not_picked":["Slimebound:Prepare","Slimebound:DouseInSlime"],"picked":"Slimebound:HauntingLick+1","floor":25},{"not_picked":["Slimebound:SplitLeeching","Slimebound:RollThrough","Slimebound:SplitMire"],"picked":"SKIP","floor":28},{"not_picked":["Slimebound:ComboTackle","Slimebound:SplitBruiser+1"],"picked":"Slimebound:ViciousTackle","floor":29},{"not_picked":["Slimebound:LeadByExample","Slimebound:FinishingTackle+1","Slimebound:RollThrough"],"picked":"SKIP","floor":30},{"not_picked":["Slimebound:SplitBruiser+1","Slimebound:SplitLeeching"],"picked":"Slimebound:HauntingLick","floor":32},{"not_picked":["Slimebound:WasteNot","Slimebound:Overexert"],"picked":"Slimebound:OneTwoCombo","floor":33},{"not_picked":["Slimebound:LeechEnergy+1","Slimebound:SplitAcid"],"picked":"Slimebound:RainOfGoop","floor":36},{"not_picked":["Slimebound:LeechingTouch+1","Slimebound:SplitAcid"],"picked":"Slimebound:Equalize+1","floor":37},{"not_picked":["Slimebound:LeadByExample","Slimebound:FinishingTackle+1","Slimebound:SlimeBrawl"],"picked":"SKIP","floor":39},{"not_picked":["expansioncontent:DefensiveMode","expansioncontent:BronzeBeam"],"picked":"expansioncontent:Chronoboost","floor":43},{"not_picked":["Slimebound:SamplingLick+1","Slimebound:SplitLeeching+1"],"picked":"Slimebound:MegaLick+1","floor":45},{"not_picked":["Slimebound:SlimeBrawl+1","Slimebound:ViciousTackle"],"picked":"Slimebound:RejuvenatingLick+1","floor":46},{"not_picked":["Slimebound:SplitLeeching+1","Slimebound:FinishingTackle+1","Slimebound:LeechingTouch+1"],"picked":"SKIP","floor":47},{"not_picked":["Slimebound:LeechEnergy+1","Slimebound:GoopSpray","Slimebound:ViciousTackle"],"picked":"SKIP","floor":48},{"not_picked":["Slimebound:MinionMaster","Slimebound:RollThrough+1","Slimebound:PressTheAttack+1"],"picked":"SKIP","floor":49}],"player_experience":469,"relics_obtained":[{"floor":6,"key":"MealTicket"},{"floor":7,"key":"CaptainsWheel"},{"floor":10,"key":"Ice Cream"},{"floor":20,"key":"Necronomicon"},{"floor":24,"key":"HornCleat"},{"floor":25,"key":"Darkstone Periapt"},{"floor":41,"key":"Letter Opener"}],"event_choices":[{"damage_healed":0,"gold_gain":0,"player_choice":"Donut","damage_taken":0,"max_hp_gain":5,"max_hp_loss":0,"event_name":"Big Fish","floor":2,"gold_loss":0},{"cards_removed":["Slimebound:Tackle"],"damage_healed":0,"gold_gain":0,"player_choice":"Card Removal","damage_taken":0,"max_hp_gain":0,"max_hp_loss":0,"event_name":"The Cleric","floor":5,"gold_loss":0},{"cards_removed":["Slimebound:Defend_Slimebound"],"damage_healed":0,"gold_gain":0,"player_choice":"Purged","damage_taken":0,"max_hp_gain":0,"max_hp_loss":0,"event_name":"Purifier","floor":8,"gold_loss":0}],"is_beta":true,"boss_relics":[{"not_picked":["Runic Pyramid","Tiny House"],"picked":"Sozu"},{"not_picked":["Cursed Key","Philosopher\u0027s Stone"],"picked":"SlaversCollar"}],"items_purged_floors":[13],"is_endless":false,"potions_floor_spawned":[11,15,16,21,25,31,32,39,46,47],"killed_by":"downfall:Silent","ascension_level":0}}