{"host":"ocy7z4248lncoz2b","time":1608278829,"event":{"mods":["BaseMod","Beaked The Cultist","Better Match","Better Sensory Stone","Better Third Choice","BetterRewards","Clockwork Mod","Colored Powertips","Conspire","Downfall","Friendly Minions","Highlight Path","Hubris","Infinite Spire","Marisa????????","Mimic Mod","Minty Spire (QoL Compilation)","READ ME - Guardian Mod","Replay The Spire","Shop Mod","Spicy Shops","Spikes Relics","StSLib","SuperFastMode","The Blue Laboratory","The Construct","The Jungle"],"gold_per_floor":[99,6,6,6,6,6,6,33,33,63,74,74,95,110,125,125,125],"floor_reached":16,"playtime":481,"items_purged":[],"score":106,"play_id":"af588d54-653d-4350-a9bb-fb2217b04b64","local_time":"20201218170709","is_ascension_mode":false,"campfire_choices":[{"data":"UpSweep","floor":1,"key":"SMITH"},{"data":"expansioncontent:CaCaw","floor":6,"key":"SMITH"},{"data":"MagicAbsorber","floor":9,"key":"SMITH"}],"circlet_count":0,"master_deck":["Strike_MRS","Strike_MRS","Strike_MRS","Strike_MRS","Defend_MRS","Defend_MRS","Defend_MRS","Defend_MRS","MasterSpark","UpSweep+1","PowerUp","expansioncontent:CaCaw+1","MagicAbsorber+1","SprinkleStarSeal","Acceleration","GalacticHalo","Parasite","Parasite","PowerUp","MagicAbsorber"],"relics":["MiniHakkero","downfall:HeartsMalice","hubris:ToyBattleship","Simple Rune","Bronze Scales","ShroomBag"],"acts_visited":["Exordium"],"potions_floor_usage":[10,16],"damage_taken":[{"damage":0,"enemies":"downfall:FleeingMerchant","floor":2,"turns":1},{"damage":0,"enemies":"2 Louse","floor":3,"turns":1},{"damage":0,"enemies":"Cultist","floor":4,"turns":1},{"damage":16,"enemies":"Lagavulin","floor":8,"turns":7},{"damage":22,"enemies":"3 Sentries","floor":10,"turns":8},{"damage":0,"enemies":"Jaw Worm","floor":11,"turns":5},{"damage":17,"enemies":"The Mushroom Lair","floor":13,"turns":6},{"damage":2,"enemies":"3 Louse","floor":14,"turns":3},{"damage":1,"enemies":"Large Slime","floor":15,"turns":7},{"damage":39,"enemies":"downfall:Defect","floor":16,"turns":6}],"seed_played":"5905223191365882785","potions_obtained":[{"floor":8,"key":"SkillPotion"},{"floor":10,"key":"blueLaboratory:HummingbirdPotion"},{"floor":11,"key":"Adrenaline Potion"},{"floor":13,"key":"blueLaboratory:AbyssPotion"}],"is_trial":false,"path_per_floor":["R","$","M","M","?","R","T","E","R","E","M","?","?","M","M","B"],"character_chosen":"MARISA","items_purchased":["expansioncontent:CaCaw"],"campfire_rested":0,"item_purchase_floors":[2],"current_hp_per_floor":[75,75,75,75,85,85,85,69,69,47,47,47,30,32,35,0,0],"gold":125,"neow_bonus":"THREE_ENEMY_KILL","is_daily":false,"chose_seed":false,"campfire_upgraded":3,"win_rate":0.0,"timestamp":1608278829,"path_taken":["R","$","M","M","?","R","T","E","R","E","?","?","?","M","M","BOSS"],"items_purchased_type":["Card"],"build_version":"2020-12-13","purchased_purges":0,"victory":false,"max_hp_per_floor":[75,75,75,75,85,85,85,85,85,85,85,85,85,85,85,85,85],"card_choices":[{"not_picked":["ShootingEcho","6A"],"picked":"PowerUp","floor":2},{"not_picked":["AsteroidBelt","ShootingEcho"],"picked":"MagicAbsorber","floor":3},{"not_picked":["MilkyWay","ShootingEcho"],"picked":"ManaRampage","floor":4},{"not_picked":["NonDirectionalLaser","MysteriousBeam"],"picked":"SprinkleStarSeal","floor":8},{"not_picked":["MysteriousBeam","Singularity"],"picked":"Acceleration","floor":10},{"not_picked":["MachineGunSpark","MilkyWay"],"picked":"GalacticHalo","floor":11},{"not_picked":["LuminesStrike","RefractionSpark"],"picked":"PowerUp","floor":14},{"not_picked":["ShootingEcho","Robbery"],"picked":"MagicAbsorber","floor":15}],"player_experience":261134,"relics_obtained":[{"floor":7,"key":"hubris:ToyBattleship"},{"floor":8,"key":"Simple Rune"},{"floor":10,"key":"Bronze Scales"},{"floor":13,"key":"ShroomBag"}],"event_choices":[{"cards_removed":["ManaRampage"],"damage_healed":0,"gold_gain":0,"player_choice":"Offered Rare","damage_taken":0,"max_hp_gain":10,"max_hp_loss":0,"event_name":"Bonfire Elementals","floor":5,"gold_loss":0},{"damage_healed":0,"gold_gain":0,"player_choice":"Leave","damage_taken":0,"max_hp_gain":0,"max_hp_loss":0,"event_name":"conspire:Investor","floor":12,"gold_loss":0},{"damage_healed":0,"gold_gain":0,"player_choice":"Fought Mushrooms","damage_taken":0,"max_hp_gain":0,"max_hp_loss":0,"event_name":"Mushrooms_MRS","floor":13,"gold_loss":0}],"is_beta":false,"boss_relics":[],"items_purged_floors":[],"is_endless":false,"potions_floor_spawned":[8,10,11,13,15],"killed_by":"downfall:Defect","ascension_level":0}}