{"host":"o0q01dgb4z8zpo6o","time":1608271014,"event":{"mods":["BaseMod","GifTheSpireLib","Minty Spire (QoL Compilation)","Relic Stats","StSLib"],"gold_per_floor":[119,119,194,244,257,257,285,46,70,114,180,206,230,313,313,415,415,483,483,543,543,543],"floor_reached":21,"playtime":751,"items_purged":["Strike_B"],"score":389,"play_id":"b1d4f959-b54a-4ece-86f1-8d83c7946e22","local_time":"20201217215654","is_ascension_mode":true,"campfire_choices":[{"data":"Loop","floor":6,"key":"SMITH"},{"data":"Dualcast","floor":15,"key":"SMITH"}],"circlet_count":0,"master_deck":["AscendersBane","Strike_B","Defend_B","Defend_B","Defend_B","Defend_B","Dualcast+1","Doom and Gloom","Loop+1","FTL+1","HandOfGreed+1","Sweeping Beam+1","Recycle","Compile Driver+1","Echo Form","Turbo+1","Lockon+1","Gash+1","Hologram","Hologram"],"relics":["Cracked Core","NeowsBlessing","Molten Egg 2","Lantern","Nunchaku","Anchor","DataDisk","Letter Opener","Astrolabe"],"acts_visited":["Exordium","TheCity"],"potions_floor_usage":[12,21],"damage_taken":[{"damage":0,"enemies":"Cultist","floor":1,"turns":1},{"damage":0,"enemies":"2 Louse","floor":5,"turns":1},{"damage":0,"enemies":"Lagavulin","floor":7,"turns":1},{"damage":0,"enemies":"Small Slimes","floor":10,"turns":2},{"damage":0,"enemies":"Exordium Wildlife","floor":11,"turns":3},{"damage":9,"enemies":"Gremlin Nob","floor":12,"turns":4},{"damage":5,"enemies":"3 Sentries","floor":14,"turns":4},{"damage":14,"enemies":"Hexaghost","floor":16,"turns":7},{"damage":26,"enemies":"3 Byrds","floor":18,"turns":5},{"damage":19,"enemies":"2 Thieves","floor":20,"turns":4},{"damage":13,"enemies":"Sentry and Sphere","floor":21,"turns":2}],"seed_played":"-1412176501847056723","potions_obtained":[{"floor":1,"key":"Weak Potion"},{"floor":12,"key":"DuplicationPotion"},{"floor":16,"key":"Ancient Potion"}],"is_trial":false,"path_per_floor":["M","T","?","?","M","R","E","$","T","M","M","E","T","E","R","B",null,"M","?","M","M"],"character_chosen":"DEFECT","items_purchased":["HandOfGreed+1"],"campfire_rested":0,"item_purchase_floors":[8],"current_hp_per_floor":[64,64,53,46,46,46,46,46,46,46,46,37,37,32,32,18,58,32,32,13,0,0],"gold":543,"neow_bonus":"THREE_ENEMY_KILL","is_daily":false,"chose_seed":false,"campfire_upgraded":2,"win_rate":0.0,"timestamp":1608271014,"path_taken":["M","?","?","?","M","R","E","$","T","M","?","E","?","E","R","BOSS","M","?","?","M"],"items_purchased_type":["Card"],"build_version":"2020-12-13","purchased_purges":1,"victory":false,"max_hp_per_floor":[71,71,71,71,71,71,71,71,71,71,71,71,71,71,71,71,71,71,71,71,71,71],"relic_stats":{"Nunchaku":[5],"counters":[11,34],"Astrolabe":["Turbo","Lockon","Gash"],"Letter Opener":[15],"obtain_stats":[{"Lantern":7,"Nunchaku":9,"Anchor":12,"DataDisk":13,"NeowsBlessing":0,"Astrolabe":17,"Molten Egg 2":2,"Letter Opener":14,"Cracked Core":0},{"Lantern":3,"Nunchaku":3,"Anchor":6,"DataDisk":6,"NeowsBlessing":0,"Astrolabe":8,"Molten Egg 2":1,"Letter Opener":7,"Cracked Core":0},{"Lantern":3,"Nunchaku":3,"Anchor":12,"DataDisk":12,"NeowsBlessing":0,"Astrolabe":23,"Molten Egg 2":1,"Letter Opener":16,"Cracked Core":0}]},"card_choices":[{"not_picked":["Compile Driver","Go for the Eyes"],"picked":"Doom and Gloom","floor":1},{"not_picked":["Coolheaded","Ball Lightning+1"],"picked":"Loop","floor":5},{"not_picked":["Turbo","Go for the Eyes+1"],"picked":"FTL+1","floor":7},{"not_picked":["BootSequence","Chill"],"picked":"Sweeping Beam+1","floor":10},{"not_picked":["Coolheaded","Streamline+1"],"picked":"Recycle","floor":11},{"not_picked":["Tempest","Fission"],"picked":"Compile Driver+1","floor":12},{"not_picked":["Steam","Amplify","Streamline+1"],"picked":"SKIP","floor":14},{"not_picked":["Hyperbeam+1","Meteor Strike+1"],"picked":"Echo Form","floor":16},{"not_picked":["Ball Lightning+1","BootSequence"],"picked":"Hologram","floor":18},{"not_picked":["Streamline+1","Gash+1"],"picked":"Hologram","floor":20}],"player_experience":1002967,"relics_obtained":[{"floor":2,"key":"Molten Egg 2"},{"floor":7,"key":"Lantern"},{"floor":9,"key":"Nunchaku"},{"floor":12,"key":"Anchor"},{"floor":13,"key":"DataDisk"},{"floor":14,"key":"Letter Opener"}],"event_choices":[{"damage_healed":0,"gold_gain":75,"player_choice":"Gather Gold","damage_taken":11,"max_hp_gain":0,"max_hp_loss":0,"event_name":"World of Goop","floor":3,"gold_loss":0},{"damage_healed":0,"gold_gain":50,"player_choice":"Touch","damage_taken":7,"max_hp_gain":0,"max_hp_loss":0,"event_name":"FaceTrader","floor":4,"gold_loss":0},{"damage_healed":0,"gold_gain":0,"player_choice":"Got Potions","damage_taken":0,"max_hp_gain":0,"max_hp_loss":0,"event_name":"Lab","floor":19,"gold_loss":0}],"is_beta":false,"boss_relics":[{"not_picked":["Empty Cage","SacredBark"],"picked":"Astrolabe"}],"items_purged_floors":[8],"is_endless":false,"potions_floor_spawned":[1,12,16,18],"killed_by":"Sentry and Sphere","ascension_level":15}}