{"host":"augq31c17g2ieuye","time":1608321182,"event":{"mods":["AchievementEnabler","Aspiration","BaseMod","Better Altar","Better Match","Better Note","Better Sensory Stone","Better Skull","Better Third Choice","Better Vampires","BetterRewards","Card Forge","Displayed Cursed Tome","Downfall","Energized Spire","GifTheSpireLib","Gold Saver","Hubris","Minty Spire (QoL Compilation)","Replay The Spire","Spicy Shops","StSLib","Stuff the Spire","The Necromancer","The Servant 0.9.4"],"gold_per_floor":[112,127,138,248,266,266,277,277,277,303,323,348,348,423,423,521,471,486,499,510,510,524,524,556,655,735,764,775,807,637,662,662,766,766,784,784,784,636,653,684,684,698,698,698,698,714,714,714],"floor_reached":47,"playtime":3161,"items_purged":[],"score":805,"play_id":"e41147e5-067a-4f1f-b966-87288853bde1","local_time":"20201218205302","is_ascension_mode":true,"campfire_choices":[{"floor":6,"key":"RECALL"},{"data":"Toxic_Smoke_Screen","floor":8,"key":"SMITH"},{"data":"Pandemic","floor":13,"key":"SMITH"},{"data":"Pandemic","floor":15,"key":"SMITH"},{"data":"Slay_Living","floor":23,"key":"SMITH"},{"floor":32,"key":"REST"},{"floor":41,"key":"REST"}],"circlet_count":0,"master_deck":["Acid_Javelin+1","Bone_Armor+1","Bone_Shift+1","Plague_Bolt+1","Bone_Shift+1","Bone_Armor+1","Acid_Javelin+1","Bone_Armor+1","Bone_Armor+1","Spectral_Armor+1","Acid_Javelin+1","Toxic_Smoke_Screen+1","Negative_Energy_Burst+1","Negative_Energy_Mist+1","Pandemic+1","Pandemic+1","Cloudkill+1","Detonate_Bones+1","Blood_for_Blood+1","Spectral_Armor+1","Summon_Undead+1","Slay_Living+1","Shade_Step+1","Summon_Undead_Army+1","Acid_Javelin+1","Summon_Undead_Army+1","Summon_Death_Knight+1","Violent_Necrosis+1","StuffTheSpire:BrainWave+1","Summon_Lich+1","Blood_Is_Power+1","Life_Tap+1","Madness+1","Madness+1"],"relics":["Vampire_Amulet","Hammer of Thor","Seething Fire","Anvil of the Gods","aspiration:Nostalgia","hexamod:SpiritBrand","Replay:Wax Seal","ReplayTheSpireMod:Lightbulb","Orichalcum","energizedSpire:HugeHouse","MealTicket","StuffTheSpire:SapphireSignet","Peace Pipe","Iron Hammer","StuffTheSpire:Experiment12","Fusion Hammer","hubris:TenFootPole","Guide Book","War Paint","StuffTheSpire:ForceGauntlet"],"acts_visited":["Exordium","TheCity","TheBeyond"],"potions_floor_usage":[10,12,16,22,24,27,31,42,46],"damage_taken":[{"damage":7,"enemies":"Small Slimes","floor":1,"turns":2},{"damage":0,"enemies":"Cultist","floor":2,"turns":2},{"damage":0,"enemies":"Jaw Worm","floor":3,"turns":3},{"damage":0,"enemies":"Blue Slaver","floor":5,"turns":4},{"damage":1,"enemies":"Lots of Slimes","floor":7,"turns":6},{"damage":13,"enemies":"3 Sentries","floor":10,"turns":6},{"damage":0,"enemies":"Large Slime","floor":11,"turns":4},{"damage":2,"enemies":"Lagavulin","floor":12,"turns":10},{"damage":0,"enemies":"Slime Boss","floor":16,"turns":20},{"damage":0,"enemies":"Shell Parasite","floor":18,"turns":4},{"damage":16,"enemies":"2 Thieves","floor":19,"turns":4},{"damage":0,"enemies":"Chosen and Byrds","floor":20,"turns":4},{"damage":0,"enemies":"Snecko","floor":22,"turns":4},{"damage":0,"enemies":"Book of Stabbing","floor":24,"turns":5},{"damage":9,"enemies":"Slavers","floor":27,"turns":5},{"damage":0,"enemies":"3 Cultists","floor":28,"turns":3},{"damage":0,"enemies":"Replay:Snechameleon","floor":29,"turns":6},{"damage":12,"enemies":"Gremlin Leader","floor":31,"turns":4},{"damage":11,"enemies":"Collector","floor":33,"turns":8},{"damage":15,"enemies":"3 Darklings","floor":35,"turns":4},{"damage":0,"enemies":"Orb Walker","floor":39,"turns":3},{"damage":0,"enemies":"Giant Head","floor":40,"turns":6},{"damage":0,"enemies":"Spire Growth","floor":42,"turns":3},{"damage":18,"enemies":"Jaw Worm Horde","floor":46,"turns":2},{"damage":55,"enemies":"Reptomancer","floor":47,"turns":2}],"seed_played":"334459049713543893","potions_obtained":[{"floor":1,"key":"Elixir"},{"floor":3,"key":"Venom Potion"},{"floor":7,"key":"Death Potion"},{"floor":10,"key":"Regen Potion"},{"floor":16,"key":"LifebloodPotion"},{"floor":18,"key":"ColorlessPotion"},{"floor":21,"key":"Block Potion"},{"floor":21,"key":"FearPotion"},{"floor":21,"key":"Regen Potion"},{"floor":22,"key":"Milkshake"},{"floor":24,"key":"EssenceOfSteel"},{"floor":29,"key":"Venom Potion"},{"floor":40,"key":"Adrenaline Potion"},{"floor":42,"key":"LiquidMemories"},{"floor":46,"key":"SpeedPotion"}],"is_trial":false,"path_per_floor":["M","M","M","?","M","R","M","R","T","E","M","E","R","?","R","B",null,"M","M","M","?","M","R","E","?","T","E","M","E","$","E","R","B",null,"M","?","?","$","M","E","R","M","T","?","?","M","E"],"character_chosen":"NECROMANCER","items_purchased":["Summon_Undead_Army","Fruit Juice","Guide Book","Summon_Lich"],"campfire_rested":2,"item_purchase_floors":[30,30,38,38],"current_hp_per_floor":[70,72,74,49,51,51,60,60,60,53,57,57,57,46,46,69,70,70,58,62,62,64,64,66,66,66,63,70,70,70,68,75,66,75,62,62,62,68,68,68,68,68,68,64,64,52,0,0],"gold":714,"neow_bonus":"NOSTALGIA","is_daily":false,"chose_seed":false,"campfire_upgraded":4,"win_rate":0.0,"timestamp":1608321182,"path_taken":["M","M","M","?","?","R","M","R","T","E","M","E","R","?","R","BOSS","M","M","M","?","?","R","E","?","T","E","M","E","$","E","R","BOSS","M","?","?","$","M","E","R","M","T","?","?","M","E"],"items_purchased_type":["Card","Potion","Relic","Card"],"build_version":"2020-12-13","purchased_purges":0,"victory":false,"max_hp_per_floor":[75,75,75,75,75,75,75,75,75,75,75,75,75,75,75,75,70,70,70,70,70,70,70,70,70,70,70,70,70,70,75,75,75,75,75,68,68,68,68,68,68,68,68,68,68,68,68,68],"card_choices":[{"not_picked":["Toxic_Smoke_Screen","Violent_Necrosis"],"picked":"Spectral_Armor","floor":1},{"not_picked":["Blood_Curse","Deaths_Shadow"],"picked":"Bones_to_Steel","floor":2},{"not_picked":["Shackles_Of_Pain","Bone_Bullets"],"picked":"Acid_Javelin","floor":3},{"not_picked":["Blood_Curse","Bone_Bullets"],"picked":"Toxic_Smoke_Screen","floor":5},{"not_picked":["Negative_Energy_Sphere","Reap_The_Weak"],"picked":"Negative_Energy_Burst","floor":7},{"not_picked":["Negative_Energy_Burst","Death_Coil"],"picked":"Negative_Energy_Mist","floor":10},{"not_picked":["Consume_Illness","Toxic_Smoke_Screen"],"picked":"Pandemic","floor":11},{"not_picked":["Necromantic_Selection","Blood_Curse"],"picked":"Pandemic","floor":12},{"not_picked":["Negative_Energy_Bomb","Blood_Wake"],"picked":"Cloudkill","floor":16},{"not_picked":["Blood_Curse","Whirlwind_of_Bones"],"picked":"Blood_for_Blood","floor":18},{"not_picked":["Bone_Armor","Bones_to_Steel"],"picked":"Spectral_Armor","floor":19},{"not_picked":["Chill_Blood","Blood_Curse+1"],"picked":"Summon_Undead+1","floor":20},{"not_picked":["Thousand_Bone_Knives","Blood_Wake"],"picked":"Slay_Living","floor":22},{"not_picked":["Toxic_Smoke_Screen","Thousand_Bone_Knives+1"],"picked":"Shade_Step","floor":24},{"not_picked":["Blood_Curse","Bone_Armor","Death_March_Dance"],"picked":"SKIP","floor":27},{"not_picked":["Negative_Energy_Shield","Negative_Energy_Burst"],"picked":"Summon_Undead_Army","floor":28},{"not_picked":["Blood_Curse","Bone_Prison"],"picked":"Acid_Javelin","floor":29},{"not_picked":["Bones_to_Steel+1","Exploit+1","Chill_Blood+1"],"picked":"SKIP","floor":31},{"not_picked":["Skeleton_Dragon","Cloudkill"],"picked":"Summon_Death_Knight","floor":33},{"not_picked":["Chill_Blood+1","Blood_Shield+1"],"picked":"Violent_Necrosis+1","floor":35},{"not_picked":["Toxic_Smoke_Screen+1","Acid_Javelin+1"],"picked":"Blood_Is_Power+1","floor":39},{"not_picked":["Blood_Magic","Strike_from_Beyond"],"picked":"Life_Tap","floor":40},{"not_picked":["Scare+1","Death_March_Dance+1","Vampiric_Strike+1"],"picked":"SKIP","floor":42},{"not_picked":["Death_March_Dance","Scare","Negative_Energy_Sphere"],"picked":"SKIP","floor":46}],"player_experience":232499,"relics_obtained":[{"floor":10,"key":"ReplayTheSpireMod:Lightbulb"},{"floor":12,"key":"Orichalcum"},{"floor":24,"key":"MealTicket"},{"floor":26,"key":"StuffTheSpire:SapphireSignet"},{"floor":27,"key":"Peace Pipe"},{"floor":29,"key":"Iron Hammer"},{"floor":31,"key":"StuffTheSpire:Experiment12"},{"floor":40,"key":"War Paint"},{"floor":43,"key":"StuffTheSpire:ForceGauntlet"}],"event_choices":[{"damage_healed":0,"gold_gain":110,"player_choice":"GO RE ","damage_taken":28,"relics_obtained":["Replay:Wax Seal"],"max_hp_gain":0,"max_hp_loss":0,"event_name":"betterSkull:BetterSkull","floor":4,"gold_loss":0,"cards_upgraded":[]},{"damage_healed":0,"gold_gain":75,"player_choice":"Gold","damage_taken":11,"max_hp_gain":0,"max_hp_loss":0,"event_name":"betterThird:BetterGoop","floor":14,"gold_loss":0},{"damage_healed":0,"gold_gain":0,"player_choice":"Got Potions","damage_taken":0,"max_hp_gain":0,"max_hp_loss":0,"event_name":"Lab","floor":21,"gold_loss":0},{"damage_healed":0,"gold_gain":99,"player_choice":"Steal","damage_taken":0,"max_hp_gain":0,"max_hp_loss":0,"event_name":"betterThird:BetterNest","floor":25,"gold_loss":0},{"damage_healed":0,"gold_gain":0,"player_choice":"Embrace Madness","damage_taken":9,"max_hp_gain":0,"max_hp_loss":0,"event_name":"Winding Halls","floor":44,"gold_loss":0,"cards_obtained":["Madness","Madness"]},{"damage_healed":0,"gold_gain":0,"player_choice":"Ignored","damage_taken":0,"max_hp_gain":0,"max_hp_loss":0,"event_name":"Tomb of Lord Red Mask","floor":45,"gold_loss":0}],"is_beta":false,"boss_relics":[{"not_picked":["energizedSpire:SpiderWeb","Painkiller Herb"],"picked":"energizedSpire:HugeHouse"},{"not_picked":["energizedSpire:NeverEndingSparkler","StuffTheSpire:RunicConfusion"],"picked":"Fusion Hammer"}],"items_purged_floors":[],"is_endless":false,"potions_floor_spawned":[1,3,7,10,16,18,22,24,29,40,42,46],"killed_by":"Reptomancer","ascension_level":1}}