{"host":"a3gl5es7j3fsfxu2","time":1608332317,"event":{"mods":["A Magickal Journey","AchievementEnabler","BaseMod","Better Third Choice","BetterRewards","Conspire","Custom Start","DeckTracker","Gold Saver","GungeonMod","Halation","Hermit","Hubris","Infinite Spire","Jedi Mod","Jorbs\u0027s Wanderer Trilogy","Minty Spire (QoL Compilation)","Permanent Neow","Potionbrewer","Quick Restart","Relic Filter","Relic Sorter","Remove Card Discount Mod","Replay The Spire","Robot Space Explorer","Spicy Shops","StSLib","The Animator","The Exalted","The Poker Player","The Problem Sleuth","The Runesmith","TheArtist","vexMod"],"gold_per_floor":[9585,9600,8769,8769,8092,8125,8125,8100,8100,8100,8175,8193,8208,8242,7798,7843,7843,7940,8040,8051,8051,7718,7718,7733,7733,7766,7766,7818,7818,7838,7838,7854,7481,7481,8069,8069,8609,9182,9791,9358,9980,10659,10659,11386,11435,11435,11435,12203,12203,13025,13025,13969,13969,14897,14897],"floor_reached":54,"playtime":2728,"items_purged":["hubris:Wrath","Defend_G","Strike_G","Strike_G","Defend_G","Parasite","Regret"],"score":1570,"play_id":"f16879d5-0cd0-4c12-a188-fe7a8c36f593","local_time":"20201218235837","is_ascension_mode":true,"campfire_choices":[{"data":"ReplayTheSpireMod:Scrap Shanks","floor":7,"key":"SMITH"},{"data":"conspire:DoublingDagger","floor":17,"key":"SMITH"},{"data":"Finisher","floor":25,"key":"SMITH"},{"data":"jedi:studyshivs","floor":27,"key":"SMITH"},{"data":"conspire:DoublingDagger","floor":29,"key":"SMITH"},{"data":"Accuracy","floor":34,"key":"SMITH"},{"data":"Cloak And Dagger","floor":43,"key":"SMITH"},{"data":"conspire:PoisonWeapons","floor":47,"key":"SMITH"},{"data":"conspire:DoublingDagger","floor":51,"key":"SMITH"}],"circlet_count":0,"master_deck":["Strike_G","Strike_G","Strike_G","Defend_G","Defend_G","Defend_G","Survivor","Neutralize","Blur+1","Leg Sweep","Slice","Burst","ReplayTheSpireMod:Scrap Shanks+1","Backstab","Finisher+1","jedi:pocketpoison+1","conspire:DoublingDagger+1","Skewer+1","Quick Slash+1","Master of Strategy","jedi:studyshivs+1","Noxious Fumes+1","conspire:DoublingDagger+1","conspire:DoublingDagger+1","Quick Slash+1","Accuracy+1","conspire:PoisonWeapons+1","Poison Darts","Blade Dance","Infinite Blades","Cloak And Dagger+1"],"relics":["Ring of the Snake","Lantern","Membership Card","Bromod:ArcaneTrickery","Anchor","vexMod:Dragonfruit","DemoMod:GnawedKey","hubris:Towel","Chemical X","Molten Egg 2","jedi:heavyjacket","Sling","Pen Nib","vexMod:PlasmaPancake","DemoMod:GlassGuonStoneRelic","DemoMod:AgedBell","Mummified Hand","hubris:CrystalStatue","infinitespire:Satchel","War Paint","Boot","TheAbacus","Bromod:ArcaneNullifier","Replay:Wanted Poster","Art of War","halation:LostSnail","hubris:BottledRain","Unceasing Top","halation:Sosunser","halation:BottledLove","DemoMod:OrangeGuonStone","jedi:Pinwheel","halation:EternalFortune","ReplayTheSpireMod:Ninjato","potionbrewer:Keyblade","Bronze Scales","infinitespire:EvilPickle","conspire:SpecialSausage","jedi:fakemustache","Letter Opener","halation:IllGainedPizza","DemoMod:MeatBun","Bromod:ArcaneMomentum","Bag of Preparation","Bag of Marbles","conspire:DeflatedDodgeball","SlaversCollar"],"acts_visited":["Exordium","TheCity","TheBeyond","Exordium"],"potions_floor_usage":[],"damage_taken":[{"damage":0,"enemies":"2 Louse","floor":1,"turns":2},{"damage":7,"enemies":"conspire:RoseBush","floor":2,"turns":3},{"damage":18,"enemies":"Replay:BlueRogue","floor":6,"turns":7},{"damage":0,"enemies":"Jaw Worm","floor":12,"turns":2},{"damage":0,"enemies":"Exordium Thugs","floor":13,"turns":4},{"damage":0,"enemies":"Lagavulin","floor":14,"turns":5},{"damage":0,"enemies":"Slime Boss","floor":18,"turns":3},{"damage":0,"enemies":"Shell Parasite","floor":20,"turns":3},{"damage":0,"enemies":"Chosen","floor":24,"turns":2},{"damage":0,"enemies":"Slavers","floor":26,"turns":2},{"damage":0,"enemies":"Snake Plant","floor":30,"turns":1},{"damage":0,"enemies":"Centurion and Healer","floor":32,"turns":2},{"damage":0,"enemies":"Pondfish","floor":35,"turns":3},{"damage":0,"enemies":"Orb Walker","floor":37,"turns":1},{"damage":0,"enemies":"3 Shapes","floor":38,"turns":2},{"damage":0,"enemies":"Sphere and 2 Shapes","floor":39,"turns":1},{"damage":0,"enemies":"Jaw Worm Horde","floor":41,"turns":1},{"damage":0,"enemies":"R_Hoarder","floor":42,"turns":2},{"damage":0,"enemies":"Reptomancer","floor":44,"turns":1},{"damage":0,"enemies":"R_Hoarder","floor":48,"turns":2},{"damage":0,"enemies":"Nightmare","floor":50,"turns":1},{"damage":0,"enemies":"conspire:OrnateMirror","floor":52,"turns":1},{"damage":3,"enemies":"conspire:RoseBush","floor":54,"turns":3}],"seed_played":"-5957870184526922917","potions_obtained":[{"floor":1,"key":"potionbrewer:NoxiousPotion"},{"floor":12,"key":"Block Potion"},{"floor":13,"key":"DemoMod:LeadSkinPotion"}],"is_trial":false,"path_per_floor":["M","M","$","?","$","E","R","?","PTL","PTL","T","M","M","E","$","T","R","B",null,"M","?","$","T","M","R","E","R","T","R","M","?","M","$","R","B",null,"M","M","M","$","M","E","R","E","T","?","R","E","?","NM","R","B",null,"M"],"character_chosen":"THE_SILENT","items_purchased":["Lantern","Slice","Membership Card","Bromod:ArcaneTrickery","Anchor","vexMod:Dragonfruit","Burst","DemoMod:GnawedKey","ReplayTheSpireMod:Scrap Shanks","Backstab","Finisher","Chemical X","Molten Egg 2","jedi:heavyjacket","Sling","Pen Nib","vexMod:PlasmaPancake","infinitespire:Satchel","Skewer+1","Quick Slash+1","War Paint","Boot","TheAbacus","Master of Strategy","Art of War","halation:LostSnail","hubris:BottledRain","Unceasing Top","halation:Sosunser","halation:BottledLove","Accuracy","conspire:PoisonWeapons","ReplayTheSpireMod:Ninjato","potionbrewer:Keyblade","Bronze Scales","Infinite Blades","jedi:fakemustache","Letter Opener","halation:IllGainedPizza","DemoMod:MeatBun","Bromod:ArcaneMomentum","Cloak And Dagger"],"campfire_rested":0,"item_purchase_floors":[3,3,3,3,3,3,3,3,3,5,5,5,5,5,5,5,5,15,15,15,15,15,15,15,22,22,22,22,22,22,33,33,33,33,33,40,40,40,40,40,40,40],"current_hp_per_floor":[70,63,68,68,74,56,56,56,56,56,56,56,56,56,56,56,56,56,75,75,75,75,75,75,75,75,75,75,75,75,78,78,78,78,78,80,80,83,83,84,84,84,84,84,84,84,84,84,84,84,84,84,84,81,81],"gold":14897,"neow_bonus":"TWO_FIFTY_GOLD","is_daily":false,"chose_seed":false,"campfire_upgraded":9,"win_rate":0.0,"timestamp":1608332317,"path_taken":["M","M","$","?","$","E","R","?","PTL","PTL","T","M","?","E","$","?","R","BOSS","M","?","$","?","M","R","E","R","T","R","?","?","M","$","R","BOSS","M","M","M","$","M","E","R","E","T","?","R","E","?","NM","R","BOSS","M"],"items_purchased_type":["Relic","Card","Relic","Relic","Relic","Relic","Card","Relic","Card","Card","Card","Relic","Relic","Relic","Relic","Relic","Relic","Relic","Card","Card","Relic","Relic","Relic","Card","Relic","Relic","Relic","Relic","Relic","Relic","Card","Card","Relic","Relic","Relic","Card","Relic","Relic","Relic","Relic","Relic","Card"],"build_version":"2020-12-13","purchased_purges":7,"victory":false,"max_hp_per_floor":[70,70,75,75,81,81,81,81,81,81,81,81,81,81,81,81,81,81,81,81,81,81,81,81,81,81,81,81,81,81,84,84,81,81,81,81,81,84,84,84,84,84,84,84,84,84,84,84,84,84,84,84,84,84,84],"card_choices":[{"not_picked":["Dagger Spray","Deflect"],"picked":"Blur","floor":1},{"not_picked":["Dagger Throw","Slice"],"picked":"Leg Sweep","floor":2},{"not_picked":["All Out Attack+1","Predator+1","jedi:poisonivy"],"picked":"SKIP","floor":6},{"not_picked":["Acrobatics","ReplayTheSpireMod:Tripwire"],"picked":"jedi:pocketpoison","floor":12},{"not_picked":["Hidden Blade","ReplayTheSpireMod:Speed Training","Outmaneuver"],"picked":"SKIP","floor":13},{"not_picked":["Acrobatics","Crippling Poison"],"picked":"conspire:DoublingDagger","floor":14},{"not_picked":["Glass Knife+1","Burst"],"picked":"jedi:studyshivs","floor":18},{"not_picked":["PiercingWail","Flying Knee+1"],"picked":"Noxious Fumes+1","floor":20},{"not_picked":["Slice+1","Wraith Form v2"],"picked":"conspire:DoublingDagger","floor":24},{"not_picked":["Footwork+1","Well Laid Plans"],"picked":"conspire:DoublingDagger","floor":26},{"not_picked":["Flying Knee+1","ReplayTheSpireMod:Scrap Shanks","Backflip"],"picked":"SKIP","floor":30},{"not_picked":["Dodge and Roll","Prepared"],"picked":"Quick Slash+1","floor":32},{"not_picked":["Venomology","Burst"],"picked":"Poison Darts","floor":35},{"not_picked":["Dodge and Roll","Underhanded Strike+1","Backflip"],"picked":"SKIP","floor":37},{"not_picked":["Doppelganger","Dagger Throw+1","ReplayTheSpireMod:Exploit Weakness+1"],"picked":"SKIP","floor":38},{"not_picked":["Deadly Poison","Atom Bomb+1"],"picked":"Blade Dance","floor":39},{"not_picked":["Acrobatics","Replay:Poison Smokescreen+1","ReplayTheSpireMod:Exploit Weakness+1"],"picked":"SKIP","floor":41},{"not_picked":["Replay:Poison Smokescreen+1","hubris:SlightOfHand+1","Poisoned Stab+1"],"picked":"SKIP","floor":42},{"not_picked":["Footwork","jedi:poisonivy+1","Tools of the Trade"],"picked":"SKIP","floor":44},{"not_picked":["Blur+1","PiercingWail","Flying Knee+1"],"picked":"SKIP","floor":48},{"not_picked":["Glass Knife+1","Outmaneuver+1","Quick Slash+1"],"picked":"SKIP","floor":50},{"not_picked":["Dodge and Roll","Deflect","Slice+1"],"picked":"SKIP","floor":54}],"player_experience":358328,"relics_obtained":[{"floor":6,"key":"DemoMod:AgedBell"},{"floor":11,"key":"Mummified Hand"},{"floor":14,"key":"hubris:CrystalStatue"},{"floor":16,"key":"Bromod:ArcaneNullifier"},{"floor":23,"key":"DemoMod:OrangeGuonStone"},{"floor":26,"key":"jedi:Pinwheel"},{"floor":38,"key":"halation:EternalFortune"},{"floor":45,"key":"Bag of Preparation"},{"floor":48,"key":"Bag of Marbles"},{"floor":50,"key":"conspire:DeflatedDodgeball"}],"event_choices":[{"damage_healed":0,"gold_gain":0,"player_choice":"Ignored","damage_taken":0,"max_hp_gain":0,"max_hp_loss":0,"event_name":"Tomb of Lord Red Mask","floor":46,"gold_loss":0}],"is_beta":false,"boss_relics":[{"not_picked":["hubris:VirtuousBlindfold","Ring of Chaos"],"picked":"Replay:Wanted Poster"},{"not_picked":["halation:ForbiddenBikini","halation:MonkeysPaw"],"picked":"conspire:SpecialSausage"},{"not_picked":["Snecko Scales","Painkiller Herb"],"picked":"SlaversCollar"}],"items_purged_floors":[3,3,3,3,3,33,40],"is_endless":true,"potions_floor_spawned":[1,12,13,24,30,35,37,38,39],"killed_by":"conspire:RoseBush","ascension_level":5}}