{"host":"91kqwblrqvon3fcz","time":1608323781,"event":{"mods":["Act Like it!","BaseMod","Elementarium","Hermit","Minty Spire (QoL Compilation)","Quick Restart","StSLib"],"gold_per_floor":[109,109,109,284,7,7,17,17,17,44,60,73,104,104,104,202,202,222,69,88,88,100,133,58,58,58],"floor_reached":25,"playtime":649,"items_purged":["Doubt"],"score":318,"play_id":"1b6c3122-81cf-4434-9ab5-d8618ea81b90","local_time":"20201218123621","is_ascension_mode":true,"campfire_choices":[{"floor":6.0,"key":"RECALL"},{"data":"Eruption","floor":8.0,"key":"SMITH"},{"floor":15.0,"key":"REST"}],"circlet_count":0,"master_deck":["Strike_P","Strike_P","Strike_P","Strike_P","Defend_P","Defend_P","Defend_P","Defend_P","Eruption+1","Vigilance","Blasphemy+1","FlyingSleeves","Evaluate+1","EmptyBody+1","SignatureMove","Devotion","Swivel+1","Ragnarok","Regret","Establishment","EmptyFist+1","JustLucky+1","ThirdEye+1","MasterReality"],"relics":["HolyWater","Toxic Egg 2","Akabeko","Ancient Tea Set","Bronze Scales","Centennial Puzzle","PreservedInsect","Sundial"],"acts_visited":["Exordium","Elementarium:Elementarium"],"potions_floor_usage":[25],"damage_taken":[{"damage":0.0,"enemies":"Cultist","floor":1.0,"turns":2.0},{"damage":9.0,"enemies":"Small Slimes","floor":7.0,"turns":3.0},{"damage":0.0,"enemies":"Lagavulin","floor":10.0,"turns":5.0},{"damage":0.0,"enemies":"2 Louse","floor":11.0,"turns":2.0},{"damage":13.0,"enemies":"Exordium Wildlife","floor":12.0,"turns":4.0},{"damage":14.0,"enemies":"Gremlin Nob","floor":13.0,"turns":3.0},{"damage":4.0,"enemies":"Slime Boss","floor":16.0,"turns":3.0},{"damage":2.0,"enemies":"Elementarium:VoidCorruption","floor":18.0,"turns":3.0},{"damage":4.0,"enemies":"Elementarium:2_ELEMENTALS","floor":20.0,"turns":4.0},{"damage":1.0,"enemies":"Elementarium:STONE_GOLEMS","floor":22.0,"turns":2.0},{"damage":42.0,"enemies":"Elementarium:ElementalPortal","floor":23.0,"turns":6.0},{"damage":6,"enemies":"Elementarium:FIRE_NOBILITY","floor":25,"turns":1}],"seed_played":"-5586371522156641264","potions_obtained":[{"floor":10.0,"key":"PowerPotion"},{"floor":16.0,"key":"Dexterity Potion"},{"floor":23.0,"key":"BottledMiracle"}],"is_trial":false,"path_per_floor":["M","?","?","?","$","R","M","R","T","E","M","M","E","?","R","B",null,"M","$","M","$","M","E","$","E"],"character_chosen":"WATCHER","items_purchased":["Toxic Egg 2","Evaluate+1","PreservedInsect"],"campfire_rested":1,"item_purchase_floors":[5,5,19],"current_hp_per_floor":[65,65,65,65,65,65,56,56,56,56,56,43,29,29,48,44,65,63,63,59,59,58,16,16,10,10],"gold":58,"neow_bonus":"THREE_RARE_CARDS","is_daily":false,"chose_seed":false,"campfire_upgraded":1,"win_rate":0.0,"timestamp":1608323781,"path_taken":["M","?","?","?","$","R","M","R","T","E","?","M","E","?","R","BOSS","M","$","M","$","M","E","$","E"],"items_purchased_type":["Relic","Card","Relic"],"build_version":"2020-12-13","purchased_purges":1,"victory":false,"max_hp_per_floor":[65,65,65,65,65,65,65,65,65,65,65,65,65,65,65,65,65,65,65,65,65,65,65,65,65,65],"card_choices":[{"not_picked":["Scrawl","Devotion"],"picked":"Blasphemy","floor":0.0},{"not_picked":["FearNoEvil","Wallop"],"picked":"FlyingSleeves","floor":1.0},{"not_picked":["FlurryOfBlows","FlyingSleeves"],"picked":"EmptyBody+1","floor":7.0},{"not_picked":["Adaptation","FlurryOfBlows"],"picked":"SignatureMove","floor":10.0},{"not_picked":["Nirvana","Consecrate"],"picked":"Devotion","floor":11.0},{"not_picked":["Protect+1","JustLucky"],"picked":"Swivel+1","floor":12.0},{"not_picked":["Consecrate","Nirvana"],"picked":"Ragnarok","floor":13.0},{"not_picked":["ConjureBlade+1","SpiritShield+1"],"picked":"Establishment","floor":16.0},{"not_picked":["PathToVictory+1","Meditate+1"],"picked":"EmptyFist+1","floor":18.0},{"not_picked":["SignatureMove","Halt+1"],"picked":"JustLucky+1","floor":20.0},{"not_picked":["PathToVictory+1","WheelKick+1"],"picked":"ThirdEye+1","floor":22.0},{"not_picked":["WindmillStrike","Meditate+1"],"picked":"MasterReality","floor":23.0}],"player_experience":393986,"relics_obtained":[{"floor":9.0,"key":"Akabeko"},{"floor":10.0,"key":"Ancient Tea Set"},{"floor":13.0,"key":"Bronze Scales"},{"floor":23.0,"key":"Sundial"}],"event_choices":[{"damage_healed":0.0,"max_hp_gain":0.0,"max_hp_loss":0.0,"gold_gain":0.0,"event_name":"The Cleric","player_choice":"Leave","floor":2.0,"gold_loss":0.0,"damage_taken":0.0},{"damage_healed":0.0,"max_hp_gain":0.0,"max_hp_loss":0.0,"gold_gain":0.0,"event_name":"Living Wall","player_choice":"Grow","floor":3.0,"gold_loss":0.0,"damage_taken":0.0,"cards_upgraded":["Blasphemy"]},{"damage_healed":0.0,"max_hp_gain":0.0,"max_hp_loss":0.0,"gold_gain":175.0,"event_name":"Liars Game","player_choice":"AGREE","floor":4.0,"gold_loss":0.0,"damage_taken":0.0,"cards_obtained":["Doubt"]},{"damage_healed":0.0,"max_hp_gain":0.0,"max_hp_loss":0.0,"gold_gain":0.0,"event_name":"Big Fish","player_choice":"Box","floor":14.0,"gold_loss":0.0,"damage_taken":0.0,"relics_obtained":["Centennial Puzzle"],"cards_obtained":["Regret"]}],"is_beta":false,"boss_relics":[{"not_picked":["Sozu","Busted Crown"],"picked":"HolyWater"}],"items_purged_floors":[24],"is_endless":false,"potions_floor_spawned":[10,16,23],"killed_by":"Elementarium:FIRE_NOBILITY","ascension_level":1}}