{"host":"jkgg7n5hn1slsm35","time":1608295341,"event":{"mods":["Aspiration","BaseMod","BetterRewards","Conspire","Googly Eyes","Gremlin Skip","Halation","Highlight Path","Hubris","Infinite Spire","Minty Spire (QoL Compilation)","Permanent Neow","StSLib","SuperFastMode","vexMod"],"gold_per_floor":[113,38,38,38,38,49,49,65,143,143,156,171,171,182,182,287,287,298,318,328,345,377,406,406,406,406,421,421,421,431,441,441,544,544,564,564,580,580,594,594,611,625,625,652,538,638,657,674,674,791,791,791,397,403,403,410,410,413,434,434,447,447,20,20,17,17,100,100,95,95,94,94,94,94,92,85,85,85,98,98,98,98,98,162,162,165,201,194,194,185,175,175,160,160,148,153,144,144,136,136,200,200,204,127,141,241,241,241,241,241,241,241,241,241,241,240,240,319,319,316,316,316,312,312,312,309,309,309,309,309,309,308,308,308,355,355,355,359,359,336,336,336,327,327,327,327,327,327,322,316,316,267,267],"floor_reached":152,"playtime":10301,"items_purged":["Strike_G","Strike_G","Strike_G","Strike_G","Strike_G","Defend_G","Defend_G"],"score":3302,"play_id":"861c78a1-3d85-4e61-a785-17a77eac802a","local_time":"20201218134221","is_ascension_mode":false,"campfire_choices":[{"data":"Masterful Stab","floor":7,"key":"SMITH"},{"data":"Footwork","floor":10,"key":"SMITH"},{"data":"Dodge and Roll","floor":13,"key":"SMITH"},{"floor":15,"key":"REST"},{"floor":25,"key":"REST"},{"floor":29,"key":"REST"},{"floor":32,"key":"REST"},{"data":"Corpse Explosion","floor":40,"key":"SMITH"},{"floor":49,"key":"REST"},{"data":"infinitespire:Neurotoxin","floor":57,"key":"SMITH"},{"floor":64,"key":"REST"},{"data":"Envenom","floor":66,"key":"SMITH"},{"data":"Caltrops","floor":74,"key":"SMITH"},{"floor":81,"key":"REST"},{"data":"Adrenaline","floor":83,"key":"SMITH"},{"data":"Adrenaline","floor":92,"key":"SMITH"},{"floor":100,"key":"REST"},{"data":"Footwork","floor":108,"key":"SMITH"},{"data":"Noxious Fumes","floor":110,"key":"SMITH"},{"data":"Noxious Fumes","floor":112,"key":"SMITH"},{"data":"Noxious Fumes","floor":114,"key":"SMITH"},{"data":"Noxious Fumes","floor":117,"key":"SMITH"},{"data":"infinitespire:Punishment","floor":125,"key":"SMITH"},{"data":"Adrenaline","floor":127,"key":"SMITH"},{"data":"Escape Plan","floor":131,"key":"SMITH"},{"data":"Adrenaline","floor":134,"key":"SMITH"},{"data":"1","floor":142,"key":"LIFT"},{"data":"2","floor":144,"key":"LIFT"},{"data":"3","floor":147,"key":"LIFT"},{"data":"Backflip","floor":151,"key":"SMITH"}],"circlet_count":0,"master_deck":["Defend_G","Defend_G","Neutralize","Dodge and Roll","Noxious Fumes+1","Masterful Stab+1","Footwork+1","Dodge and Roll+1","Corpse Explosion+1","Bane","Noxious Fumes+1","Backflip+1","Poisoned Stab","Deflect","Escape Plan","Dodge and Roll+1","Escape Plan","Blur+1","Masterful Stab","Deflect","infinitespire:Neurotoxin+1","Poisoned Stab","Footwork+1","Noxious Fumes+1","Envenom+1","Noxious Fumes+1","Blur+1","Deflect","Noxious Fumes+1","Caltrops+1","Adrenaline+1","Noxious Fumes+1","Adrenaline+1","Catalyst+1","Masterful Stab+1","Adrenaline+1","Adrenaline+1","Bane","Blur","Poisoned Stab","Deflect+1","infinitespire:Punishment+1","Escape Plan+1","Magnetism+1","Backflip+1","Footwork+1","conspire:Banana+1"],"relics":["Ring of the Snake","aspiration:Nostalgia","Cracked Core","hubris:EvacipatedBox","Letter Opener","infinitespire:Cupcake","Regal Pillow","Pantograph","vexMod:CardConverter","Chemical X","SlaversCollar","Sozu","infinitespire:CheckeredPen","halation:IllGainedPizza","conspire:SpecialSausage","vexMod:HeadHunter","infinitespire:PuzzleCube","hubris:BottledRain","hubris:TinFlute","Snake Skull","DollysMirror","vexMod:MysteryBossChallenge","Black Blood","hubris:Icosahedron","infinitespire:FocusingShard","halation:BottledLove","infinitespire:Eraser","halation:Diary","Black Star","Toy Ornithopter","Frozen Egg 2","Eternal Feather","hubris:Spice","HornCleat","halation:PapillonHeart","vexMod:BigBerry","Turnip","MutagenicStrength","Red Mask","Mummified Hand","PrismaticShard","hubris:Towel","Girya"],"acts_visited":["Exordium","TheCity","TheBeyond","Exordium","TheCity","TheBeyond","Exordium","TheCity","TheBeyond"],"potions_floor_usage":[11,20,20,37,39],"damage_taken":[{"damage":0,"enemies":"Cultist","floor":1,"turns":4},{"damage":0,"enemies":"2 Louse","floor":6,"turns":4},{"damage":0,"enemies":"Jaw Worm","floor":8,"turns":3},{"damage":0,"enemies":"Gremlin Gang","floor":11,"turns":5},{"damage":0,"enemies":"Large Slime","floor":12,"turns":5},{"damage":0,"enemies":"Looter","floor":14,"turns":3},{"damage":0,"enemies":"Hexaghost","floor":16,"turns":11},{"damage":0,"enemies":"conspire:FuzzyDice","floor":18,"turns":5},{"damage":5,"enemies":"Spheric Guardian","floor":19,"turns":6},{"damage":27,"enemies":"Shelled Parasite and Fungi","floor":20,"turns":8},{"damage":0,"enemies":"3 Cultists","floor":21,"turns":4},{"damage":20,"enemies":"conspire:MimicChest","floor":22,"turns":8},{"damage":1,"enemies":"Nightmare","floor":23,"turns":10},{"damage":8,"enemies":"Centurion and Healer","floor":27,"turns":5},{"damage":18,"enemies":"Snake Plant","floor":30,"turns":4},{"damage":9,"enemies":"Shelled Parasite and Fungi","floor":31,"turns":5},{"damage":9,"enemies":"Automaton","floor":33,"turns":10},{"damage":0,"enemies":"3 Darklings","floor":35,"turns":2},{"damage":2,"enemies":"Orb Walker","floor":37,"turns":4},{"damage":13,"enemies":"Jaw Worm Horde","floor":39,"turns":5},{"damage":0,"enemies":"Writhing Mass","floor":41,"turns":6},{"damage":0,"enemies":"Transient","floor":42,"turns":5},{"damage":13,"enemies":"Sphere and 2 Shapes","floor":47,"turns":7},{"damage":0,"enemies":"3 Darklings","floor":48,"turns":3},{"damage":76,"enemies":"Donu and Deca","floor":50,"turns":9},{"damage":2,"enemies":"Jaw Worm","floor":52,"turns":2},{"damage":0,"enemies":"Cultist","floor":54,"turns":2},{"damage":0,"enemies":"Small Slimes","floor":55,"turns":2},{"damage":4,"enemies":"Exordium Thugs","floor":56,"turns":2},{"damage":0,"enemies":"3 Louse","floor":58,"turns":3},{"damage":6,"enemies":"Gremlin Nob","floor":59,"turns":3},{"damage":12,"enemies":"3 Sentries","floor":61,"turns":3},{"damage":0,"enemies":"Large Slime","floor":65,"turns":4},{"damage":8,"enemies":"The Guardian","floor":67,"turns":7},{"damage":0,"enemies":"Spheric Guardian","floor":69,"turns":3},{"damage":0,"enemies":"2 Thieves","floor":71,"turns":4},{"damage":5,"enemies":"Gremlin Leader","floor":75,"turns":6},{"damage":20,"enemies":"Snecko","floor":76,"turns":4},{"damage":9,"enemies":"Slavers","floor":79,"turns":2},{"damage":0,"enemies":"Centurion and Healer","floor":82,"turns":3},{"damage":20,"enemies":"Automaton","floor":84,"turns":7},{"damage":4,"enemies":"3 Shapes","floor":86,"turns":2},{"damage":68,"enemies":"2 Orb Walkers","floor":87,"turns":4},{"damage":0,"enemies":"3 Darklings","floor":88,"turns":3},{"damage":0,"enemies":"Sphere and 2 Shapes","floor":90,"turns":4},{"damage":29,"enemies":"Nemesis","floor":91,"turns":7},{"damage":17,"enemies":"Spire Growth","floor":93,"turns":4},{"damage":51,"enemies":"Giant Head","floor":95,"turns":7},{"damage":0,"enemies":"Jaw Worm Horde","floor":96,"turns":2},{"damage":0,"enemies":"Maw","floor":97,"turns":3},{"damage":0,"enemies":"Spire Growth","floor":99,"turns":3},{"damage":15,"enemies":"Donu and Deca","floor":101,"turns":5},{"damage":0,"enemies":"Small Slimes","floor":103,"turns":1},{"damage":0,"enemies":"Cultist","floor":105,"turns":1},{"damage":0,"enemies":"Jaw Worm","floor":107,"turns":2},{"damage":11,"enemies":"Large Slime","floor":116,"turns":3},{"damage":0,"enemies":"The Guardian","floor":118,"turns":3},{"damage":0,"enemies":"Chosen","floor":120,"turns":2},{"damage":0,"enemies":"Spheric Guardian","floor":123,"turns":3},{"damage":0,"enemies":"Centurion and Healer","floor":126,"turns":2},{"damage":0,"enemies":"Cultist and Chosen","floor":132,"turns":2},{"damage":22,"enemies":"Champ","floor":135,"turns":6},{"damage":0,"enemies":"Orb Walker","floor":137,"turns":2},{"damage":0,"enemies":"3 Shapes","floor":138,"turns":2},{"damage":0,"enemies":"Maw","floor":140,"turns":4},{"damage":0,"enemies":"Jaw Worm Horde","floor":143,"turns":3},{"damage":16,"enemies":"4 Shapes","floor":149,"turns":4},{"damage":3,"enemies":"Sphere and 2 Shapes","floor":150,"turns":3},{"damage":224,"enemies":"infinitespire:LordOfFortification","floor":152,"turns":5}],"seed_played":"8806449583929036274","potions_obtained":[{"floor":1,"key":"Swift Potion"},{"floor":12,"key":"SpeedPotion"},{"floor":18,"key":"SmokeBomb"},{"floor":19,"key":"Fire Potion"},{"floor":20,"key":"Fruit Juice"},{"floor":31,"key":"LiquidMemories"},{"floor":33,"key":"Weak Potion"}],"is_trial":false,"path_per_floor":["M","$","$","?","$","M","R","M","T","R","M","M","R","M","R","B",null,"M","M","M","M","?","NM","?","R","T","M","AVR","R","M","M","R","B",null,"M","?","M","?","M","R","M","M","T","T","$","?","M","M","R","B",null,"M","$","M","M","M","R","M","E","T","E","?","$","R","M","R","B",null,"M","?","M","?","?","R","E","M","T","?","E","AVR","R","M","R","B",null,"M","?","M","?","M","E","R","M","T","E","M","M","?","M","R","B",null,"M","$","M","?","M","R","$","R","T","R","?","R","?","M","R","B",null,"M","?","?","M","?","R","M","R","T","?","?","R","M","AVR","R","B",null,"M","M","?","M","?","R","M","R","T","?","R","?","M","M","R","B"],"character_chosen":"THE_SILENT","items_purchased":["Noxious Fumes","hubris:EvacipatedBox","Masterful Stab","vexMod:HeadHunter","Snake Skull","DollysMirror","Blur"],"campfire_rested":8,"item_purchase_floors":[2,5,45,53,63,63,104],"current_hp_per_floor":[70,70,70,70,46,46,46,46,46,46,46,46,46,46,67,67,70,70,65,43,43,23,22,22,59,59,51,51,75,59,50,77,68,77,77,77,77,77,66,66,68,68,68,68,70,70,59,59,87,13,89,89,89,91,93,89,89,89,83,83,75,84,86,101,103,103,95,103,105,105,107,107,107,107,109,101,101,79,84,84,116,116,116,110,118,120,66,78,78,90,73,73,68,68,39,51,63,63,75,120,119,152,154,156,158,158,158,158,158,158,158,158,158,158,158,158,158,158,166,168,168,168,168,168,170,172,172,172,164,164,172,172,172,172,164,166,166,168,168,168,168,168,170,170,170,170,170,170,168,174,174,0,0],"gold":267,"neow_bonus":"NOSTALGIA","is_daily":false,"chose_seed":false,"campfire_upgraded":19,"win_rate":0.0,"timestamp":1608295341,"path_taken":["M","?","$","?","?","M","R","M","T","R","M","M","R","M","R","BOSS","M","M","M","M","?","NM","?","R","T","M","AVR","R","M","M","R","BOSS","M","?","M","?","?","R","M","M","T","?","$","?","M","M","R","BOSS","M","$","M","M","?","R","M","E","T","E","?","?","R","M","R","BOSS","M","?","M","?","?","R","E","M","T","?","E","AVR","R","M","R","BOSS","M","?","M","?","M","E","R","M","T","E","M","M","?","M","R","BOSS","M","$","M","?","?","R","?","R","T","R","?","R","?","?","R","BOSS","M","?","?","M","?","R","M","R","T","?","?","R","M","AVR","R","BOSS","M","M","?","M","?","R","M","R","T","?","R","?","M","M","R","BOSS"],"items_purchased_type":["Card","Relic","Card","Relic","Relic","Relic","Card"],"build_version":"2020-12-13","purchased_purges":7,"victory":false,"max_hp_per_floor":[70,70,70,70,70,70,70,70,70,70,70,70,70,70,70,70,70,70,70,75,75,75,75,75,75,75,75,75,75,77,77,77,77,77,77,77,79,79,81,81,83,83,83,83,85,85,87,87,87,89,89,91,91,93,95,95,95,95,95,95,99,99,101,101,103,103,103,103,105,105,107,107,107,107,109,109,109,114,116,116,116,116,116,118,118,120,122,122,116,116,116,116,116,116,126,126,126,120,120,120,122,152,154,156,158,158,158,158,158,158,158,158,158,158,158,158,158,158,166,168,168,168,168,168,170,172,172,172,172,172,172,172,172,172,174,166,166,168,168,168,168,168,170,170,170,170,170,170,172,174,174,176,176],"card_choices":[{"not_picked":["Backflip","hubris:SlightOfHand"],"picked":"Dodge and Roll","floor":1},{"not_picked":["Distraction","hubris:Counter"],"picked":"Masterful Stab","floor":6},{"not_picked":["hubris:Counter","Backstab"],"picked":"Footwork","floor":8},{"not_picked":["Burst","Terror"],"picked":"Dodge and Roll","floor":11},{"not_picked":["Acrobatics","Dagger Spray","Underhanded Strike"],"picked":"SKIP","floor":12},{"not_picked":["Quick Slash","Sucker Punch","Tactician"],"picked":"SKIP","floor":14},{"not_picked":["Venomology","Phantasmal Killer"],"picked":"Corpse Explosion","floor":16},{"not_picked":["Eviscerate","hubris:Counter+1"],"picked":"Bane","floor":18},{"not_picked":["PiercingWail","Acrobatics+1"],"picked":"Noxious Fumes","floor":19},{"not_picked":["PiercingWail+1","Blade Dance"],"picked":"Backflip+1","floor":20},{"not_picked":["Outmaneuver","Cloak And Dagger"],"picked":"Poisoned Stab","floor":21},{"not_picked":["Dagger Spray","Dodge and Roll"],"picked":"Deflect","floor":22},{"not_picked":["Tools of the Trade","Malaise","All Out Attack"],"picked":"SKIP","floor":23},{"not_picked":["Prepared","Infinite Blades","Dagger Throw"],"picked":"SKIP","floor":27},{"not_picked":["Dagger Spray+1","hubris:TrickCloak"],"picked":"Escape Plan","floor":30},{"not_picked":["PiercingWail+1","Infinite Blades+1","Blade Dance"],"picked":"SKIP","floor":31},{"not_picked":["Setup+1","Endless Agony+1","Outmaneuver"],"picked":"SKIP","floor":35},{"not_picked":["Calculated Gamble+1","Distraction+1"],"picked":"Dodge and Roll+1","floor":37},{"not_picked":["Dagger Throw+1","Backflip"],"picked":"Escape Plan","floor":39},{"not_picked":["Doppelganger","Bane+1"],"picked":"Blur+1","floor":41},{"not_picked":["hubris:SlightOfHand","Sucker Punch+1","Dagger Throw+1"],"picked":"SKIP","floor":42},{"not_picked":["Finisher","Well Laid Plans"],"picked":"Deflect","floor":47},{"not_picked":["Eviscerate","Outmaneuver+1","A Thousand Cuts"],"picked":"SKIP","floor":48},{"not_picked":["Corpse Explosion","Venomology"],"picked":"infinitespire:Neurotoxin","floor":50},{"not_picked":["Calculated Gamble","Flying Knee"],"picked":"Poisoned Stab","floor":52},{"not_picked":["Calculated Gamble","Dagger Spray"],"picked":"Footwork","floor":54},{"not_picked":["Eviscerate","Cloak And Dagger"],"picked":"Noxious Fumes","floor":55},{"not_picked":["Skewer","hubris:SlightOfHand","Cloak And Dagger"],"picked":"SKIP","floor":56},{"not_picked":["Dagger Throw","Acrobatics","Well Laid Plans"],"picked":"SKIP","floor":58},{"not_picked":["Unload","Phantasmal Killer","aspiration:Lunge"],"picked":"SKIP","floor":59},{"not_picked":["Deadly Poison","hubris:SlightOfHand","Flying Knee"],"picked":"SKIP","floor":59},{"not_picked":["Night Terror","Phantasmal Killer"],"picked":"Envenom","floor":61},{"not_picked":["Unload","Night Terror"],"picked":"Noxious Fumes","floor":61},{"not_picked":["Cloak And Dagger","Underhanded Strike"],"picked":"Deflect","floor":65},{"not_picked":["Crippling Poison","Underhanded Strike"],"picked":"Noxious Fumes","floor":69},{"not_picked":["Blade Dance","Dash"],"picked":"Caltrops","floor":71},{"not_picked":["Wraith Form v2","Venomology"],"picked":"Adrenaline","floor":75},{"not_picked":["Venomology","Heel Hook","Blade Dance"],"picked":"SKIP","floor":75},{"not_picked":["Well Laid Plans","hubris:TrickCloak","Slice"],"picked":"SKIP","floor":76},{"not_picked":["hubris:TrickCloak+1","Choke+1"],"picked":"Noxious Fumes","floor":79},{"not_picked":["A Thousand Cuts","aspiration:Lunge","Doppelganger"],"picked":"SKIP","floor":79},{"not_picked":["Acrobatics","PiercingWail+1","Tactician"],"picked":"SKIP","floor":82},{"not_picked":["Tools of the Trade","Venomology"],"picked":"Adrenaline","floor":84},{"not_picked":["Flying Knee+1","Riddle With Holes"],"picked":"Catalyst+1","floor":86},{"not_picked":["Blade Dance","Finisher"],"picked":"Masterful Stab+1","floor":87},{"not_picked":["Predator","Blade Dance","Well Laid Plans+1"],"picked":"SKIP","floor":88},{"not_picked":["Cloak And Dagger","Flying Knee+1","Well Laid Plans+1"],"picked":"SKIP","floor":90},{"not_picked":["Phantasmal Killer","Glass Knife","Night Terror"],"picked":"SKIP","floor":91},{"not_picked":["Outmaneuver","Calculated Gamble+1","Quick Slash"],"picked":"SKIP","floor":91},{"not_picked":["Calculated Gamble+1","Dodge and Roll","Bane+1"],"picked":"SKIP","floor":93},{"not_picked":["Glass Knife","Venomology"],"picked":"Adrenaline","floor":95},{"not_picked":["Heel Hook","Riddle With Holes+1","All Out Attack"],"picked":"SKIP","floor":95},{"not_picked":["Sucker Punch+1","Prepared+1","Distraction+1"],"picked":"SKIP","floor":96},{"not_picked":["Storm of Steel","Prepared","hubris:Counter"],"picked":"SKIP","floor":97},{"not_picked":["Prepared+1","Outmaneuver","Underhanded Strike"],"picked":"SKIP","floor":99},{"not_picked":["Grand Finale","Venomology"],"picked":"Adrenaline","floor":101},{"not_picked":["Tactician","Cloak And Dagger"],"picked":"Bane","floor":103},{"not_picked":["hubris:SlightOfHand","Underhanded Strike"],"picked":"Poisoned Stab","floor":105},{"not_picked":["Catalyst","hubris:SlightOfHand","Bane"],"picked":"SKIP","floor":107},{"not_picked":["Sucker Punch","hubris:Counter","Acrobatics"],"picked":"SKIP","floor":116},{"not_picked":["Outmaneuver+1","Heel Hook"],"picked":"Deflect+1","floor":120},{"not_picked":["Sucker Punch","Acrobatics+1","Quick Slash+1"],"picked":"SKIP","floor":123},{"not_picked":["infinitespire:SealOfDarkness+","infinitespire:Collect"],"picked":"infinitespire:Punishment","floor":125},{"not_picked":["hubris:SpiceAddiction","Terror+1"],"picked":"Escape Plan","floor":126},{"not_picked":["FearNoEvil","Pray","Coolheaded"],"picked":"SKIP","floor":132},{"not_picked":["hubris:SpecializedCircuitry+1","Transmutation"],"picked":"Magnetism+1","floor":135},{"not_picked":["Flechettes+1","Slice+1","Sucker Punch+1"],"picked":"SKIP","floor":137},{"not_picked":["Protect","Dodge and Roll"],"picked":"Backflip","floor":138},{"not_picked":["Bandage Up+1","BootSequence+1","Core Surge"],"picked":"SKIP","floor":140},{"not_picked":["WindmillStrike+1","FTL"],"picked":"Footwork+1","floor":143},{"not_picked":["CrushJoints+1","True Grit"],"picked":"conspire:Banana+1","floor":149},{"not_picked":["Second Wind+1","Wraith Form v2+1","Mind Blast"],"picked":"SKIP","floor":150}],"player_experience":1755846,"relics_obtained":[{"floor":9,"key":"Letter Opener"},{"floor":22,"key":"Regal Pillow"},{"floor":23,"key":"Pantograph"},{"floor":26,"key":"vexMod:CardConverter"},{"floor":43,"key":"infinitespire:CheckeredPen"},{"floor":44,"key":"halation:IllGainedPizza"},{"floor":59,"key":"infinitespire:PuzzleCube"},{"floor":60,"key":"hubris:BottledRain"},{"floor":61,"key":"hubris:TinFlute"},{"floor":75,"key":"infinitespire:FocusingShard"},{"floor":77,"key":"halation:BottledLove"},{"floor":79,"key":"infinitespire:Eraser"},{"floor":87,"key":"Gambling Chip"},{"floor":91,"key":"Toy Ornithopter"},{"floor":91,"key":"Frozen Egg 2"},{"floor":94,"key":"Eternal Feather"},{"floor":95,"key":"hubris:Spice"},{"floor":95,"key":"HornCleat"},{"floor":111,"key":"Turnip"},{"floor":124,"key":"Red Mask"},{"floor":128,"key":"Mummified Hand"},{"floor":129,"key":"PrismaticShard"}],"event_choices":[{"damage_healed":0,"gold_gain":0,"player_choice":"Ignored","damage_taken":0,"max_hp_gain":0,"max_hp_loss":0,"event_name":"Transmorgrifier","floor":38,"gold_loss":0},{"damage_healed":0,"gold_gain":100,"player_choice":"Pray","damage_taken":0,"max_hp_gain":0,"max_hp_loss":0,"event_name":"Golden Shrine","floor":46,"gold_loss":0},{"damage_healed":0,"gold_gain":0,"player_choice":"Ignored","damage_taken":0,"max_hp_gain":0,"max_hp_loss":0,"event_name":"Ghosts","floor":70,"gold_loss":0},{"cards_removed":["Survivor"],"damage_healed":0,"gold_gain":0,"player_choice":"Elegance","damage_taken":0,"max_hp_gain":0,"max_hp_loss":0,"event_name":"Back to Basics","floor":73,"gold_loss":0},{"damage_healed":0,"gold_gain":0,"player_choice":"Shed Blood","damage_taken":27,"max_hp_gain":5,"max_hp_loss":0,"event_name":"Forgotten Altar","floor":78,"gold_loss":0},{"damage_healed":0,"gold_gain":0,"player_choice":"Fight","damage_taken":0,"max_hp_gain":0,"max_hp_loss":0,"event_name":"Mysterious Sphere","floor":87,"gold_loss":0},{"damage_healed":0,"gold_gain":0,"player_choice":"Max HP","damage_taken":0,"max_hp_gain":0,"max_hp_loss":6,"event_name":"Winding Halls","floor":89,"gold_loss":0},{"damage_healed":0,"gold_gain":100,"player_choice":"Pray","damage_taken":0,"max_hp_gain":0,"max_hp_loss":0,"event_name":"Golden Shrine","floor":106,"gold_loss":0},{"damage_healed":0,"gold_gain":0,"player_choice":"Ignored","damage_taken":0,"max_hp_gain":0,"max_hp_loss":0,"event_name":"NoteForYourself","floor":115,"gold_loss":0},{"damage_healed":0,"gold_gain":0,"player_choice":"Inject Mutagens","damage_taken":0,"relics_obtained":["MutagenicStrength"],"max_hp_gain":0,"max_hp_loss":0,"event_name":"Drug Dealer","floor":121,"gold_loss":0},{"damage_healed":0,"gold_gain":0,"player_choice":"Ignored","damage_taken":0,"max_hp_gain":0,"max_hp_loss":0,"event_name":"Tomb of Lord Red Mask","floor":139,"gold_loss":0},{"cards_removed":["Defend_G"],"damage_healed":0,"gold_gain":0,"player_choice":"Purged","damage_taken":0,"max_hp_gain":0,"max_hp_loss":0,"event_name":"Purifier","floor":148,"gold_loss":0}],"is_beta":false,"boss_relics":[{"not_picked":["aspiration:BursterCore","halation:Risk","Velvet Choker"],"picked":"infinitespire:Cupcake"},{"not_picked":["Coffee Dripper","Empty Cage","Calling Bell"],"picked":"Sozu"},{"not_picked":["Ring of the Serpent","hubris:Backtick","aspiration:SecretTechniqueScroll"],"picked":"conspire:SpecialSausage"},{"not_picked":["halation:CatFaceCupcake","HoveringKite","aspiration:BursterCore"],"picked":"vexMod:MysteryBossChallenge"},{"not_picked":["conspire:SeveredTorchhead","aspiration:RitualDagger","vexMod:CursedCompass"],"picked":"Black Star"},{"not_picked":["hubris:Spice","conspire:SlowCooker","Runic Dome"],"picked":"vexMod:BigBerry"},{"not_picked":["Fusion Hammer","Runic Pyramid","hubris:Backtick"],"picked":"hubris:Spice"},{"not_picked":["hubris:GrandSneckoEye","hubris:Spice","hubris:Spice"],"picked":"hubris:Spice"}],"items_purged_floors":[5,28,45,53,63,80,133],"is_endless":true,"potions_floor_spawned":[1,12,18,19,20,31,33,35,41,48,50,54,55,59,65,69,75,82,86,90,93,96,101,103,118,135,138,143,150],"killed_by":"infinitespire:LordOfFortification","ascension_level":0}}