{"host":"373g0ui1bgeshz9m","time":1608303848,"event":{"mods":["Act Like it!","Aspiration","BaseMod","Beaked The Cultist","Better Third Choice","Colored Map","Conspire","Downfall","Halation","Hermit","Hubris","Infinite Spire","Jorbs\u0027s Wanderer Trilogy","Minty Spire (QoL Compilation)","Pale of the Ancients","Permanent Neow","Quick Restart","Replay The Spire","Shade Mod","Shop Mod","Spikes Relics","StSLib","The Animator","The Bladedancer","The Bug Knight","The Construct","The Cursed","The Factory","The Florist","The Judge","The Jungle","The Necromancer","The Sage","The Wild Card","Trackpad","vexMod"],"gold_per_floor":[99,99,99,46,46,46,97,97,22,57,42,42,56,68,87,87,87],"floor_reached":16,"playtime":739,"items_purged":[],"score":96,"play_id":"f3283baf-cb2f-4017-ac9a-7ec77ffd121e","local_time":"20201218100408","is_ascension_mode":false,"campfire_choices":[{"floor":1,"key":"RECALL"},{"data":"Riddle With Holes","floor":5,"key":"SMITH"},{"data":"Slimebound:DouseInSlime","floor":9,"key":"SMITH"}],"circlet_count":0,"master_deck":["Slimebound:Strike_Slimebound","Slimebound:Strike_Slimebound","Slimebound:Defend_Slimebound","Slimebound:Defend_Slimebound","Slimebound:Defend_Slimebound","Slimebound:Split","Slimebound:CorrosiveSpit","Riddle With Holes+1","Replay:Poison Smokescreen","Poisoned Stab","Slimebound:RollThrough","Slimebound:DouseInSlime+1","Slimebound:Schlurp","Slimebound:LeadByExample","Slimebound:SlimeSpikes","Slimebound:HauntingLick","Slimebound:SamplingLick"],"relics":["Slimebound:AbsorbEndCombat","downfall:HeartsMalice","Lantern","downfall:HeartBlessingRed","halation:Trompette"],"acts_visited":["Exordium"],"potions_floor_usage":[16],"damage_taken":[{"damage":0,"enemies":"Jaw Worm","floor":3,"turns":1},{"damage":0,"enemies":"downfall:FleeingMerchant","floor":4,"turns":1},{"damage":0,"enemies":"Small Slimes","floor":8,"turns":1},{"damage":30,"enemies":"Lagavulin","floor":10,"turns":5},{"damage":8,"enemies":"downfall:FleeingMerchant","floor":11,"turns":4},{"damage":0,"enemies":"2 Louse","floor":13,"turns":3},{"damage":5,"enemies":"Exordium Wildlife","floor":14,"turns":2},{"damage":4,"enemies":"Red Slaver","floor":15,"turns":1},{"damage":75,"enemies":"downfall:Defect","floor":16,"turns":5}],"seed_played":"7526603923524552587","potions_obtained":[{"floor":10,"key":"Strength Potion"},{"floor":13,"key":"Slimebound:SlimyTonguePotion"},{"floor":14,"key":"Dexterity Potion"}],"is_trial":false,"path_per_floor":["R_BF","?","M","$","R","?","T","M","R","E","$","?","M","M","M","B"],"character_chosen":"SLIMEBOUND","items_purchased":["Slimebound:Schlurp"],"campfire_rested":0,"item_purchase_floors":[4],"current_hp_per_floor":[60,60,60,60,60,60,60,60,60,44,60,60,60,60,60,0,0],"gold":87,"neow_bonus":"THREE_ENEMY_KILL","is_daily":false,"chose_seed":false,"campfire_upgraded":2,"win_rate":0.0,"timestamp":1608303848,"path_taken":["R_BF","?","M","$","R","?","T","M","R","E","$","?","?","M","M","BOSS"],"items_purchased_type":["Card"],"build_version":"2020-12-13","purchased_purges":0,"victory":false,"max_hp_per_floor":[60,60,60,60,60,60,60,60,60,60,60,60,60,60,60,60,60],"card_choices":[{"not_picked":["Slimebound:TongueLash","Slimebound:Repurpose"],"picked":"Slimebound:RollThrough","floor":3},{"not_picked":["Slimebound:SplitMire","Slimebound:GoopTackle"],"picked":"Slimebound:DouseInSlime","floor":4},{"not_picked":["Slimebound:LeechingTouch","Slimebound:BestDefense"],"picked":"Slimebound:LeadByExample","floor":8},{"not_picked":["Slimebound:Grow","Slimebound:LeechEnergy"],"picked":"Slimebound:SlimeSpikes","floor":10},{"not_picked":["Slimebound:FinishingTackle","Slimebound:Replication"],"picked":"Slimebound:HauntingLick","floor":11},{"not_picked":["Slimebound:PressTheAttack","Slimebound:Chomp"],"picked":"Slimebound:SamplingLick","floor":13},{"not_picked":["Slimebound:SplitBruiser","Slimebound:SlimeBrawl","Slimebound:MassRepurpose"],"picked":"SKIP","floor":14},{"not_picked":["Slimebound:SplitMire","Slimebound:LeechingTouch","Slimebound:GrowthPunch"],"picked":"SKIP","floor":15}],"player_experience":87948,"relics_obtained":[{"floor":7,"key":"Lantern"},{"floor":10,"key":"halation:Trompette"}],"event_choices":[{"damage_healed":0,"gold_gain":0,"player_choice":"Leave","damage_taken":0,"max_hp_gain":0,"max_hp_loss":0,"event_name":"conspire:Investor","floor":12,"gold_loss":0}],"is_beta":false,"boss_relics":[],"items_purged_floors":[],"is_endless":false,"potions_floor_spawned":[10,13,14],"killed_by":"downfall:Defect","ascension_level":0}}