{"host":"345fbjaiqlx301na","time":1608290753,"event":{"mods":["AchievementEnabler","Act Like it!","BaseMod","Bestiary","Better Note","Better Sensory Stone","Better Third Choice","Colored Powertips","Downfall","Ekko","Minty Spire (QoL Compilation)","Replay The Spire","StSLib","The Animator","The Death Knight","The Dragon Tamer","The Necromancer","The Senshi"],"gold_per_floor":[117,130,130,143,143,143,48,48,48,58,58,58,58],"floor_reached":12,"playtime":425,"items_purged":[],"score":118,"play_id":"19906113-1bb0-4878-88a5-466fbe77b710","local_time":"20201218062553","daily_mods":["Heirloom","downfall:Lament"],"is_ascension_mode":false,"campfire_choices":[{"data":"ekkoTheBoyWhoShatteredTime:LevelUp","floor":6,"key":"SMITH"},{"data":"ekkoTheBoyWhoShatteredTime:TimeMaster","floor":8,"key":"SMITH"},{"data":"ekkoTheBoyWhoShatteredTime:NeedlesslyLargeRod","floor":11,"key":"SMITH"}],"circlet_count":0,"master_deck":["ekkoTheBoyWhoShatteredTime:Strike","ekkoTheBoyWhoShatteredTime:Strike","ekkoTheBoyWhoShatteredTime:Strike","ekkoTheBoyWhoShatteredTime:Strike","ekkoTheBoyWhoShatteredTime:Strike","ekkoTheBoyWhoShatteredTime:Defend","ekkoTheBoyWhoShatteredTime:Defend","ekkoTheBoyWhoShatteredTime:Defend","ekkoTheBoyWhoShatteredTime:TimeMaster+1","ekkoTheBoyWhoShatteredTime:LevelUp+1","ekkoTheBoyWhoShatteredTime:NeedlesslyLargeRod+1","ekkoTheBoyWhoShatteredTime:NeedlesslyLargeRod","ekkoTheBoyWhoShatteredTime:Backtrack","ekkoTheBoyWhoShatteredTime:NeedlesslyLargeRod"],"relics":["ekkoTheBoyWhoShatteredTime:zDriveResonance","NeowsBlessing","replay:Trail_Library","Replay:Multitool","Pear"],"acts_visited":["Exordium"],"potions_floor_usage":[12],"damage_taken":[{"damage":0,"enemies":"2 Louse","floor":1,"turns":1},{"damage":0,"enemies":"Cultist","floor":2,"turns":1},{"damage":0,"enemies":"Jaw Worm","floor":4,"turns":1},{"damage":0,"enemies":"Large Slime","floor":10,"turns":6},{"damage":104,"enemies":"3 Sentries","floor":12,"turns":5}],"seed_played":"815557226252211307","potions_obtained":[{"floor":2,"key":"ColorlessPotion"}],"is_trial":true,"path_per_floor":["M","M","WH","M","?","R","$","R","T","M","R","E"],"character_chosen":"EKKO_THE_BOY_WHO_SHATTERED_TIME","items_purchased":["ekkoTheBoyWhoShatteredTime:NeedlesslyLargeRod","ekkoTheBoyWhoShatteredTime:Backtrack"],"campfire_rested":0,"item_purchase_floors":[7,7],"current_hp_per_floor":[78,78,78,78,78,78,78,78,88,88,88,0,0],"gold":58,"neow_bonus":"","is_daily":false,"chose_seed":false,"campfire_upgraded":3,"win_rate":0.0,"timestamp":1608290753,"path_taken":["M","M","WH","M","?","R","?","R","T","M","R","E"],"items_purchased_type":["Card","Card"],"build_version":"2020-12-13","purchased_purges":0,"victory":false,"max_hp_per_floor":[78,78,78,78,78,78,78,78,88,88,88,88,88],"card_choices":[{"not_picked":["ekkoTheBoyWhoShatteredTime:Leap","ekkoTheBoyWhoShatteredTime:WideSlice"],"picked":"ekkoTheBoyWhoShatteredTime:LevelUp","floor":1},{"not_picked":["ekkoTheBoyWhoShatteredTime:KneeNSwordCombo","ekkoTheBoyWhoShatteredTime:Process","ekkoTheBoyWhoShatteredTime:Playful"],"picked":"SKIP","floor":2},{"not_picked":["ekkoTheBoyWhoShatteredTime:Backtrack","ekkoTheBoyWhoShatteredTime:NaggingBlow"],"picked":"ekkoTheBoyWhoShatteredTime:NeedlesslyLargeRod","floor":4},{"not_picked":["ekkoTheBoyWhoShatteredTime:AfterimageTease","ekkoTheBoyWhoShatteredTime:FeelIt","ekkoTheBoyWhoShatteredTime:Leap"],"picked":"SKIP","floor":10}],"player_experience":77530,"relics_obtained":[{"floor":9,"key":"Pear"}],"event_choices":[{"cards_removed":["ekkoTheBoyWhoShatteredTime:Defend"],"damage_healed":0,"gold_gain":0,"player_choice":"Offered Basic","damage_taken":0,"max_hp_gain":0,"max_hp_loss":0,"event_name":"Bonfire Elementals","floor":5,"gold_loss":0}],"is_beta":false,"boss_relics":[],"items_purged_floors":[],"is_endless":true,"potions_floor_spawned":[2],"killed_by":"3 Sentries","ascension_level":0}}