{"host":"684z1xpuwaoqmmh1","time":1608282303,"event":{"mods":["BaseMod","Downfall","Hermit","Jorbs\u0027s Wanderer Trilogy","Marisa????????","Minty Spire (QoL Compilation)","StSLib","The Hierophant","The Mystic"],"gold_per_floor":[99,114,149,167,192,177,177,177,193,193,205,205,218,318,336,336,336],"floor_reached":16,"playtime":790,"items_purged":[],"score":179,"play_id":"127a62d6-0bf4-4f76-bb8e-820ebedfc281","local_time":"20201218110503","is_ascension_mode":true,"campfire_choices":[{"data":"champ:Taunt","floor":1.0,"key":"SMITH"},{"data":"champ:HoldFirm","floor":8,"key":"SMITH"},{"floor":10,"key":"REST"}],"circlet_count":0,"master_deck":["AscendersBane","champ:Strike","champ:Strike","champ:Strike","champ:Strike","champ:Defend","champ:Defend","champ:Defend","champ:Defend","champ:Execute","champ:Taunt+1","champ:Shatter","champ:EndlessRage","champ:RecklessLeap","champ:Backstep","champ:HoldFirm+1","champ:GutPunch","champ:AdrenalArmor","champ:HeartStrike","champ:FlashCut","champ:Improvising"],"relics":["champ:ChampionCrown","Unceasing Top","Strawberry","Matryoshka","downfall:ShatteredFragment"],"acts_visited":["Exordium"],"potions_floor_usage":[16],"damage_taken":[{"damage":5.0,"enemies":"Small Slimes","floor":2.0,"turns":4.0},{"damage":41.0,"enemies":"Lagavulin","floor":3.0,"turns":8.0},{"damage":25.0,"enemies":"Jaw Worm","floor":4.0,"turns":3.0},{"damage":40.0,"enemies":"3 Sentries","floor":5.0,"turns":6.0},{"damage":23.0,"enemies":"downfall:FleeingMerchant","floor":6.0,"turns":4.0},{"damage":29,"enemies":"2 Louse","floor":9,"turns":4},{"damage":30,"enemies":"Gremlin Gang","floor":11,"turns":7},{"damage":12,"enemies":"Blue Slaver","floor":13,"turns":4},{"damage":26,"enemies":"Large Slime","floor":15,"turns":5},{"damage":62,"enemies":"downfall:Defect","floor":16,"turns":6}],"seed_played":"-3208863820614510903","potions_obtained":[{"floor":3.0,"key":"GamblersBrew"},{"floor":4.0,"key":"Fire Potion"},{"floor":11,"key":"champ:OpenerPotion"},{"floor":15,"key":"DuplicationPotion"}],"is_trial":false,"path_per_floor":["R","M","E","M","E","$","T","R","M","R","M","?","M","?","M","B"],"character_chosen":"THE_CHAMP","items_purchased":[],"campfire_rested":1,"item_purchase_floors":[],"current_hp_per_floor":[81,81,56,51,39,40,40,40,35,64,71,44,44,44,53,0,0],"gold":336,"neow_bonus":"THREE_CARDS","is_daily":false,"chose_seed":false,"campfire_upgraded":2,"win_rate":0.0,"timestamp":1608282303,"path_taken":["R","M","E","M","E","$","T","R","M","R","M","?","M","?","M","BOSS"],"items_purchased_type":[],"build_version":"2020-12-13","purchased_purges":0,"victory":false,"max_hp_per_floor":[90,90,90,90,97,97,97,97,97,97,97,97,97,97,97,97,97],"card_choices":[{"not_picked":["champ:EnGarde","champ:GladiatorsShout"],"picked":"champ:Shatter","floor":0.0},{"not_picked":["champ:FlashCut","champ:Riposte"],"picked":"champ:EndlessRage","floor":2.0},{"not_picked":["champ:CrookedStrike","champ:BringItOn"],"picked":"champ:RecklessLeap","floor":3.0},{"not_picked":["champ:FanOfKnives","champ:BringItOn"],"picked":"champ:Backstep","floor":4.0},{"not_picked":["champ:StanceDance","champ:DeathBlow"],"picked":"champ:HoldFirm","floor":5.0},{"not_picked":["champ:SwordThrow","champ:Backstep"],"picked":"champ:GutPunch","floor":6},{"not_picked":["champ:CrookedStrike","champ:IronFortress"],"picked":"champ:AdrenalArmor","floor":9},{"not_picked":["champ:FaceSlap","champ:SwordSigil"],"picked":"champ:HeartStrike","floor":11},{"not_picked":["champ:AdrenalArmor","champ:BerserkersShout"],"picked":"champ:FlashCut","floor":13},{"not_picked":["champ:Encircle","champ:SkillfulDodge"],"picked":"champ:Improvising","floor":15}],"player_experience":2329495,"relics_obtained":[{"floor":3.0,"key":"Unceasing Top"},{"floor":5.0,"key":"Strawberry"},{"floor":7,"key":"Matryoshka"}],"event_choices":[],"is_beta":false,"boss_relics":[],"items_purged_floors":[],"is_endless":false,"potions_floor_spawned":[3,4,11,15],"killed_by":"downfall:Defect","ascension_level":12}}