{"host":"bq4pt811tk9yrmjl","time":1608316798,"event":{"mods":["AchievementEnabler","BaseMod","Colored Map","Colored Powertips","Defuse TimeMaze Blight","Minty Spire (QoL Compilation)","StSLib","SuperFastMode","UnlockEverythingMod"],"gold_per_floor":[113,62,62,76,76,112,112,112,136,136,61,76,76,100,100,231,231,255,354,354,377,377,377],"floor_reached":22,"playtime":410,"items_purged":["Injury"],"score":228,"play_id":"df6146cd-f432-4893-b323-bef266fb86ea","local_time":"20201218163958","is_ascension_mode":true,"campfire_choices":[{"data":"Vigilance","floor":7.0,"key":"SMITH"},{"data":"Eruption","floor":10,"key":"SMITH"},{"floor":13,"key":"RECALL"},{"data":"Study","floor":15,"key":"SMITH"}],"circlet_count":0,"master_deck":["Strike_P","Strike_P","Strike_P+1","Strike_P+1","Defend_P","Defend_P","Defend_P","Defend_P","Eruption+1","Vigilance+1","Consecrate","Study+1","FollowUp","BowlingBash","Evaluate","Alpha","Protect"],"relics":["PureWater","NeowsBlessing","Golden Idol","Whetstone","Philosopher\u0027s Stone"],"acts_visited":["Exordium","TheCity"],"potions_floor_usage":[8,18],"damage_taken":[{"damage":0.0,"enemies":"Cultist","floor":1.0,"turns":1.0},{"damage":0.0,"enemies":"2 Louse","floor":4.0,"turns":1.0},{"damage":0.0,"enemies":"Gremlin Nob","floor":6.0,"turns":1.0},{"damage":0,"enemies":"Lagavulin","floor":8,"turns":1},{"damage":0,"enemies":"Jaw Worm","floor":12,"turns":4},{"damage":10,"enemies":"Large Slime","floor":14,"turns":5},{"damage":59,"enemies":"The Guardian","floor":16,"turns":16},{"damage":12,"enemies":"Spheric Guardian","floor":18,"turns":6},{"damage":28,"enemies":"Shell Parasite","floor":21,"turns":7},{"damage":0,"enemies":"Centurion and Healer","floor":22,"turns":1}],"seed_played":"3053249238607256583","potions_obtained":[{"floor":4.0,"key":"SmokeBomb"},{"floor":16,"key":"Ancient Potion"},{"floor":18,"key":"CultistPotion"}],"is_trial":false,"path_per_floor":["M","$","?","M","?","E","R","E","T","R","$","M","R","M","R","B",null,"M","?","?","M","M"],"character_chosen":"WATCHER","items_purchased":["Consecrate"],"campfire_rested":0,"item_purchase_floors":[2],"current_hp_per_floor":[72,72,72,72,72,72,72,72,72,72,72,72,72,62,62,3,72,60,60,60,32,32,32],"gold":377,"neow_bonus":"THREE_ENEMY_KILL","is_daily":false,"chose_seed":false,"campfire_upgraded":3,"win_rate":0.0,"timestamp":1608316798,"path_taken":["M","$","?","M","?","E","R","E","T","R","$","M","R","M","R","BOSS","M","?","?","M","?"],"items_purchased_type":["Card"],"build_version":"2020-12-13","purchased_purges":1,"victory":false,"max_hp_per_floor":[72,72,72,72,72,72,72,72,72,72,72,72,72,72,72,72,72,72,72,72,72,72,72],"card_choices":[{"not_picked":["ClearTheMind","FlyingSleeves"],"picked":"SignatureMove","floor":1.0},{"not_picked":["WindmillStrike","ThirdEye"],"picked":"Study","floor":4.0},{"not_picked":["Collect","SandsOfTime"],"picked":"FollowUp","floor":6.0},{"not_picked":["CrushJoints","ClearTheMind"],"picked":"BowlingBash","floor":12},{"not_picked":["BowlingBash","FlurryOfBlows"],"picked":"Evaluate","floor":14},{"not_picked":["LessonLearned","DeusExMachina"],"picked":"Alpha","floor":16},{"not_picked":["Study","ClearTheMind"],"picked":"Protect","floor":18},{"not_picked":["Consecrate","ThirdEye","Collect"],"picked":"SKIP","floor":21}],"player_experience":72455,"relics_obtained":[{"floor":6.0,"key":"Whetstone"}],"event_choices":[{"damage_healed":0.0,"max_hp_gain":0.0,"max_hp_loss":0.0,"gold_gain":0.0,"event_name":"The Cleric","player_choice":"Leave","floor":3.0,"gold_loss":0.0,"damage_taken":0.0},{"damage_healed":0.0,"max_hp_gain":0.0,"max_hp_loss":0.0,"gold_gain":0.0,"event_name":"Golden Idol","player_choice":"Take Wound","floor":5.0,"gold_loss":0.0,"damage_taken":0.0,"relics_obtained":["Golden Idol"],"cards_obtained":["Injury"]},{"damage_healed":0,"gold_gain":99,"player_choice":"Stole From Cult","damage_taken":0,"max_hp_gain":0,"max_hp_loss":0,"event_name":"Nest","floor":19,"gold_loss":0},{"cards_removed":["SignatureMove"],"damage_healed":0,"gold_gain":0,"player_choice":"Purged","damage_taken":0,"max_hp_gain":0,"max_hp_loss":0,"event_name":"Purifier","floor":20,"gold_loss":0}],"is_beta":false,"boss_relics":[{"not_picked":["Fusion Hammer","Calling Bell"],"picked":"Philosopher\u0027s Stone"}],"items_purged_floors":[11],"is_endless":false,"potions_floor_spawned":[4,8,16,18],"killed_by":"Centurion and Healer","ascension_level":1}}