{"host":"u3jctbsl7uavviuy","time":1608256004,"event":{"mods":["BaseMod","BetterRewards","GungeonMod","HololiveMod","Luminous","Marisa（F雨　魔理沙）","Minty Spire (QoL Compilation)","Relic Stats","Replay The Spire","Shop Mod","Spicy Shops","StSLib","TestMod","The Animator","The Cursed","The Gatherer","The Servant 0.9.4","WarShipGirlsR/战舰少女R mod","vexMod","篝火指南"],"gold_per_floor":[116,128,104,123,48,48,82,52,133,149,178,205,205,231,231,317,317,343,74,104,114,114,193,258,316,316,316,394,460,460,499,499,578,578,679,745,745,815,815,879,977,1016,1084,1181,1181,1206,814,902,546,576,576,431,6,50,76],"floor_reached":56,"playtime":3999,"items_purged":["Strike_R","Strike_R","Strike_R","Strike_R"],"score":2931,"play_id":"8304de53-b287-4151-a4cc-02c55e80093c","local_time":"20201218104644","is_ascension_mode":true,"campfire_choices":[{"data":"True Grit","floor":6.0,"key":"SMITH"},{"data":"Entrench","floor":15.0,"key":"SMITH"},{"data":"Body Slam","floor":27.0,"key":"SMITH"},{"data":"Entrench","floor":32.0,"key":"SMITH"},{"floor":45,"key":"RECALL"}],"circlet_count":0,"master_deck":["AscendersBane","Strike_R","Defend_R","Defend_R","Defend_R","Defend_R","Bash","Metallicize","Entrench+1","ReplayTheSpireMod:Strike From Hell","Pommel Strike+1","Shrug It Off","Flame Barrier","Dark Embrace","Headbutt","True Grit+1","Second Wind","Feel No Pain","Inflame","ReplayReversal","Limit Break","Thunderclap","Flex","Whirlwind","Barricade+1","Body Slam+1","Battle Trance","Entrench+1","Burning Pact","Limit Break","Whirlwind","Body Slam","Pot Of Greed","Pot Of Greed","Pot Of Greed"],"relics":["Burning Blood","testmod-TestBox","testmod-Motorcycle","Garlic","DemoMod:MeatBun","King of Hearts","Happy Flower","Replay:Rubber Ducky","Eternal Feather","vexMod:GhostlyGear","DemoMod:LamentConfigurum","Lantern","ClockworkSouvenir","Omamori","Sling","DemoMod:GlassGuonStoneRelic","Regal Pillow","Mirror","DemoMod:RingOfEthereal","Replay:Bandana","Calipers","testmod-Prudence","Chemical X","Replay:Bottled Eggs","MutagenicStrength","Divine Protection","Incense Burner","DemoMod:SerJunkan","DemoMod:GreenGuonStone","Sundial","DemoMod:Junk","Fusion Hammer","Onion Ring","testmod-BouquetWithThorns","testmod-Nyarlathotep","DemoMod:PinkGuonStone","testmod-AssaultLearning","Grinning Jar","Replay:Baseball"],"acts_visited":["Exordium","TheCity","TheBeyond","TheEnding"],"potions_floor_usage":[55,55,55],"damage_taken":[{"damage":0.0,"enemies":"Cultist","floor":1.0,"turns":4.0},{"damage":0.0,"enemies":"2 Louse","floor":2.0,"turns":2.0},{"damage":0.0,"enemies":"Jaw Worm","floor":4.0,"turns":2.0},{"damage":0.0,"enemies":"Replay:BlueRogue","floor":7.0,"turns":4.0},{"damage":0.0,"enemies":"Exordium Thugs","floor":10.0,"turns":7.0},{"damage":0.0,"enemies":"3 Sentries","floor":11.0,"turns":4.0},{"damage":0.0,"enemies":"Red Slaver","floor":12.0,"turns":3.0},{"damage":0.0,"enemies":"2 Fungi Beasts","floor":14.0,"turns":3.0},{"damage":0.0,"enemies":"Hexaghost","floor":16.0,"turns":9.0},{"damage":0.0,"enemies":"Chosen","floor":18.0,"turns":7.0},{"damage":0.0,"enemies":"Shell Parasite","floor":20.0,"turns":9.0},{"damage":0.0,"enemies":"Gremlin Leader","floor":23.0,"turns":3.0},{"damage":0.0,"enemies":"Snecko","floor":24.0,"turns":5.0},{"damage":0.0,"enemies":"Replay:Snechameleon","floor":25.0,"turns":5.0},{"damage":0.0,"enemies":"Book of Stabbing","floor":28.0,"turns":3.0},{"damage":0.0,"enemies":"Centurion and Healer","floor":29.0,"turns":2.0},{"damage":0.0,"enemies":"Replay:Snechameleon","floor":31.0,"turns":5.0},{"damage":0.0,"enemies":"Pondfish","floor":33.0,"turns":8.0},{"damage":0.0,"enemies":"3 Darklings","floor":35.0,"turns":1.0},{"damage":0.0,"enemies":"Orb Walker","floor":36.0,"turns":3.0},{"damage":0,"enemies":"4 Shapes","floor":38,"turns":5},{"damage":0,"enemies":"Nemesis","floor":40,"turns":7},{"damage":0,"enemies":"Jaw Worm Horde","floor":41,"turns":2},{"damage":0,"enemies":"Reptomancer","floor":42,"turns":4},{"damage":0,"enemies":"R_Hoarder","floor":44,"turns":3},{"damage":0,"enemies":"3 Darklings","floor":46,"turns":4},{"damage":0,"enemies":"Replay:Hell Engine","floor":50,"turns":6},{"damage":0,"enemies":"Shield and Spear","floor":54,"turns":3},{"damage":0,"enemies":"The Heart","floor":55,"turns":5}],"seed_played":"-3611979096248331008","potions_obtained":[{"floor":1.0,"key":"SpeedPotion"},{"floor":2.0,"key":"Block Potion"},{"floor":7.0,"key":"PowerPotion"},{"floor":11.0,"key":"Elixir"},{"floor":20.0,"key":"Strength Potion"},{"floor":23.0,"key":"BlessingOfTheForge"},{"floor":33.0,"key":"PowerPotion"}],"is_trial":false,"path_per_floor":["M","M","$","M","$","R","E","?","T","M","E","M","?","M","R","B",null,"M","$","M","M","?","E","M","E","T","R","E","M","?","E","R","B",null,"M","M","?","M","?","E","M","E","T","E","R","M","$","?","R","B",null,"R","$","E","B",null],"character_chosen":"IRONCLAD","items_purchased":["Garlic","DemoMod:MeatBun","King of Hearts","Happy Flower","Replay:Rubber Ducky","Eternal Feather","Metallicize","Entrench","vexMod:GhostlyGear","ReplayTheSpireMod:Strike From Hell","DemoMod:LamentConfigurum","Lantern","Pommel Strike+1","Shrug It Off","ClockworkSouvenir","Omamori","Flame Barrier","Regen Potion","Sling","True Grit","Feel No Pain","Chemical X","testmod-SpacePotion","testmod-Nyarlathotep","DemoMod:PinkGuonStone","DistilledChaos","testmod-AssaultLearning","Grinning Jar"],"campfire_rested":0,"item_purchase_floors":[0,0,0,0,0,0,0,0,0,0,0,0,0,0,0,0,0,0,0,3,5,19,19,47,49,49,52,53],"current_hp_per_floor":[40,46,46,52,52,64,70,70,70,75,75,75,30,36,51,57,71,75,75,75,75,75,75,75,75,75,75,75,75,75,75,75,75,75,75,75,75,75,75,75,75,75,75,75,75,75,75,51,76,82,82,82,82,82,82],"gold":76,"neow_bonus":"","is_daily":false,"chose_seed":false,"campfire_upgraded":4,"win_rate":0.0,"timestamp":1608256004,"path_taken":["M","M","?","M","$","R","E","?","T","M","E","?","?","M","R","BOSS","M","$","M","M","?","E","M","E","T","R","E","M","?","E","R","BOSS","M","M","?","M","?","E","M","E","T","E","R","?","?","?","R","BOSS","R","$","E","BOSS"],"items_purchased_type":["Relic","Relic","Relic","Relic","Relic","Relic","Card","Card","Relic","Card","Relic","Relic","Card","Card","Relic","Relic","Card","Potion","Relic","Card","Card","Relic","Potion","Relic","Relic","Potion","Relic","Relic"],"build_version":"2020-12-13","purchased_purges":4,"victory":true,"max_hp_per_floor":[75,75,75,75,75,75,75,75,75,75,75,75,75,75,75,75,75,75,75,75,75,75,75,75,75,75,75,75,75,75,75,75,75,75,75,75,75,75,75,75,75,75,75,75,75,75,75,75,82,82,82,82,82,82,82],"relic_stats":{"Regal Pillow":0,"Happy Flower":[58],"counters":[86,366],"Sundial":[2],"Eternal Feather":45,"Chemical X":[48],"obtain_stats":[{"DemoMod:GreenGuonStone":28,"Divine Protection":23,"vexMod:MemoryStick":12,"Tiny House":34,"Calipers":13,"Vajra":23,"testmod-IWantAll":0,"DemoMod:GlassGuonStoneRelic":8,"Whetstone":49,"Sling":0,"testmod-Prudence":17,"Sundial":28,"vexMod:EndlessSickness":34,"Honey Jar":17,"DemoMod:LamentConfigurum":0,"Fusion Hammer":34,"testmod-TestBox":0,"Pear":45,"Happy Flower":40,"Oddly Smooth Stone":53,"Eternal Feather":0,"Pen Nib":25,"Charon\u0027s Ashes":26,"vexMod:GhostlyGear":0,"testmod-RealStoneCalender":47,"Replay:Baseball":32,"DemoMod:MeatBun":53,"testmod-Acrobat":8,"MutagenicStrength":22,"Onion Ring":6,"Molten Egg 2":0,"DemoMod:SerJunkan":26,"Grinning Jar":53,"Mirror":9,"Lantern":29,"Regal Pillow":7,"Blue Doll":31,"King of Hearts":0,"Incense Burner":25,"testmod-Nyarlathotep":47,"Empty Cage":31,"testmod-BouquetWithThorns":46,"Burning Blood":0,"testmod-CasingShield":32,"testmod-Charity":39,"Replay:Rubber Ducky":19,"ClockworkSouvenir":39,"Replay:Bandana":11,"testmod-Motorcycle":0,"Chemical X":0,"Replay:Bottled Eggs":21,"DemoMod:Junk":31,"ReplayTheSpireMod:Ninjato":42,"Replay:WaspNest":24,"DemoMod:PinkGuonStone":49,"Omamori":0,"Frozen Egg 2":0,"testmod-ConstraintPeriapt":6,"MawBank":40,"White Beast Statue":49,"Anchor":0,"vexMod:BarristanHead":6,"testmod-AssaultLearning":47,"testmod-Hope":43,"Orrery":20,"Another Sword":0,"Bag of Marbles":12,"Garlic":30,"Bottled Lightning":8,"Membership Card":32,"DemoMod:RingOfEthereal":10,"Toy Ornithopter":27},{"DemoMod:GreenGuonStone":72,"Divine Protection":69,"vexMod:MemoryStick":6,"Tiny House":17,"Calipers":63,"Vajra":12,"testmod-IWantAll":0,"DemoMod:GlassGuonStoneRelic":5,"Whetstone":23,"Sling":56,"testmod-Prudence":65,"Sundial":72,"vexMod:EndlessSickness":43,"Honey Jar":33,"DemoMod:LamentConfigurum":56,"Fusion Hammer":75,"testmod-TestBox":0,"Pear":50,"Happy Flower":46,"Oddly Smooth Stone":54,"Eternal Feather":56,"Pen Nib":13,"Charon\u0027s Ashes":13,"vexMod:GhostlyGear":56,"testmod-RealStoneCalender":22,"Replay:Baseball":16,"DemoMod:MeatBun":54,"testmod-Acrobat":29,"MutagenicStrength":68,"Onion Ring":4,"Molten Egg 2":24,"DemoMod:SerJunkan":71,"Grinning Jar":84,"Mirror":60,"Lantern":42,"Regal Pillow":60,"Blue Doll":16,"King of Hearts":56,"Incense Burner":71,"testmod-Nyarlathotep":83,"Empty Cage":42,"testmod-BouquetWithThorns":83,"Burning Blood":0,"testmod-CasingShield":16,"testmod-Charity":18,"Replay:Rubber Ducky":10,"ClockworkSouvenir":18,"Replay:Bandana":62,"testmod-Motorcycle":0,"Chemical X":0,"Replay:Bottled Eggs":68,"DemoMod:Junk":74,"ReplayTheSpireMod:Ninjato":20,"Replay:WaspNest":38,"DemoMod:PinkGuonStone":83,"Omamori":56,"Frozen Egg 2":0,"testmod-ConstraintPeriapt":28,"MawBank":19,"White Beast Statue":23,"Anchor":24,"vexMod:BarristanHead":28,"testmod-AssaultLearning":52,"testmod-Hope":20,"Orrery":35,"Another Sword":0,"Bag of Marbles":32,"Garlic":42,"Bottled Lightning":5,"Membership Card":16,"DemoMod:RingOfEthereal":61,"Toy Ornithopter":40},{"DemoMod:GreenGuonStone":306,"Divine Protection":295,"vexMod:MemoryStick":25,"Tiny House":71,"Calipers":258,"Vajra":51,"testmod-IWantAll":0,"DemoMod:GlassGuonStoneRelic":22,"Whetstone":96,"Sling":232,"testmod-Prudence":270,"Sundial":308,"vexMod:EndlessSickness":180,"Honey Jar":132,"DemoMod:LamentConfigurum":232,"Fusion Hammer":323,"testmod-TestBox":0,"Pear":207,"Happy Flower":190,"Oddly Smooth Stone":222,"Eternal Feather":232,"Pen Nib":56,"Charon\u0027s Ashes":56,"vexMod:GhostlyGear":232,"testmod-RealStoneCalender":91,"Replay:Baseball":65,"DemoMod:MeatBun":222,"testmod-Acrobat":113,"MutagenicStrength":292,"Onion Ring":17,"Molten Egg 2":98,"DemoMod:SerJunkan":305,"Grinning Jar":358,"Mirror":244,"Lantern":173,"Regal Pillow":244,"Blue Doll":65,"King of Hearts":232,"Incense Burner":305,"testmod-Nyarlathotep":352,"Empty Cage":173,"testmod-BouquetWithThorns":352,"Burning Blood":0,"testmod-CasingShield":65,"testmod-Charity":78,"Replay:Rubber Ducky":40,"ClockworkSouvenir":78,"Replay:Bandana":255,"testmod-Motorcycle":0,"Chemical X":0,"Replay:Bottled Eggs":292,"DemoMod:Junk":315,"ReplayTheSpireMod:Ninjato":86,"Replay:WaspNest":151,"DemoMod:PinkGuonStone":352,"Omamori":232,"Frozen Egg 2":0,"testmod-ConstraintPeriapt":107,"MawBank":82,"White Beast Statue":96,"Anchor":98,"vexMod:BarristanHead":109,"testmod-AssaultLearning":214,"testmod-Hope":86,"Orrery":139,"Another Sword":0,"Bag of Marbles":125,"Garlic":173,"Bottled Lightning":22,"Membership Card":65,"DemoMod:RingOfEthereal":249,"Toy Ornithopter":164}],"Burning Blood":365},"card_choices":[{"not_picked":["Run Through","Inflame"],"picked":"Dark Embrace","floor":1.0},{"not_picked":["Run Through","Fire Breathing"],"picked":"Headbutt","floor":2.0},{"not_picked":["Burning Pact","Sever Soul"],"picked":"Second Wind","floor":4.0},{"not_picked":["Intimidate","Hemogenesis"],"picked":"Inflame","floor":7.0},{"not_picked":[],"picked":"ReplayReversal","floor":8.0},{"not_picked":[],"picked":"Limit Break","floor":8.0},{"not_picked":["Bloodletting","Anger"],"picked":"Thunderclap","floor":10.0},{"not_picked":["Pommel Strike","Armaments"],"picked":"Flex","floor":11.0},{"not_picked":["Warcry","Heavy Blade","Havoc"],"picked":"SKIP","floor":12.0},{"not_picked":["Second Wind","Iron Wave"],"picked":"Whirlwind","floor":14.0},{"not_picked":["Double Tap","Corruption"],"picked":"Barricade","floor":16.0},{"not_picked":["True Grit","Rage","ReplayReversal"],"picked":"SKIP","floor":18.0},{"not_picked":["Heavy Blade","Warcry","Evolve"],"picked":"SKIP","floor":20.0},{"not_picked":["Hemokinesis","Warcry"],"picked":"Body Slam","floor":23.0},{"not_picked":["Abandon","Spot Weakness","Carnage"],"picked":"SKIP","floor":24.0},{"not_picked":["Heavy Blade","Shrug It Off","Pummel"],"picked":"SKIP","floor":25.0},{"not_picked":["Seeing Red","Havoc"],"picked":"Battle Trance","floor":28.0},{"not_picked":["Battle Trance","Feel No Pain"],"picked":"Entrench","floor":29.0},{"not_picked":["Life Link","DemoMod:BlackBlade","True Grit+1"],"picked":"SKIP","floor":31.0},{"not_picked":["Blood for Blood","Carnage","ReplayTheSpireMod:Muscle Training+1"],"picked":"SKIP","floor":35.0},{"not_picked":["True Grit+1","Flex","Anger"],"picked":"SKIP","floor":36.0},{"not_picked":["Anger","Warcry","Reckless Charge"],"picked":"SKIP","floor":38},{"not_picked":["Uppercut","Twin Strike"],"picked":"Whirlwind","floor":40},{"not_picked":["Abandon","Fire Breathing"],"picked":"Body Slam","floor":41},{"not_picked":["Flex","Run Through","Headbutt"],"picked":"SKIP","floor":42},{"not_picked":["Perfected Strike","Body Slam","Warcry"],"picked":"SKIP","floor":44},{"not_picked":["Evolve+1","Headbutt","Intimidate"],"picked":"SKIP","floor":46},{"not_picked":["True Grit","Shrug It Off+1","Armaments"],"picked":"SKIP","floor":54}],"player_experience":394517,"relics_obtained":[{"floor":7.0,"key":"Regal Pillow"},{"floor":9.0,"key":"Mirror"},{"floor":11.0,"key":"Replay:Bandana"},{"floor":23.0,"key":"Divine Protection"},{"floor":25.0,"key":"Incense Burner"},{"floor":26.0,"key":"DemoMod:SerJunkan"},{"floor":28.0,"key":"Sundial"},{"floor":31.0,"key":"DemoMod:Junk"},{"floor":40,"key":"DemoMod:Junk"},{"floor":42,"key":"DemoMod:Junk"},{"floor":44,"key":"DemoMod:Junk"},{"floor":48,"key":"DemoMod:Junk"},{"floor":54,"key":"Replay:Baseball"}],"event_choices":[{"damage_healed":0.0,"max_hp_gain":0.0,"max_hp_loss":0.0,"gold_gain":0.0,"event_name":"Scrap Ooze","player_choice":"Success","floor":13.0,"gold_loss":0.0,"damage_taken":45.0,"relics_obtained":["Calipers"]},{"damage_healed":0.0,"max_hp_gain":0.0,"max_hp_loss":0.0,"gold_gain":0.0,"event_name":"Drug Dealer","player_choice":"Inject Mutagens","floor":22.0,"gold_loss":0.0,"damage_taken":0.0,"relics_obtained":["MutagenicStrength"]},{"damage_healed":0.0,"max_hp_gain":0.0,"max_hp_loss":0.0,"gold_gain":0.0,"event_name":"The Library","player_choice":"Read","floor":30.0,"gold_loss":0.0,"damage_taken":0.0,"cards_obtained":["Burning Pact"]},{"damage_healed":0.0,"max_hp_gain":0.0,"max_hp_loss":0.0,"gold_gain":0.0,"event_name":"Tomb of Lord Red Mask","player_choice":"Ignored","floor":37.0,"gold_loss":0.0,"damage_taken":0.0},{"damage_healed":0,"gold_gain":0,"player_choice":"Copied","damage_taken":0,"max_hp_gain":0,"max_hp_loss":0,"event_name":"Duplicator","floor":39,"gold_loss":0,"cards_obtained":["Limit Break"]}],"is_beta":false,"boss_relics":[{"not_picked":["vexMod:DeviousBotling","vexMod:RockOfEvil"],"picked":"testmod-Prudence"},{"not_picked":["vexMod:MysteryBossChallenge","testmod-EnergyCheck"],"picked":"Fusion Hammer"}],"items_purged_floors":[0,47,53,53],"is_endless":false,"potions_floor_spawned":[1,2,7,11,12,20,23,33,41,42,46],"ascension_level":15}}