{"host":"o3b7ow6d1xe49css","time":1608276094,"event":{"mods":["2.2 Compatiblity","Act Like it!","Aspiration","BaseMod","Bestiary","Better Altar","Better Match","Better Note","Better Sensory Stone","Better Skull","Better Third Choice","Colored Powertips","Conspire","Downfall","Elementarium","Energized Spire","Force Act Four","GifTheSpireLib","Halation","Hermit","Hubris","Infinite Spire","Minty Spire (QoL Compilation)","Quick Restart","Replay The Spire","Spicy Shops","Spikes Relics","StSLib","Stuff the Spire","The Blue Laboratory","The Jungle","Wandering Minibosses","vexMod"],"gold_per_floor":[116,128,290,290,20,55,80,111,189,223,223,253,29,62,62,159,159,170,213,213,213,13,38,38,67,67,67,67,100,375,450,450,553,553,569,362,372,372,372,407,433,433,433,459,38,91,119,119,119,119,119,119,58,89,188],"floor_reached":56,"playtime":2038,"items_purged":["Strike_P","Strike_P","Strike_P","Strike_P"],"score":1705,"play_id":"1d100e09-c21a-4400-b765-07d72bdf993c","local_time":"20201217222134","daily_mods":["Heirloom","Flight"],"is_ascension_mode":true,"campfire_choices":[{"floor":11,"key":"REST"},{"data":"BattleHymn","floor":15,"key":"SMITH"},{"data":"MasterReality","floor":24,"key":"SMITH"},{"floor":27,"key":"RECALL"},{"data":"infinitespire:Execution","floor":32,"key":"SMITH"},{"data":"Establishment","floor":42,"key":"SMITH"},{"floor":49,"key":"REST"},{"data":"DeusExMachina","floor":52,"key":"SMITH"}],"circlet_count":0,"master_deck":["Defend_P","Defend_P","Defend_P","Defend_P","Eruption","Vigilance+1","BattleHymn+1","Protect","FlurryOfBlows+1","Crescendo+1","MasterReality+1","Worship+1","Wallop+1","FlurryOfBlows+1","FollowUp","Consecrate+1","infinitespire:Execution+1","DeusExMachina+1","Evaluate+1","Establishment+1","Wireheading+1","FlurryOfBlows+1","hubris:DuctTapeCard"],"relics":["PureWater","Ring of Chaos","vexMod:RedPlottingStone","halation:EternalFortune","StuffTheSpire:OldFever","hubris:DeckOfHolding","Gremlin Food","CherryCoatedStake","Pear","Toy Ornithopter","White Beast Statue","conspire:TreasureMap","Prayer Wheel","SlaversCollar","StuffTheSpire:RubySignet","Lee\u0027s Waffle","Bottled Tornado","Omamori","Replay:WaspNest","energizedSpire:CrystalSphere","infinitespire:BottledMercury","Gremlin Horn","hexamod:BolsterEngine","infinitespire:Joker Card","ClockworkSouvenir","DollysMirror","Replay:Towering Pillar of Hats","infinitespire:Satchel","infinitespire:EmpoweringShard","vexMod:PaidLearning","hubris:DuctTape"],"acts_visited":["Exordium","TheCity","TheBeyond","TheEnding"],"potions_floor_usage":[3,8,18,19,23,28,29,33,35,44,46,47,55,55],"damage_taken":[{"damage":0,"enemies":"Small Slimes","floor":1,"turns":2},{"damage":12,"enemies":"2 Louse","floor":2,"turns":3},{"damage":0,"enemies":"Jaw Worm","floor":3,"turns":6},{"damage":16,"enemies":"3 Sentries","floor":6,"turns":6},{"damage":0,"enemies":"Lagavulin","floor":7,"turns":4},{"damage":20,"enemies":"3 Sentries","floor":8,"turns":3},{"damage":16,"enemies":"Gremlin Nob","floor":10,"turns":3},{"damage":0,"enemies":"Lagavulin","floor":14,"turns":4},{"damage":0,"enemies":"Fading Forest","floor":16,"turns":11},{"damage":22,"enemies":"Spheric Guardian","floor":18,"turns":3},{"damage":15,"enemies":"Shell Parasite","floor":19,"turns":3},{"damage":0,"enemies":"Gremlin Leader","floor":23,"turns":4},{"damage":18,"enemies":"Nightmare","floor":25,"turns":6},{"damage":0,"enemies":"Gremlin Leader","floor":28,"turns":2},{"damage":32,"enemies":"Slavers","floor":29,"turns":4},{"damage":3,"enemies":"conspire:MysteriousRune","floor":33,"turns":5},{"damage":12,"enemies":"3 Darklings","floor":35,"turns":3},{"damage":0,"enemies":"Orb Walker","floor":37,"turns":3},{"damage":3,"enemies":"Giant Head","floor":40,"turns":4},{"damage":0,"enemies":"R_Hoarder","floor":41,"turns":4},{"damage":12,"enemies":"Reptomancer","floor":44,"turns":2},{"damage":32,"enemies":"2 Orb Walkers","floor":46,"turns":3},{"damage":0,"enemies":"R_Hoarder","floor":47,"turns":4},{"damage":7,"enemies":"Replay:Hell Engine","floor":50,"turns":3},{"damage":8,"enemies":"Shield and Spear","floor":54,"turns":2},{"damage":28,"enemies":"The Heart","floor":55,"turns":5}],"seed_played":"-7592849711044803280","potions_obtained":[{"floor":2,"key":"Energy Potion"},{"floor":3,"key":"blueLaboratory:EnragingPotion"},{"floor":8,"key":"sneckomod:MuddlingPotion"},{"floor":14,"key":"blueLaboratory:RememoryPotion"},{"floor":16,"key":"SmokeBomb"},{"floor":18,"key":"Weak Potion"},{"floor":19,"key":"DistilledChaos"},{"floor":23,"key":"blueLaboratory:SavagePotion"},{"floor":29,"key":"blueLaboratory:HorrorPotion"},{"floor":33,"key":"Adrenaline Potion"},{"floor":35,"key":"AttackPotion"},{"floor":37,"key":"ColorlessPotion"},{"floor":41,"key":"Slimebound:ThreeZeroPotion"},{"floor":44,"key":"blueLaboratory:TrueEctoplasm"},{"floor":46,"key":"blueLaboratory:HorrorPotion"},{"floor":47,"key":"blueLaboratory:MidnightOil"},{"floor":54,"key":"blueLaboratory:BottleOfVodka"},{"floor":55,"key":"GamblersBrew"}],"is_trial":true,"path_per_floor":["M","M","M","?","$","E","E","E","T","E","R","?","$","E","R","B",null,"M","M","AVR","$","$","E","R","NM","T","R","E","E","?","?","R","B",null,"M","$","M","?","?","E","E","R","T","E","$","?","E","T","R","B",null,"R","$","E","B",null],"character_chosen":"WATCHER","items_purchased":["FlurryOfBlows","CutThroughFate","StuffTheSpire:OldFever","conspire:TreasureMap","Lee\u0027s Waffle","FollowUp","Wireheading+1","blueLaboratory:FrostheartPotion","ClockworkSouvenir","DollysMirror","vexMod:PaidLearning"],"campfire_rested":2,"item_purchase_floors":[5,5,5,13,22,22,36,36,45,45,53],"current_hp_per_floor":[72,60,60,63,63,47,47,27,37,21,46,46,46,46,46,85,85,63,55,55,55,92,95,95,77,77,77,84,63,63,54,54,56,85,80,80,80,80,80,77,77,77,77,70,70,45,50,50,78,71,89,89,89,81,65],"gold":188,"neow_bonus":"","is_daily":false,"chose_seed":false,"campfire_upgraded":5,"win_rate":0.0,"timestamp":1608276094,"path_taken":["M","M","M","?","$","E","E","E","T","E","R","?","$","E","R","BOSS","M","M","AVR","$","$","E","R","NM","T","R","E","E","?","?","R","BOSS","M","$","M","?","?","E","E","R","T","E","$","?","E","?","R","BOSS","R","$","E","BOSS"],"items_purchased_type":["Card","Card","Relic","Relic","Relic","Card","Card","Potion","Relic","Relic","Relic"],"build_version":"2020-12-13","purchased_purges":4,"victory":true,"max_hp_per_floor":[72,72,72,75,75,75,75,75,85,85,85,85,85,85,85,85,85,85,85,85,85,92,95,95,95,95,95,95,95,95,95,95,95,95,95,95,95,95,95,95,95,95,95,95,95,95,95,95,95,95,95,95,95,95,95],"card_choices":[{"not_picked":["ThirdEye","PathToVictory"],"picked":"BattleHymn","floor":1},{"not_picked":["MentalFortress","Pray"],"picked":"Protect","floor":2},{"not_picked":["Replay:Battleflow","Nirvana","WheelKick"],"picked":"SKIP","floor":3},{"not_picked":["CutThroughFate","ConjureBlade"],"picked":"Crescendo","floor":6},{"not_picked":["PathToVictory","Conclude","ThirdEye"],"picked":"SKIP","floor":7},{"not_picked":["MasterReality","Crescendo","ReachHeaven"],"picked":"SKIP","floor":8},{"not_picked":["Crescendo","ReachHeaven"],"picked":"MasterReality","floor":8},{"not_picked":["WheelKick","Nirvana","Collect"],"picked":"SKIP","floor":10},{"not_picked":["ThirdEye","TalkToTheHand","SashWhip"],"picked":"SKIP","floor":14},{"not_picked":["JustLucky+1","CutThroughFate"],"picked":"Worship+1","floor":18},{"not_picked":["FollowUp","Study+1"],"picked":"Prostrate+1","floor":18},{"not_picked":["ReachHeaven","FlurryOfBlows"],"picked":"Wallop+1","floor":19},{"not_picked":["Adaptation","Replay:ManipulateFuture+1"],"picked":"FlurryOfBlows+1","floor":19},{"not_picked":["JustLucky","Evaluate+1"],"picked":"Consecrate","floor":23},{"not_picked":["infinitespire:Oblivion","infinitespire:Collect"],"picked":"infinitespire:Execution","floor":25},{"not_picked":["SashWhip","InnerPeace"],"picked":"DeusExMachina","floor":25},{"not_picked":["Wireheading","ForeignInfluence"],"picked":"Evaluate+1","floor":29},{"not_picked":["Replay:AllIn","Omniscience"],"picked":"Establishment","floor":33},{"not_picked":["Adaptation+1","MentalFortress"],"picked":"Prostrate+1","floor":35},{"not_picked":["Adaptation+1","BattleHymn+1","FollowUp+1"],"picked":"SKIP","floor":35},{"not_picked":["SignatureMove+1","SandsOfTime","Tantrum+1"],"picked":"SKIP","floor":37},{"not_picked":["ThirdEye+1","PathToVictory+1","Pray+1"],"picked":"SKIP","floor":37},{"not_picked":["PathToVictory","Blasphemy","Replay:ManipulateFuture+1"],"picked":"SKIP","floor":40},{"not_picked":["EmptyBody+1","Pray+1","Study+1"],"picked":"SKIP","floor":41},{"not_picked":["ReachHeaven+1","FearNoEvil","CarveReality"],"picked":"SKIP","floor":44},{"not_picked":["Nirvana","Indignation+1","Crescendo+1"],"picked":"SKIP","floor":47},{"not_picked":["Prostrate","ThirdEye+1","MentalFortress+1"],"picked":"SKIP","floor":54}],"player_experience":1738009,"relics_obtained":[{"floor":6,"key":"hubris:DeckOfHolding"},{"floor":7,"key":"Gremlin Food"},{"floor":8,"key":"CherryCoatedStake"},{"floor":9,"key":"Pear"},{"floor":10,"key":"Toy Ornithopter"},{"floor":14,"key":"Prayer Wheel"},{"floor":23,"key":"halation:EternalFortune"},{"floor":23,"key":"Bottled Tornado"},{"floor":25,"key":"Omamori"},{"floor":29,"key":"Replay:WaspNest"},{"floor":40,"key":"infinitespire:BottledMercury"},{"floor":41,"key":"Gremlin Horn"},{"floor":43,"key":"hexamod:BolsterEngine"},{"floor":44,"key":"infinitespire:Joker Card"},{"floor":46,"key":"Replay:Towering Pillar of Hats"},{"floor":47,"key":"infinitespire:Satchel"},{"floor":48,"key":"infinitespire:EmpoweringShard"},{"floor":54,"key":"hubris:DuctTape"}],"event_choices":[{"damage_healed":0,"gold_gain":30,"player_choice":"Searched \u00273\u0027 times","damage_taken":0,"relics_obtained":["White Beast Statue"],"max_hp_gain":0,"max_hp_loss":0,"event_name":"Dead Adventurer","floor":12,"gold_loss":0},{"damage_healed":0,"gold_gain":275,"player_choice":"Desecrate","damage_taken":0,"max_hp_gain":0,"max_hp_loss":0,"event_name":"Golden Shrine","floor":30,"gold_loss":0,"cards_obtained":["Regret"]},{"damage_healed":0,"gold_gain":75,"player_choice":"Touch","damage_taken":9,"max_hp_gain":0,"max_hp_loss":0,"event_name":"FaceTrader","floor":31,"gold_loss":0},{"cards_removed":["CutThroughFate"],"damage_healed":0,"gold_gain":0,"player_choice":"Removed Attack","damage_taken":0,"max_hp_gain":0,"max_hp_loss":0,"event_name":"Falling","floor":38,"gold_loss":0},{"damage_healed":0,"gold_gain":0,"player_choice":"Leave","damage_taken":0,"max_hp_gain":0,"max_hp_loss":0,"event_name":"conspire:Investor","floor":39,"gold_loss":0},{"damage_healed":0,"gold_gain":0,"player_choice":"Fight","damage_taken":0,"max_hp_gain":0,"max_hp_loss":0,"event_name":"Mysterious Sphere","floor":46,"gold_loss":0}],"is_beta":false,"boss_relics":[{"not_picked":["Replay:Grab Bag","vexMod:ImprovementManual"],"picked":"SlaversCollar"},{"not_picked":["halation:SmartPhone","Ring of Chaos"],"picked":"energizedSpire:CrystalSphere"}],"items_purged_floors":[13,20,36,45],"is_endless":true,"potions_floor_spawned":[2,3,8,14,16,18,19,23,28,29,33,35,37,40,41,44,46,47,54,55],"ascension_level":5}}