{"host":"fqbvzz8m91xtcrjw","time":1608265290,"event":{"mods":["BaseMod","Better Third Choice","BetterRewards","Displayed Cursed Tome","Downfall","Hermit","Highlight Path","JesterMod","Marisa????????","Minty Spire (QoL Compilation)","READ ME - Snecko Mod","Replay The Spire","Shade Mod","Spicy Shops","StSLib","The Construct","The Cursed","The Hierophant","The Runesmith","The Servant 0.9.4"],"gold_per_floor":[109,109,109,109,127,153,167,183,183,183,200,216,216,45,45,140,140,154,78,89,99,118,150,165,165,213,213,153,164,364,397,397,492,492,507,436,451,468,485,485,498,498,548,548,580,276,288,100,100,196,196,211,211,211,67,85,85,160,160,160,160,160,177,177,192,192,287,287,297,145,145,163,182,216,216,216,245,245,262,277,287,299,299,396,396,406,423,423,440,440,440,440],"floor_reached":91,"playtime":2548,"items_purged":["Hallucinations"],"score":1889,"play_id":"a093c7f2-740a-4b92-a177-f74f27d4e290","local_time":"20201217202130","daily_mods":["SealedDeck"],"is_ascension_mode":false,"campfire_choices":[{"data":"Hologram","floor":13.0,"key":"SMITH"},{"floor":15.0,"key":"DIG"},{"floor":25.0,"key":"REST"},{"floor":27.0,"key":"REST"},{"floor":40.0,"key":"REST"},{"floor":42.0,"key":"REST"},{"data":"Self Repair","floor":49.0,"key":"SMITH"},{"data":"Echo Form","floor":57.0,"key":"SMITH"},{"data":"Hyperbeam","floor":59.0,"key":"SMITH"},{"data":"Gash","floor":62.0,"key":"SMITH"},{"data":"Gash","floor":66.0,"key":"SMITH"},{"floor":76.0,"key":"REST"},{"data":"Buffer","floor":78.0,"key":"SMITH"},{"floor":83.0,"key":"REST"}],"circlet_count":1,"master_deck":["Melter","Leap","Sweeping Beam","Steam","Hologram+1","Hologram","Go for the Eyes","Gash+1","Gash+1","Beam Cell+1","Go for the Eyes","Gash","Gash","Beam Cell","Gash","Leap+1","Machine Learning","Scrape","Steam","Steam+1","Hyperbeam+1","Beam Cell+1","Self Repair+1","All For One","Gash","Apotheosis+1","Echo Form+1","Gash","Gash","Buffer+1","ReplayTheSpireMod:Doomed","Spreading Infection","Clumsy","Gash","Core Surge","ReplayGash+1","ReplayGash+1","Echo Form","Gash+1"],"relics":["Cracked Core","Peace Pipe","Pondfish Scales","Calipers","Blood Vial","Circlet","Strawberry","construct:WeddingRing","Prayer Wheel","Oddly Smooth Stone","ReplayTheSpireMod:CursedCoin","Juzu Bracelet","Prayer Wheel","ReplayFunnel","ClockworkSouvenir","Vajra","sneckomod:BlankCard","Pocketwatch","Replay:Ancient Bell","hexamod:BolsterEngine","Blue Candle","Du-Vu Doll","Bronze Scales"],"acts_visited":["Exordium","TheCity","TheBeyond","Exordium","TheCity","TheBeyond"],"potions_floor_usage":[91],"damage_taken":[{"damage":0.0,"enemies":"Cultist","floor":1.0,"turns":3.0},{"damage":0.0,"enemies":"2 Louse","floor":5.0,"turns":2.0},{"damage":21.0,"enemies":"3 Sentries","floor":6.0,"turns":5.0},{"damage":0.0,"enemies":"Jaw Worm","floor":7.0,"turns":2.0},{"damage":0.0,"enemies":"Lots of Slimes","floor":8.0,"turns":1.0},{"damage":0.0,"enemies":"Large Slime","floor":11.0,"turns":3.0},{"damage":0.0,"enemies":"Red Slaver","floor":12.0,"turns":2.0},{"damage":15.0,"enemies":"The Guardian","floor":16.0,"turns":7.0},{"damage":3.0,"enemies":"3 Byrds","floor":18.0,"turns":4.0},{"damage":0.0,"enemies":"Chosen","floor":20.0,"turns":3.0},{"damage":22.0,"enemies":"Snake Plant","floor":21.0,"turns":3.0},{"damage":24.0,"enemies":"Shelled Parasite and Fungi","floor":22.0,"turns":4.0},{"damage":9.0,"enemies":"Book of Stabbing","floor":23.0,"turns":5.0},{"damage":18.0,"enemies":"Centurion and Healer","floor":24.0,"turns":4.0},{"damage":0.0,"enemies":"Chosen and Byrds","floor":29.0,"turns":4.0},{"damage":24.0,"enemies":"Gremlin Leader","floor":31.0,"turns":5.0},{"damage":3.0,"enemies":"Automaton","floor":33.0,"turns":6.0},{"damage":23.0,"enemies":"Orb Walker","floor":35.0,"turns":3.0},{"damage":2.0,"enemies":"3 Darklings","floor":37.0,"turns":5.0},{"damage":1.0,"enemies":"Transient","floor":38.0,"turns":5.0},{"damage":36.0,"enemies":"4 Shapes","floor":39.0,"turns":4.0},{"damage":5.0,"enemies":"Spire Growth","floor":41.0,"turns":4.0},{"damage":12.0,"enemies":"R_Hoarder","floor":45.0,"turns":7.0},{"damage":0.0,"enemies":"Transient","floor":47.0,"turns":5.0},{"damage":58.0,"enemies":"Awakened One","floor":50.0,"turns":8.0},{"damage":10.0,"enemies":"Small Slimes","floor":52.0,"turns":2.0},{"damage":0.0,"enemies":"2 Louse","floor":56.0,"turns":1.0},{"damage":0.0,"enemies":"Cultist","floor":63.0,"turns":2.0},{"damage":2.0,"enemies":"Looter","floor":65.0,"turns":3.0},{"damage":0.0,"enemies":"Slime Boss","floor":67.0,"turns":4.0},{"damage":1.0,"enemies":"Spheric Guardian","floor":69.0,"turns":2.0},{"damage":0.0,"enemies":"Shell Parasite","floor":72.0,"turns":2.0},{"damage":15.0,"enemies":"Centurion and Healer","floor":73.0,"turns":2.0},{"damage":35.0,"enemies":"Book of Stabbing","floor":74.0,"turns":4.0},{"damage":0.0,"enemies":"Gremlin Leader","floor":77.0,"turns":4.0},{"damage":0.0,"enemies":"Sentry and Sphere","floor":79.0,"turns":3.0},{"damage":31.0,"enemies":"Snake Plant","floor":80.0,"turns":2.0},{"damage":7.0,"enemies":"Cultist and Chosen","floor":81.0,"turns":3.0},{"damage":0.0,"enemies":"Snecko","floor":82.0,"turns":4.0},{"damage":67.0,"enemies":"Champ","floor":84.0,"turns":6.0},{"damage":0,"enemies":"Orb Walker","floor":86,"turns":3},{"damage":23,"enemies":"3 Darklings","floor":87,"turns":3},{"damage":11,"enemies":"4 Shapes","floor":89,"turns":6},{"damage":105,"enemies":"Reptomancer","floor":91,"turns":3}],"seed_played":"178370872569322784","potions_obtained":[{"floor":8.0,"key":"Toxic Potion"},{"floor":16.0,"key":"EssenceOfSteel"},{"floor":18.0,"key":"construct:ShiftPotion"},{"floor":23.0,"key":"Regen Potion"},{"floor":45.0,"key":"FearPotion"},{"floor":47.0,"key":"AttackPotion"},{"floor":50.0,"key":"SteroidPotion"},{"floor":56.0,"key":"LiquidBronze"},{"floor":69.0,"key":"DuplicationPotion"},{"floor":82.0,"key":"Dexterity Potion"},{"floor":89,"key":"Fruit Juice"}],"is_trial":true,"path_per_floor":["M","$","?","?","M","E","M","M","T","?","M","M","R","$","R","B",null,"M","$","M","M","M","E","M","R","T","R","?","M","?","E","R","B",null,"M","$","M","M","M","R","M","R","T","?","E","$","M","$","R","B",null,"M","?","?","$","M","R","?","R","T","?","R","M","?","M","R","B",null,"M","$","?","M","M","E","?","R","E","R","M","M","M","M","R","B",null,"M","M","?","M","?","E"],"character_chosen":"DEFECT","items_purchased":["Dream Catcher","Beam Cell","Blood Vial","Oddly Smooth Stone","ReplayTheSpireMod:CursedCoin","ClockworkSouvenir","Hyperbeam","Vajra","Self Repair","sneckomod:BlankCard","Bronze Scales"],"campfire_rested":6,"item_purchase_floors":[14,14,19,36,36,46,46,48,48,55,70],"current_hp_per_floor":[75,75,75,75,75,54,54,54,54,54,54,54,54,54,54,39,75,72,72,74,53,31,24,8,30,30,52,52,66,66,51,75,80,82,59,59,59,60,35,59,68,82,82,82,75,75,77,77,77,30,82,82,82,82,82,82,82,71,71,71,71,71,78,83,83,83,87,87,86,86,69,71,58,25,25,52,86,86,92,61,56,68,92,46,92,92,79,79,80,80,0,0],"gold":440,"neow_bonus":"","is_daily":false,"chose_seed":false,"campfire_upgraded":7,"win_rate":0.0,"timestamp":1608265290,"path_taken":["M","$","?","?","M","E","M","M","T","?","M","?","R","$","R","BOSS","M","$","?","M","M","E","M","R","T","R","?","M","?","E","R","BOSS","M","?","M","?","M","R","M","R","T","?","E","$","M","$","R","BOSS","M","?","?","$","M","R","?","R","T","?","R","M","?","M","R","BOSS","M","$","?","M","M","E","?","R","E","R","M","M","M","M","R","BOSS","M","M","?","M","?","E"],"items_purchased_type":["Relic","Card","Relic","Relic","Relic","Relic","Card","Relic","Card","Relic","Relic"],"build_version":"2020-12-13","purchased_purges":1,"victory":false,"max_hp_per_floor":[75,75,75,75,75,75,75,75,75,75,75,75,75,75,75,75,75,75,75,75,75,75,75,75,75,75,75,75,75,75,82,82,82,82,82,82,82,82,82,82,82,82,82,82,82,82,82,82,82,82,82,82,82,82,82,82,82,82,82,82,82,82,82,87,87,87,87,87,87,87,92,92,92,92,92,92,92,92,92,92,92,92,92,92,92,92,92,92,92,92,97,97],"card_choices":[{"not_picked":["Sweeping Beam","Blizzard","Compile Driver"],"picked":"SKIP","floor":1.0},{"not_picked":["BasicCrystalCard","White Noise","Force Field"],"picked":"SKIP","floor":5.0},{"not_picked":["Ball Lightning","Hello World"],"picked":"Go for the Eyes","floor":6.0},{"not_picked":["Streamline","Go for the Eyes","Leap"],"picked":"SKIP","floor":7.0},{"not_picked":["All For One","Skim"],"picked":"Gash","floor":8.0},{"not_picked":["Streamline","Beam Cell","Aggregate"],"picked":"SKIP","floor":11.0},{"not_picked":["Compile Driver","Doom and Gloom"],"picked":"Gash","floor":12.0},{"not_picked":["Compile Driver","Cold Snap"],"picked":"Gash","floor":18.0},{"not_picked":["ReplayTheSpireMod:Reroute Power","Coolheaded","Heatsinks"],"picked":"SKIP","floor":20.0},{"not_picked":["Panic Button","Conserve Battery"],"picked":"Leap+1","floor":21.0},{"not_picked":["Tempest","Hologram","Force Field"],"picked":"SKIP","floor":22.0},{"not_picked":["Loop","Skim","Redo"],"picked":"SKIP","floor":23.0},{"not_picked":["Ball Lightning","ReplayTheSpireMod:Reroute Power","Cold Snap"],"picked":"SKIP","floor":24.0},{"not_picked":["Multi-Cast","Go for the Eyes","Double Energy"],"picked":"SKIP","floor":29.0},{"not_picked":["Mirror Shield","Multi-Cast"],"picked":"Machine Learning","floor":30.0},{"not_picked":["Barrage","Doom and Gloom"],"picked":"Scrape","floor":31.0},{"not_picked":["Core Surge","Thunder Strike"],"picked":"ReplayTheSpireMod:Fabricate Wheel","floor":33.0},{"not_picked":["Beam Cell","Turbo"],"picked":"Steam","floor":35.0},{"not_picked":["Tempest","Hologram","Stack"],"picked":"SKIP","floor":35.0},{"not_picked":["Compile Driver","Hologram","FTL+1"],"picked":"SKIP","floor":37.0},{"not_picked":["Capacitor","Loop+1","Leap"],"picked":"SKIP","floor":37.0},{"not_picked":["Barrage","Panic Button+1","Cold Snap+1"],"picked":"SKIP","floor":38.0},{"not_picked":["Capacitor+1","Conserve Battery+1","ReplayTheSpireMod:GoodbyeWorld+1"],"picked":"SKIP","floor":38.0},{"not_picked":["Tempest","Beam Cell"],"picked":"Steam+1","floor":39.0},{"not_picked":["Capacitor","ReplayTheSpireMod:Calculation Training+1","Panic Button+1"],"picked":"SKIP","floor":39.0},{"not_picked":["Sweeping Beam+1","BootSequence+1","Doom and Gloom"],"picked":"SKIP","floor":41.0},{"not_picked":["ReplayTheSpireMod:Reroute Power+1","Steam Power","Aggregate+1"],"picked":"SKIP","floor":41.0},{"not_picked":["Stack","Hologram+1","ReplayTheSpireMod:Calculation Training"],"picked":"SKIP","floor":45.0},{"not_picked":["Stack+1","Leap"],"picked":"Beam Cell+1","floor":47.0},{"not_picked":["Turbo+1","Cold Snap","Conserve Battery"],"picked":"SKIP","floor":47.0},{"not_picked":["Compile Driver","Steam","Loop"],"picked":"SKIP","floor":47.0},{"not_picked":["Buffer","ReplayRNGCard"],"picked":"All For One","floor":50.0},{"not_picked":["Steam","Loop"],"picked":"Gash","floor":52.0},{"not_picked":["Go for the Eyes","Coolheaded","Double Energy"],"picked":"SKIP","floor":52.0},{"not_picked":["Cold Snap","Conserve Battery","Force Field"],"picked":"SKIP","floor":52.0},{"not_picked":["Chaos","Ball Lightning"],"picked":"Echo Form","floor":56.0},{"not_picked":["Melter","Cold Snap"],"picked":"Gash","floor":56.0},{"not_picked":["Conserve Battery","Compile Driver","Stack"],"picked":"SKIP","floor":56.0},{"not_picked":["Turbo","Redo"],"picked":"Gash","floor":63.0},{"not_picked":["Steam","Crystallizer","Beam Cell"],"picked":"SKIP","floor":63.0},{"not_picked":["Panic Button","Hologram","Cold Snap"],"picked":"SKIP","floor":63.0},{"not_picked":["BasicCrystalCard","Mirror Shield","Steam"],"picked":"SKIP","floor":65.0},{"not_picked":["White Noise","Time Bomb","Chaos"],"picked":"SKIP","floor":65.0},{"not_picked":["Compile Driver","Redo","Go for the Eyes"],"picked":"SKIP","floor":65.0},{"not_picked":["Echo Form","Machine Learning"],"picked":"Buffer","floor":67.0},{"not_picked":["Replay:Sluggish","ReplayTheSpireMod:IOU"],"picked":"ReplayTheSpireMod:Doomed","floor":68.0},{"not_picked":["Replay:Sluggish","Hallucinations"],"picked":"Spreading Infection","floor":68.0},{"not_picked":["Amnesia","Slimebound:Icky"],"picked":"Clumsy","floor":68.0},{"not_picked":["Sweeping Beam","Leap","Lockon"],"picked":"SKIP","floor":69.0},{"not_picked":["Stack","Doom and Gloom+1","Steam"],"picked":"SKIP","floor":69.0},{"not_picked":["Go for the Eyes+1","Redo","Ball Lightning"],"picked":"SKIP","floor":69.0},{"not_picked":["Ball Lightning","BootSequence+1","Mirror Shield"],"picked":"SKIP","floor":72.0},{"not_picked":["ReplayTheSpireMod:Repulse","Cold Snap+1","Go for the Eyes+1"],"picked":"SKIP","floor":72.0},{"not_picked":["Glacier+1","Storm","BootSequence"],"picked":"SKIP","floor":72.0},{"not_picked":["Coolheaded","Consume","Chill"],"picked":"SKIP","floor":73.0},{"not_picked":["Sweeping Beam","FIFO Queue","Rebound+1"],"picked":"SKIP","floor":73.0},{"not_picked":["ReplayTheSpireMod:Calculation Training","Beam Cell","Time Bomb"],"picked":"SKIP","floor":73.0},{"not_picked":["Turbo","Echo Form","Machine Learning"],"picked":"SKIP","floor":74.0},{"not_picked":["BasicCrystalCard+1","Barrage","ReplayTheSpireMod:System Scan+1"],"picked":"SKIP","floor":77.0},{"not_picked":["Static Discharge","Conserve Battery","Capacitor"],"picked":"SKIP","floor":79.0},{"not_picked":["Panic Button","Cold Snap","Coolheaded+1"],"picked":"SKIP","floor":79.0},{"not_picked":["Barrage+1","BasicCrystalCard","Ball Lightning"],"picked":"SKIP","floor":79.0},{"not_picked":["Stack","ReplaySolidLightProjector","Ball Lightning"],"picked":"SKIP","floor":80.0},{"not_picked":["Redo","Leap","Stack"],"picked":"SKIP","floor":80.0},{"not_picked":["Redo","Ball Lightning+1","ReplayTheSpireMod:Calculation Training"],"picked":"SKIP","floor":80.0},{"not_picked":["Meteor Strike","Capacitor+1","Conserve Battery"],"picked":"SKIP","floor":81.0},{"not_picked":["Turbo","Coolheaded+1","Glacier"],"picked":"SKIP","floor":81.0},{"not_picked":["Redo","FTL","Storm"],"picked":"SKIP","floor":81.0},{"not_picked":["Sweeping Beam","Genetic Algorithm"],"picked":"Gash","floor":82.0},{"not_picked":["ReplayTheSpireMod:Calculation Training","Panic Button","Compile Driver"],"picked":"SKIP","floor":82.0},{"not_picked":["Cold Snap","Rainbow","Chaos"],"picked":"SKIP","floor":82.0},{"not_picked":["Electrodynamics","Hyperbeam"],"picked":"Core Surge","floor":84.0},{"not_picked":["Ball Lightning+1","Sweeping Beam+1"],"picked":"ReplayGash+1","floor":86},{"not_picked":["FTL","Darkness","White Noise"],"picked":"SKIP","floor":86},{"not_picked":["ReplaySolidLightProjector","Conserve Battery","Consume+1"],"picked":"SKIP","floor":86},{"not_picked":["Gash","Reprogram"],"picked":"ReplayGash+1","floor":87},{"not_picked":["Compile Driver+1","Beam Cell","Rebound"],"picked":"SKIP","floor":87},{"not_picked":["Lockon+1","Turbo+1","Scrape"],"picked":"SKIP","floor":87},{"not_picked":["BasicCrystalCard","Turbo"],"picked":"Echo Form","floor":89},{"not_picked":["Turbo+1","Hologram+1"],"picked":"Gash+1","floor":89},{"not_picked":["Conserve Battery","ReplaySort+1","Compile Driver+1"],"picked":"SKIP","floor":89}],"player_experience":448391,"relics_obtained":[{"floor":6.0,"key":"Peace Pipe"},{"floor":9.0,"key":"Pondfish Scales"},{"floor":15.0,"key":"Calipers"},{"floor":23.0,"key":"Dead Branch"},{"floor":26.0,"key":"Pet Ghost"},{"floor":31.0,"key":"Strawberry"},{"floor":43.0,"key":"Juzu Bracelet"},{"floor":45.0,"key":"ReplayFunnel"},{"floor":60.0,"key":"Pocketwatch"}],"event_choices":[{"damage_healed":75.0,"max_hp_gain":0.0,"max_hp_loss":75.0,"gold_gain":0.0,"event_name":"betterThird:BetterShining","player_choice":"Leave","floor":3.0,"gold_loss":0.0,"damage_taken":0.0},{"damage_healed":0.0,"max_hp_gain":0.0,"max_hp_loss":0.0,"gold_gain":0.0,"event_name":"The Cleric","player_choice":"Leave","floor":10.0,"gold_loss":0.0,"damage_taken":0.0},{"damage_healed":0.0,"max_hp_gain":0.0,"max_hp_loss":0.0,"gold_gain":0.0,"event_name":"SensoryStone","player_choice":"Memory 1","floor":44.0,"gold_loss":0.0,"damage_taken":0.0},{"damage_healed":82.0,"max_hp_gain":0.0,"max_hp_loss":82.0,"gold_gain":0.0,"event_name":"betterThird:BetterShining","player_choice":"Protect","floor":53.0,"gold_loss":1.0,"damage_taken":0.0},{"damage_healed":0.0,"max_hp_gain":0.0,"max_hp_loss":0.0,"gold_gain":0.0,"event_name":"The Cleric","player_choice":"Leave","floor":54.0,"gold_loss":0.0,"damage_taken":0.0},{"damage_healed":0.0,"max_hp_gain":0.0,"max_hp_loss":0.0,"gold_gain":75.0,"event_name":"betterThird:BetterGoop","player_choice":"Gold","floor":58.0,"gold_loss":0.0,"damage_taken":11.0},{"damage_healed":0.0,"max_hp_gain":0.0,"max_hp_loss":0.0,"gold_gain":0.0,"event_name":"Transmorgrifier","player_choice":"Ignored","floor":61.0,"gold_loss":0.0,"damage_taken":0.0},{"damage_healed":0.0,"max_hp_gain":5.0,"max_hp_loss":0.0,"gold_gain":0.0,"event_name":"Big Fish","player_choice":"Donut","floor":64.0,"gold_loss":0.0,"damage_taken":0.0},{"damage_healed":0.0,"max_hp_gain":5.0,"max_hp_loss":0.0,"gold_gain":0.0,"event_name":"Forgotten Altar","player_choice":"Shed Blood","floor":71.0,"gold_loss":0.0,"damage_taken":22.0},{"damage_healed":0.0,"max_hp_gain":0.0,"max_hp_loss":0.0,"gold_gain":0.0,"event_name":"Vampires","player_choice":"Ignored","floor":75.0,"gold_loss":0.0,"damage_taken":0.0},{"damage_healed":0,"gold_gain":0,"player_choice":"Ignored","damage_taken":0,"max_hp_gain":0,"max_hp_loss":0,"event_name":"Fountain of Cleansing","floor":88,"gold_loss":0},{"damage_healed":0,"gold_gain":0,"player_choice":"Memory 1","damage_taken":0,"max_hp_gain":0,"max_hp_loss":0,"event_name":"SensoryStone","floor":90,"gold_loss":0}],"is_beta":false,"boss_relics":[{"not_picked":["jesterMod:MachoBrace","Astrolabe","SacredBark"]},{"not_picked":["Empty Cage","Cursed Key"],"picked":"construct:WeddingRing"},{"not_picked":["ReplayTheSpireMod:DimensionalGlitch","Runesmith:UraniumAnvil","Abe\u0027s Treasure"]},{"not_picked":["expansioncontent:StudyCardRelic","SlaversCollar"],"picked":"Replay:Ancient Bell"},{"not_picked":["Anchor","Pet Ghost"],"picked":"hexamod:BolsterEngine"},{"not_picked":["HornCleat","Replay:Accelerometer"],"picked":"Blue Candle"},{"not_picked":["Durian","Gambling Chip"],"picked":"Du-Vu Doll"},{"not_picked":["Ring of Chaos","Velvet Choker","FrozenCore"]}],"items_purged_floors":[36],"is_endless":true,"potions_floor_spawned":[8,16,18,23,29,33,45,47,50,56,63,69,72,74,81,82,89],"killed_by":"Reptomancer","ascension_level":0}}