{"host":"hjw1ay65n7jm40lc","time":1608256624,"event":{"mods":["AchievementEnabler","BaseMod","Colored Map","Colored Powertips","Googly Eyes","Highlight Path","Minty Spire (QoL Compilation)","Quick Restart","Relic Stats"],"gold_per_floor":[112,112,122,135,25,25,50,61,88,45,72,83,115,125,125,125,125],"floor_reached":16,"playtime":835,"items_purged":[],"score":238,"play_id":"f946caf8-064b-4c5c-bee3-991d32300c1c","local_time":"20201217205704","is_ascension_mode":true,"campfire_choices":[{"data":"Bash","floor":6.0,"key":"SMITH"},{"floor":15,"key":"REST"}],"circlet_count":0,"master_deck":["AscendersBane","Strike_R","Strike_R","Strike_R","Strike_R","Defend_R","Defend_R","Defend_R","Defend_R","Bash+1","Clothesline","Heavy Blade","Juggernaut","Uppercut"],"relics":["Snecko Eye","Bag of Marbles","PreservedInsect","Smiling Mask","Peace Pipe"],"acts_visited":["Exordium"],"potions_floor_usage":[16],"damage_taken":[{"damage":4.0,"enemies":"2 Louse","floor":1.0,"turns":3.0},{"damage":7.0,"enemies":"Jaw Worm","floor":3.0,"turns":3.0},{"damage":0.0,"enemies":"Small Slimes","floor":4.0,"turns":4.0},{"damage":20.0,"enemies":"Gremlin Nob","floor":7.0,"turns":4.0},{"damage":0.0,"enemies":"2 Fungi Beasts","floor":8.0,"turns":2.0},{"damage":4.0,"enemies":"3 Sentries","floor":11.0,"turns":5.0},{"damage":0.0,"enemies":"Large Slime","floor":12.0,"turns":3.0},{"damage":15.0,"enemies":"Lagavulin","floor":13.0,"turns":5.0},{"damage":8,"enemies":"Blue Slaver","floor":14,"turns":2},{"damage":31,"enemies":"Slime Boss","floor":16,"turns":5}],"seed_played":"-33645156465184799","potions_obtained":[{"floor":3.0,"key":"ElixirPotion"},{"floor":4.0,"key":"FearPotion"},{"floor":12.0,"key":"Weak Potion"}],"is_trial":false,"path_per_floor":["M","?","M","M","$","R","E","M","T","$","E","M","E","M","R","B"],"character_chosen":"IRONCLAD","items_purchased":["Clothesline","Heavy Blade","Uppercut"],"campfire_rested":1,"item_purchase_floors":[5,5,10],"current_hp_per_floor":[64,57,50,50,50,50,30,30,30,30,26,26,11,3,25,0,0],"gold":125,"neow_bonus":"BOSS_RELIC","is_daily":false,"chose_seed":false,"campfire_upgraded":1,"win_rate":0.0,"timestamp":1608256624,"path_taken":["M","?","M","M","$","R","E","M","T","$","E","M","E","M","R","BOSS"],"items_purchased_type":["Card","Card","Card"],"build_version":"2020-12-13","purchased_purges":0,"victory":false,"max_hp_per_floor":[75,75,75,75,75,75,75,75,75,75,75,75,75,75,75,75,75],"relic_stats":{"Peace Pipe":0,"counters":[10,36],"Snecko Eye":[63,58,58,54],"PreservedInsect":61,"Smiling Mask":0,"obtain_stats":[{"Peace Pipe":13,"Snecko Eye":0,"PreservedInsect":9,"Bag of Marbles":7,"Smiling Mask":11,"Burning Blood":0},{"Peace Pipe":8,"Snecko Eye":0,"PreservedInsect":5,"Bag of Marbles":4,"Smiling Mask":6,"Burning Blood":0},{"Peace Pipe":29,"Snecko Eye":0,"PreservedInsect":16,"Bag of Marbles":14,"Smiling Mask":21,"Burning Blood":0}]},"card_choices":[{"not_picked":["Armaments","Wild Strike","Cleave"],"picked":"SKIP","floor":1.0},{"not_picked":["Burning Pact","Twin Strike","Headbutt"],"picked":"SKIP","floor":3.0},{"not_picked":["Perfected Strike","Anger","Warcry"],"picked":"SKIP","floor":4.0},{"not_picked":["Anger","Infernal Blade"],"picked":"Juggernaut","floor":7.0},{"not_picked":["Clothesline","Shrug It Off","Headbutt"],"picked":"SKIP","floor":8.0},{"not_picked":["Havoc","Warcry","Iron Wave"],"picked":"SKIP","floor":11.0},{"not_picked":["Havoc","Searing Blow","Heavy Blade"],"picked":"SKIP","floor":12.0},{"not_picked":["Heavy Blade","Body Slam","Rage"],"picked":"SKIP","floor":13.0},{"not_picked":["Twin Strike","Wild Strike","Clash"],"picked":"SKIP","floor":14}],"player_experience":320302,"relics_obtained":[{"floor":7.0,"key":"Bag of Marbles"},{"floor":9.0,"key":"PreservedInsect"},{"floor":11.0,"key":"Smiling Mask"},{"floor":13.0,"key":"Peace Pipe"}],"event_choices":[{"cards_removed":["Strike_R"],"damage_healed":0.0,"max_hp_gain":0.0,"max_hp_loss":0.0,"gold_gain":0.0,"event_name":"Golden Wing","player_choice":"Card Removal","floor":2.0,"gold_loss":0.0,"damage_taken":7.0}],"is_beta":false,"boss_relics":[],"items_purged_floors":[],"is_endless":false,"potions_floor_spawned":[3,4,12],"killed_by":"Slime Boss","ascension_level":19}}