{"host":"4lebci84u2l5u89t","time":1608333838,"event":{"mods":["AchievementEnabler","Aspiration","Bard","BaseMod","Beaked The Cultist","Better Altar","Better Match","Better Note","Better Sensory Stone","Better Skull","Better Third Choice","BetterRewards","CCEM","Colored Map","Conspire","Downfall","GifTheSpireLib","Googly Eyes","Halation","Hermit","Highlight Path","Hubris","Hunter ??","Jedi Mod","Jorbs\u0027s Wanderer Trilogy","Lobotomy","Mad Scientist","Marisa????????","Mimic Mod","Minty Spire (QoL Compilation)","Permanent Neow","Replay The Spire","Shade Mod","Spicy Shops","StSLib","Stuff the Spire","Unceasing Turn Reminder"],"gold_per_floor":[118,97,107,107,107,107,134,145,199,225,243,263,281,301,301,301,301],"floor_reached":16,"playtime":1186,"items_purged":[],"score":114,"play_id":"028265e9-5761-4afa-9112-0b91024bbe65","local_time":"20201219002358","is_ascension_mode":false,"campfire_choices":[{"floor":6,"key":"REST"},{"data":"beaked:MaddeningMurmurs","floor":15,"key":"SMITH"}],"circlet_count":0,"master_deck":["beaked:Strike_Y","beaked:Strike_Y","beaked:Strike_Y","beaked:Strike_Y","beaked:Strike_Y","beaked:Strike_Y","beaked:Defend_Y","beaked:Defend_Y","beaked:Defend_Y","beaked:Defend_Y","beaked:Ceremony","beaked:Ceremony","beaked:Ceremony","SnowQueen","beaked:WarriorEssence+1","MeltingLove","beaked:FakeOut","MeatLantern","beaked:WarriorSpirit","PunishingBird","beaked:Evade","SpiderBud","beaked:WarriorEssence","BlueStar","beaked:FeelMyPain","Bloodbath","beaked:MaddeningMurmurs+1","Woodsman","beaked:Brace"],"relics":["beaked:MendingPlumage","CogitoBucket","betterThird:SlimedRelic","conspire:TopHat","Replay:Bottled Steam","StuffTheSpire:HeavyRock","Simple Rune","AspirationHeart"],"acts_visited":["Exordium"],"potions_floor_usage":[10,10,16],"damage_taken":[{"damage":11,"enemies":"Jaw Worm","floor":1,"turns":3},{"damage":14,"enemies":"Small Slimes","floor":3,"turns":5},{"damage":36,"enemies":"Lagavulin","floor":7,"turns":6},{"damage":0,"enemies":"2 Louse","floor":8,"turns":4},{"damage":11,"enemies":"3 Sentries","floor":10,"turns":7},{"damage":29,"enemies":"Looter","floor":11,"turns":8},{"damage":18,"enemies":"Lots of Slimes","floor":12,"turns":5},{"damage":13,"enemies":"Exordium Thugs","floor":13,"turns":5},{"damage":26,"enemies":"3 Louse","floor":14,"turns":2},{"damage":48,"enemies":"Slime Boss","floor":16,"turns":3}],"seed_played":"7401882935110044767","potions_obtained":[{"floor":3,"key":"CultistPotion"},{"floor":8,"key":"AttackPotion"},{"floor":13,"key":"jedi:wingpotion"},{"floor":14,"key":"champ:CounterPotion"}],"is_trial":false,"path_per_floor":["M","?","M","?","?","R","E","M","T","E","M","M","M","M","R","B"],"character_chosen":"BEAKED_THE_CULTIST","items_purchased":[],"campfire_rested":1,"item_purchase_floors":[],"current_hp_per_floor":[45,34,32,20,20,35,19,30,30,40,48,51,52,33,33,0,0],"gold":301,"neow_bonus":"","is_daily":false,"chose_seed":false,"campfire_upgraded":1,"win_rate":0.0,"timestamp":1608333838,"path_taken":["M","?","M","?","?","R","E","M","T","E","M","M","M","?","R","BOSS"],"items_purchased_type":[],"build_version":"2020-12-13","purchased_purges":0,"victory":false,"max_hp_per_floor":[50,50,50,50,50,50,50,50,50,50,60,60,60,60,60,60,60],"card_choices":[{"not_picked":["FairyFestival","MHz"],"picked":"SnowQueen","floor":1},{"not_picked":["beaked:Overpower","beaked:Foresight"],"picked":"beaked:WarriorEssence","floor":1},{"not_picked":["WhitesApple","HeroicMonk"],"picked":"MeltingLove","floor":3},{"not_picked":["beaked:Evade","beaked:Roost"],"picked":"beaked:FakeOut","floor":3},{"not_picked":["DreamingCurrent","FairyFestival"],"picked":"MeatLantern","floor":7},{"not_picked":["beaked:MachineSpirit","beaked:Evade"],"picked":"beaked:WarriorSpirit","floor":7},{"not_picked":["OSAHOGD","Scorched"],"picked":"PunishingBird","floor":8},{"not_picked":["beaked:Poke","beaked:MimicHuntress","ReplayTheSpireMod:Prepare the Ceremony"],"picked":"SKIP","floor":8},{"not_picked":["beaked:Poke","beaked:MimicHuntress","ReplayTheSpireMod:Prepare the Ceremony"],"picked":"SKIP","floor":8},{"not_picked":["beaked:Tradeoff","beaked:Recite"],"picked":"beaked:Evade","floor":10},{"not_picked":["GreedKing","CherryBlossoms"],"picked":"SpiderBud","floor":11},{"not_picked":["beaked:MimicWarrior","beaked:Redirect"],"picked":"beaked:WarriorEssence","floor":11},{"not_picked":["FairyFestival","OSAHOGD"],"picked":"BlueStar","floor":12},{"not_picked":["beaked:BraceForImpact","beaked:Resilience"],"picked":"beaked:FeelMyPain","floor":12},{"not_picked":["ShyLook","VoidDream"],"picked":"Bloodbath","floor":13},{"not_picked":["beaked:Pecker","beaked:BraceForImpact"],"picked":"beaked:MaddeningMurmurs","floor":13},{"not_picked":["Murderer","Rudolta"],"picked":"Woodsman","floor":14},{"not_picked":["beaked:Cower","beaked:CrazyRituals"],"picked":"beaked:Brace","floor":14}],"player_experience":267617,"relics_obtained":[{"floor":7,"key":"Replay:Bottled Steam"},{"floor":9,"key":"StuffTheSpire:HeavyRock"},{"floor":10,"key":"Simple Rune"}],"event_choices":[{"damage_healed":0,"gold_gain":0,"player_choice":"Slimed","damage_taken":11,"max_hp_gain":0,"max_hp_loss":0,"event_name":"betterThird:BetterGoop","floor":2,"gold_loss":21},{"damage_healed":0,"gold_gain":0,"player_choice":"Relic ","damage_taken":12,"max_hp_gain":0,"max_hp_loss":0,"event_name":"betterThird:BetterScrap","floor":4,"gold_loss":0,"cards_obtained":["StuffTheSpire:BrimstoneBlast"]},{"damage_healed":0,"gold_gain":0,"player_choice":"Grow","damage_taken":0,"max_hp_gain":0,"max_hp_loss":0,"event_name":"Living Wall","floor":5,"gold_loss":0,"cards_upgraded":["beaked:WarriorEssence"]}],"is_beta":false,"boss_relics":[],"items_purged_floors":[],"is_endless":false,"potions_floor_spawned":[3,8,13,14],"killed_by":"Slime Boss","ascension_level":0}}