{"host":"4amcrcg6ktw8dbzk","time":1608288739,"event":{"mods":["BaseMod","Dota2Spire","Minty Spire (QoL Compilation)","MostiFishMod","Robot Space Explorer","Spicy Shops","StSLib","Waifu the Spire"],"gold_per_floor":[116,116,135,151,229,261,261,261,261],"floor_reached":8,"playtime":261,"items_purged":[],"score":95,"play_id":"e81e4ba7-c8b8-4706-8963-245531fd6433","local_time":"20201218185219","is_ascension_mode":true,"campfire_choices":[{"floor":7,"key":"REST"}],"circlet_count":0,"master_deck":["AscendersBane","Strike_B+1","Strike_B","Strike_B","Strike_B","Defend_B+1","Defend_B","Defend_B","Defend_B","Zap","Dualcast","Defragment","Tempest","Coolheaded","Doom and Gloom","Capacitor"],"relics":["Cracked Core","DaveBox","The Courier","Question Card","Torii"],"acts_visited":["Exordium"],"potions_floor_usage":[8],"damage_taken":[{"damage":9,"enemies":"2 Louse","floor":1,"turns":3},{"damage":4,"enemies":"Small Slimes","floor":3,"turns":4},{"damage":5,"enemies":"Jaw Worm","floor":4,"turns":4},{"damage":29,"enemies":"Lagavulin","floor":6,"turns":5},{"damage":30,"enemies":"Gremlin Nob","floor":8,"turns":3}],"seed_played":"-7280074324380390231","potions_obtained":[{"floor":3,"key":"BlessingOfTheForge"}],"is_trial":false,"path_per_floor":["M","?","M","M","?","E","R","E"],"character_chosen":"DEFECT","items_purchased":[],"campfire_rested":1,"item_purchase_floors":[],"current_hp_per_floor":[55,41,37,32,32,3,24,0,0],"gold":261,"neow_bonus":"THREE_CARDS","is_daily":false,"chose_seed":false,"campfire_upgraded":0,"win_rate":0.0,"timestamp":1608288739,"path_taken":["M","?","M","M","?","E","R","E"],"items_purchased_type":[],"build_version":"2020-12-13","purchased_purges":0,"victory":false,"max_hp_per_floor":[71,71,71,71,71,71,71,71,71],"card_choices":[{"not_picked":["Sweeping Beam","Hello World"],"picked":"Defragment","floor":0},{"not_picked":["Beam Cell","Darkness"],"picked":"Tempest","floor":1},{"not_picked":["Compile Driver","Hologram","Turbo"],"picked":"Coolheaded","floor":3},{"not_picked":["Loop","Barrage","Compile Driver"],"picked":"Doom and Gloom","floor":4},{"not_picked":["Consume","Leap","Conserve Battery"],"picked":"Capacitor","floor":6}],"player_experience":259856,"relics_obtained":[{"floor":1,"key":"Question Card"},{"floor":6,"key":"Torii"}],"event_choices":[{"damage_healed":0,"gold_gain":0,"player_choice":"Entered Light","damage_taken":14,"max_hp_gain":0,"max_hp_loss":0,"event_name":"Shining Light","floor":2,"gold_loss":0,"cards_upgraded":["Defend_B","Strike_B"]},{"damage_healed":0,"gold_gain":78,"player_choice":"Gained Gold","damage_taken":0,"max_hp_gain":0,"max_hp_loss":0,"event_name":"Golden Wing","floor":5,"gold_loss":0}],"is_beta":false,"boss_relics":[],"items_purged_floors":[],"is_endless":false,"potions_floor_spawned":[3],"killed_by":"Gremlin Nob","ascension_level":14}}