{"host":"Mythic","time":1608264005,"event":{"mods":["BaseMod","Minty Spire (QoL Compilation)","Relic Stats","StSLib"],"gold_per_floor":[119,132,145,110,123,123,154,154,154,154,189,189,168,168,168,267,267,267,267,267,267,267,267,267,267,267,267,267,267],"floor_reached":28,"playtime":592,"items_purged":[],"score":365,"play_id":"bab9060b-49f6-44ea-a4bc-1b402d16ef77","local_time":"20201217230005","is_ascension_mode":true,"campfire_choices":[{"data":"Uppercut","floor":6,"key":"SMITH"},{"data":"Twin Strike","floor":8,"key":"SMITH"},{"data":"Inflame","floor":10,"key":"SMITH"},{"data":"Defend_R","floor":15,"key":"SMITH"},{"floor":23,"key":"REST"}],"circlet_count":0,"master_deck":["AscendersBane","Strike_R","Strike_R","Strike_R+1","Defend_R+1","Defend_R","Bash","Body Slam+1","Cleave+1","Double Tap+1","Wild Strike","Inflame+1","Twin Strike+1","Uppercut+1","Armaments","Wild Strike","Fiend Fire+1","Necronomicurse","Ghostly Armor"],"relics":["Astrolabe","Frozen Egg 2","Blue Candle","Mercury Hourglass","Ectoplasm","Necronomicon","Whetstone"],"acts_visited":["Exordium","TheCity"],"potions_floor_usage":[11,25],"damage_taken":[{"damage":1,"enemies":"2 Louse","floor":1,"turns":2},{"damage":9,"enemies":"Jaw Worm","floor":2,"turns":3},{"damage":1,"enemies":"Cultist","floor":3,"turns":3},{"damage":1,"enemies":"2 Fungi Beasts","floor":5,"turns":2},{"damage":12,"enemies":"Gremlin Nob","floor":7,"turns":3},{"damage":15,"enemies":"Lagavulin","floor":11,"turns":3},{"damage":31,"enemies":"Slime Boss","floor":16,"turns":9},{"damage":2,"enemies":"3 Byrds","floor":18,"turns":3},{"damage":22,"enemies":"Shell Parasite","floor":20,"turns":4},{"damage":18,"enemies":"Snake Plant","floor":22,"turns":2},{"damage":37,"enemies":"Shelled Parasite and Fungi","floor":24,"turns":4},{"damage":0,"enemies":"Cultist and Chosen","floor":25,"turns":3},{"damage":3,"enemies":"Snake Plant","floor":28,"turns":1}],"seed_played":"6712840820419525979","potions_obtained":[{"floor":1,"key":"PowerPotion"},{"floor":7,"key":"Dexterity Potion"},{"floor":16,"key":"Weak Potion"},{"floor":24,"key":"DistilledChaos"}],"is_trial":false,"path_per_floor":["M","M","M","?","M","R","E","R","T","R","E","?","?","?","R","B",null,"M","?","M","?","M","R","M","M","T","?","M"],"character_chosen":"IRONCLAD","items_purchased":[],"campfire_rested":1,"item_purchase_floors":[],"current_hp_per_floor":[71,62,61,80,79,79,67,67,67,67,52,52,52,78,78,47,72,70,70,48,32,14,38,1,1,1,1,0,0],"gold":267,"neow_bonus":"BOSS_RELIC","is_daily":false,"chose_seed":false,"campfire_upgraded":4,"win_rate":0.0,"timestamp":1608264005,"path_taken":["M","M","M","?","M","R","E","R","T","R","E","?","?","?","R","BOSS","M","?","?","?","M","R","M","M","T","?","M"],"items_purchased_type":[],"build_version":"2020-12-17","purchased_purges":0,"victory":false,"max_hp_per_floor":[80,80,80,80,80,80,80,80,80,80,80,80,80,80,80,80,80,80,80,80,80,80,80,80,80,80,80,80,80],"relic_stats":{"counters":[13,42],"Astrolabe":["Body Slam","Cleave","Double Tap"],"Blue Candle":[0],"Ectoplasm":225,"Necronomicon":[7],"Whetstone":["Strike_R","Fiend Fire"],"obtain_stats":[{"Astrolabe":0,"Blue Candle":9,"Ectoplasm":17,"Necronomicon":21,"Whetstone":26,"Frozen Egg 2":7,"Burning Blood":0,"Mercury Hourglass":11},{"Astrolabe":0,"Blue Candle":5,"Ectoplasm":7,"Necronomicon":9,"Whetstone":12,"Frozen Egg 2":5,"Burning Blood":0,"Mercury Hourglass":6},{"Astrolabe":0,"Blue Candle":13,"Ectoplasm":25,"Necronomicon":32,"Whetstone":41,"Frozen Egg 2":13,"Burning Blood":0,"Mercury Hourglass":16}],"Mercury Hourglass":[93]},"card_choices":[{"not_picked":["Reckless Charge","Anger"],"picked":"Wild Strike","floor":1},{"not_picked":["Cleave","Havoc"],"picked":"Inflame","floor":2},{"not_picked":["Pummel","Body Slam"],"picked":"Twin Strike","floor":3},{"not_picked":["Searing Blow","Anger"],"picked":"Uppercut","floor":5},{"not_picked":["Clash","Havoc","Headbutt"],"picked":"SKIP","floor":7},{"not_picked":["Sever Soul","Whirlwind"],"picked":"Armaments","floor":11},{"not_picked":["Double Tap","Brutality+1"],"picked":"Fiend Fire","floor":16},{"not_picked":["Havoc+1","Sword Boomerang","Reckless Charge"],"picked":"SKIP","floor":18},{"not_picked":["Armaments","Whirlwind","Warcry"],"picked":"SKIP","floor":20},{"not_picked":["Rampage","Dark Embrace+1"],"picked":"Ghostly Armor","floor":22},{"not_picked":["Dropkick","Dark Embrace+1","Warcry+1"],"picked":"SKIP","floor":24},{"not_picked":["Dual Wield","Clash+1","Exhume"],"picked":"SKIP","floor":25}],"player_experience":814969,"relics_obtained":[{"floor":7,"key":"Frozen Egg 2"},{"floor":9,"key":"Blue Candle"},{"floor":11,"key":"Mercury Hourglass"},{"floor":21,"key":"Necronomicon"},{"floor":26,"key":"Whetstone"}],"event_choices":[{"damage_healed":20,"gold_gain":0,"player_choice":"Healed","damage_taken":0,"max_hp_gain":0,"max_hp_loss":0,"event_name":"The Cleric","floor":4,"gold_loss":35},{"damage_healed":0,"gold_gain":0,"cards_transformed":["Defend_R"],"player_choice":"Change","damage_taken":0,"max_hp_gain":0,"max_hp_loss":0,"event_name":"Living Wall","floor":12,"gold_loss":0,"cards_obtained":["Wild Strike"]},{"damage_healed":0,"gold_gain":0,"player_choice":"Left Gold","damage_taken":0,"max_hp_gain":0,"max_hp_loss":0,"event_name":"World of Goop","floor":13,"gold_loss":21},{"damage_healed":26,"gold_gain":0,"player_choice":"Banana","damage_taken":0,"max_hp_gain":0,"max_hp_loss":0,"event_name":"Big Fish","floor":14,"gold_loss":0},{"damage_healed":0,"gold_gain":0,"player_choice":"Got Potions","damage_taken":0,"max_hp_gain":0,"max_hp_loss":0,"event_name":"Lab","floor":19,"gold_loss":0},{"damage_healed":0,"gold_gain":0,"player_choice":"Obtained Book","damage_taken":16,"max_hp_gain":0,"max_hp_loss":0,"event_name":"Cursed Tome","floor":21,"gold_loss":0},{"damage_healed":0,"gold_gain":99,"player_choice":"Stole From Cult","damage_taken":0,"max_hp_gain":0,"max_hp_loss":0,"event_name":"Nest","floor":27,"gold_loss":0}],"is_beta":true,"boss_relics":[{"not_picked":["Philosopher\u0027s Stone","Runic Cube"],"picked":"Ectoplasm"}],"items_purged_floors":[],"is_endless":false,"potions_floor_spawned":[1,7,16,24],"killed_by":"Snake Plant","ascension_level":12}}