{"host":"kpyoctgc7jne3jiy","time":1608279287,"event":{"mods":["AchievementEnabler","BaseMod","Minty Spire (QoL Compilation)"],"gold_per_floor":[117,117,68,87,87,87,87,122,122,122,122,150,150,175,175,275,275,275,275,275,275,275,275,275,275,275,275,275,275,275,275,275,275,275,275,275,275,275,31,31,31,31,31,31,31,0,0,0,0,0,0],"floor_reached":50,"playtime":2746,"items_purged":[],"score":713,"play_id":"32e20802-1992-42a4-b04d-1980256cb301","local_time":"20201218091447","is_ascension_mode":true,"campfire_choices":[{"data":"Barricade","floor":6.0,"key":"SMITH"},{"data":"Shrug It Off","floor":10.0,"key":"SMITH"},{"floor":13.0,"key":"REST"},{"data":"Defend_R","floor":15.0,"key":"SMITH"},{"data":"Ghostly Armor","floor":23.0,"key":"SMITH"},{"data":"Juggernaut","floor":27.0,"key":"SMITH"},{"data":"Clothesline","floor":30.0,"key":"SMITH"},{"data":"Rage","floor":32.0,"key":"SMITH"},{"data":"Madness","floor":41.0,"key":"SMITH"},{"data":"Madness","floor":49.0,"key":"SMITH"}],"circlet_count":0,"master_deck":["Strike_R+1","Strike_R+1","Strike_R+1","Strike_R+1","Strike_R+1","Defend_R+1","Defend_R+1","Defend_R+1","Defend_R+1","Bash","Armaments+1","Shrug It Off+1","Barricade+1","Flex","Feed","Shrug It Off","Ghostly Armor+1","Juggernaut+1","RitualDagger","Clothesline+1","Rage+1","Reaper","Power Through+1","Madness+1","Madness+1","Body Slam+1","Inflame+1","Ghostly Armor+1"],"relics":["Burning Blood","Oddly Smooth Stone","Gremlin Horn","Juzu Bracelet","Self Forming Clay","Ornamental Fan","Ectoplasm","Sundial","Bag of Marbles","Eternal Feather","Red Skull","SacredBark","Dream Catcher","Mercury Hourglass","Potion Belt","Regal Pillow","Strawberry","Red Mask","TungstenRod"],"acts_visited":["Exordium","TheCity","TheBeyond"],"potions_floor_usage":[50,50],"damage_taken":[{"damage":8.0,"enemies":"Jaw Worm","floor":1.0,"turns":4.0},{"damage":3.0,"enemies":"2 Louse","floor":4.0,"turns":4.0},{"damage":26.0,"enemies":"3 Sentries","floor":8.0,"turns":14.0},{"damage":8.0,"enemies":"Gremlin Nob","floor":12.0,"turns":5.0},{"damage":18.0,"enemies":"3 Sentries","floor":14.0,"turns":17.0},{"damage":34.0,"enemies":"The Guardian","floor":16.0,"turns":13.0},{"damage":15.0,"enemies":"Chosen","floor":18.0,"turns":8.0},{"damage":1.0,"enemies":"Spheric Guardian","floor":20.0,"turns":8.0},{"damage":0.0,"enemies":"Gremlin Leader","floor":25.0,"turns":12.0},{"damage":48.0,"enemies":"Book of Stabbing","floor":29.0,"turns":6.0},{"damage":1.0,"enemies":"Centurion and Healer","floor":31.0,"turns":11.0},{"damage":89.0,"enemies":"Collector","floor":33.0,"turns":11.0},{"damage":0.0,"enemies":"3 Shapes","floor":35.0,"turns":6.0},{"damage":2.0,"enemies":"3 Darklings","floor":37.0,"turns":6.0},{"damage":6.0,"enemies":"Nemesis","floor":40.0,"turns":9.0},{"damage":82.0,"enemies":"Giant Head","floor":42.0,"turns":9.0},{"damage":0.0,"enemies":"4 Shapes","floor":44.0,"turns":5.0},{"damage":0.0,"enemies":"Jaw Worm Horde","floor":48.0,"turns":4.0},{"damage":113,"enemies":"Donu and Deca","floor":50,"turns":10}],"seed_played":"3499342986897718397","potions_obtained":[{"floor":0.0,"key":"Strength Potion"},{"floor":0.0,"key":"Ancient Potion"},{"floor":0.0,"key":"EntropicBrew"},{"floor":8.0,"key":"HeartOfIron"},{"floor":21.0,"key":"ColorlessPotion"},{"floor":21.0,"key":"Fire Potion"},{"floor":31.0,"key":"Regen Potion"},{"floor":33.0,"key":"ColorlessPotion"},{"floor":35.0,"key":"Ancient Potion"},{"floor":48.0,"key":"Block Potion"}],"is_trial":false,"path_per_floor":["M","?","$","M","?","R","$","E","T","R","T","E","R","E","R","B",null,"M","?","M","?","?","R","T","E","T","R","?","E","R","M","R","B",null,"M","?","M","T","$","E","R","E","T","M","?","?","T","M","R","B"],"character_chosen":"IRONCLAD","items_purchased":["Shrug It Off","Mercury Hourglass"],"campfire_rested":1,"item_purchase_floors":[3,39],"current_hp_per_floor":[78,78,78,80,80,80,80,60,60,60,60,58,80,68,68,40,80,71,71,76,76,76,76,76,80,80,80,74,36,48,56,68,32,87,87,76,80,80,80,80,87,24,31,37,37,37,37,63,78,0,0],"gold":0,"neow_bonus":"THREE_SMALL_POTIONS","is_daily":false,"chose_seed":false,"campfire_upgraded":9,"win_rate":0.0,"timestamp":1608279287,"path_taken":["M","?","$","M","?","R","$","E","T","R","?","E","R","E","R","BOSS","M","?","M","?","?","R","?","E","T","R","?","E","R","M","R","BOSS","M","?","M","?","$","E","R","E","T","M","?","?","?","M","R","BOSS"],"items_purchased_type":["Card","Relic"],"build_version":"2020-12-13","purchased_purges":0,"victory":false,"max_hp_per_floor":[80,80,80,80,80,80,80,80,80,80,80,80,80,80,80,80,80,80,80,80,80,80,80,80,80,80,80,80,84,84,87,87,87,87,87,87,87,87,87,87,87,90,97,97,97,97,97,97,97,97,97],"card_choices":[{"not_picked":["Bloodletting","Havoc"],"picked":"Armaments","floor":1.0},{"not_picked":["Headbutt","Body Slam"],"picked":"Barricade","floor":4.0},{"not_picked":["Perfected Strike","Twin Strike"],"picked":"Flex","floor":8.0},{"not_picked":["Sentinel","Flex","Clash"],"picked":"SKIP","floor":12.0},{"not_picked":["Headbutt","Battle Trance","Havoc"],"picked":"SKIP","floor":14.0},{"not_picked":["Limit Break","Brutality"],"picked":"Feed","floor":16.0},{"not_picked":["Reckless Charge","Havoc"],"picked":"Shrug It Off","floor":18.0},{"not_picked":["Sword Boomerang","Thunderclap"],"picked":"Ghostly Armor","floor":20.0},{"not_picked":["Twin Strike","Bloodletting"],"picked":"Juggernaut","floor":25.0},{"not_picked":["Dark Embrace+1","Wild Strike"],"picked":"Clothesline","floor":29.0},{"not_picked":["Rupture+1","Barricade"],"picked":"Rage","floor":31.0},{"not_picked":["Berserk","Brutality"],"picked":"Reaper","floor":33.0},{"not_picked":["Sever Soul","True Grit+1"],"picked":"Power Through+1","floor":35.0},{"not_picked":["Heavy Blade","Headbutt+1"],"picked":"Body Slam+1","floor":37.0},{"not_picked":["Sword Boomerang","Pommel Strike"],"picked":"Inflame+1","floor":40.0},{"not_picked":["Havoc+1","Burning Pact+1","Cleave"],"picked":"SKIP","floor":42.0},{"not_picked":["Feed","Iron Wave","Warcry+1"],"picked":"SKIP","floor":44.0},{"not_picked":["Sword Boomerang+1","Iron Wave"],"picked":"Ghostly Armor+1","floor":48.0}],"player_experience":214544,"relics_obtained":[{"floor":8.0,"key":"Oddly Smooth Stone"},{"floor":9.0,"key":"Gremlin Horn"},{"floor":11.0,"key":"Juzu Bracelet"},{"floor":12.0,"key":"Self Forming Clay"},{"floor":14.0,"key":"Ornamental Fan"},{"floor":24.0,"key":"Sundial"},{"floor":25.0,"key":"Bag of Marbles"},{"floor":26.0,"key":"Eternal Feather"},{"floor":29.0,"key":"Red Skull"},{"floor":38.0,"key":"Dream Catcher"},{"floor":40.0,"key":"Potion Belt"},{"floor":42.0,"key":"Regal Pillow"},{"floor":43.0,"key":"Strawberry"},{"floor":47.0,"key":"TungstenRod"}],"event_choices":[{"damage_healed":0.0,"max_hp_gain":0.0,"max_hp_loss":0.0,"gold_gain":0.0,"event_name":"Liars Game","player_choice":"Ignored","floor":2.0,"gold_loss":0.0,"damage_taken":0.0},{"damage_healed":0.0,"max_hp_gain":0.0,"max_hp_loss":0.0,"gold_gain":0.0,"event_name":"Living Wall","player_choice":"Grow","floor":5.0,"gold_loss":0.0,"damage_taken":0.0,"cards_upgraded":["Armaments"]},{"damage_healed":0.0,"max_hp_gain":0.0,"max_hp_loss":0.0,"gold_gain":0.0,"event_name":"Back to Basics","player_choice":"Simplicity","floor":19.0,"gold_loss":0.0,"damage_taken":0.0,"cards_upgraded":["Strike_R","Strike_R","Strike_R","Strike_R","Strike_R","Defend_R","Defend_R","Defend_R"]},{"damage_healed":0.0,"max_hp_gain":0.0,"max_hp_loss":0.0,"gold_gain":0.0,"event_name":"Lab","player_choice":"Got Potions","floor":21.0,"gold_loss":0.0,"damage_taken":0.0},{"damage_healed":0.0,"max_hp_gain":0.0,"max_hp_loss":0.0,"gold_gain":0.0,"event_name":"FaceTrader","player_choice":"Leave","floor":22.0,"gold_loss":0.0,"damage_taken":0.0},{"damage_healed":0.0,"max_hp_gain":0.0,"max_hp_loss":0.0,"gold_gain":0.0,"event_name":"Nest","player_choice":"Joined the Cult","floor":28.0,"gold_loss":0.0,"damage_taken":6.0,"cards_obtained":["RitualDagger"]},{"damage_healed":0.0,"max_hp_gain":0.0,"max_hp_loss":0.0,"gold_gain":0.0,"event_name":"Winding Halls","player_choice":"Embrace Madness","floor":36.0,"gold_loss":0.0,"damage_taken":11.0,"cards_obtained":["Madness","Madness"]},{"damage_healed":0.0,"max_hp_gain":0.0,"max_hp_loss":0.0,"gold_gain":100.0,"event_name":"Golden Shrine","player_choice":"Pray","floor":45.0,"gold_loss":0.0,"damage_taken":0.0},{"damage_healed":0.0,"max_hp_gain":0.0,"max_hp_loss":0.0,"gold_gain":0.0,"event_name":"Tomb of Lord Red Mask","player_choice":"Paid","floor":46.0,"gold_loss":31.0,"damage_taken":0.0,"relics_obtained":["Red Mask"]}],"is_beta":false,"boss_relics":[{"not_picked":["Snecko Eye","Empty Cage"],"picked":"Ectoplasm"},{"not_picked":["Astrolabe","Black Blood"],"picked":"SacredBark"}],"items_purged_floors":[],"is_endless":false,"potions_floor_spawned":[8,31,33,35,48],"killed_by":"Donu and Deca","ascension_level":4}}