{"host":"r6jigiblrojhp6xe","time":1608264581,"event":{"mods":["AchievementEnabler","BaseMod","DeckTracker","Minty Spire (QoL Compilation)","Quick Restart","Rare Cards Sparkle","Relic Stats","StSLib","SuperFastMode","everything is the same but u backflip on backflip"],"gold_per_floor":[115,115,38,38,38,66,85,116,116,116,141,141,69,119,119,119,119],"floor_reached":16,"playtime":191,"items_purged":[],"score":278,"play_id":"cb1effd7-8165-4891-a3dd-bc53b1b4efa6","local_time":"20201218130941","is_ascension_mode":true,"campfire_choices":[{"floor":10,"key":"REST"},{"floor":15,"key":"REST"}],"circlet_count":0,"master_deck":["AscendersBane","Strike_P+1","Strike_P","Strike_P","Defend_P","Defend_P+1","Defend_P","Eruption","Vigilance","SignatureMove","Wish","MentalFortress","Vault","Meditate"],"relics":["PureWater","NeowsBlessing","Letter Opener","MealTicket","Potion Belt","Turnip"],"acts_visited":["Exordium"],"potions_floor_usage":[11],"damage_taken":[{"damage":0,"enemies":"Cultist","floor":1,"turns":1},{"damage":0,"enemies":"3 Sentries","floor":6,"turns":1},{"damage":0,"enemies":"Small Slimes","floor":7,"turns":1},{"damage":16,"enemies":"Lagavulin","floor":8,"turns":7},{"damage":30,"enemies":"3 Sentries","floor":11,"turns":8},{"damage":0,"enemies":"The Guardian","floor":16,"turns":2}],"seed_played":"4437912556552956506","potions_obtained":[{"floor":6,"key":"SpeedPotion"},{"floor":7,"key":"Fire Potion"}],"is_trial":false,"path_per_floor":["M","?","$","?","?","E","M","E","T","R","E","?","?","?","R","B"],"character_chosen":"WATCHER","items_purchased":["SignatureMove"],"campfire_rested":2,"item_purchase_floors":[3],"current_hp_per_floor":[61,54,54,54,34,34,34,18,18,38,8,8,8,8,28,28,28],"gold":119,"neow_bonus":"THREE_ENEMY_KILL","is_daily":false,"chose_seed":false,"campfire_upgraded":0,"win_rate":0.0,"timestamp":1608264581,"path_taken":["M","?","$","?","?","E","?","E","T","R","E","?","?","?","R","BOSS"],"items_purchased_type":["Card"],"build_version":"2020-12-13","purchased_purges":0,"victory":false,"max_hp_per_floor":[68,68,68,68,68,68,68,68,68,68,68,68,68,68,68,68,68],"relic_stats":{"counters":[6,20],"MealTicket":0,"Turnip":[0],"Letter Opener":[0],"obtain_stats":[{"Potion Belt":9,"NeowsBlessing":0,"MealTicket":8,"Turnip":11,"Letter Opener":6,"PureWater":0},{"Potion Belt":4,"NeowsBlessing":0,"MealTicket":4,"Turnip":5,"Letter Opener":2,"PureWater":0},{"Potion Belt":10,"NeowsBlessing":0,"MealTicket":10,"Turnip":18,"Letter Opener":2,"PureWater":0}]},"card_choices":[{"not_picked":["CutThroughFate","DeceiveReality","JustLucky"],"picked":"SKIP","floor":1},{"not_picked":["FollowUp","Protect"],"picked":"MentalFortress","floor":6},{"not_picked":["SashWhip","Protect"],"picked":"Vault","floor":7},{"not_picked":["FlyingSleeves","ReachHeaven","Weave"],"picked":"SKIP","floor":8},{"not_picked":["Study","Crescendo"],"picked":"Meditate","floor":11}],"player_experience":501166,"relics_obtained":[{"floor":6,"key":"Letter Opener"},{"floor":8,"key":"MealTicket"},{"floor":9,"key":"Potion Belt"},{"floor":11,"key":"Turnip"}],"event_choices":[{"cards_removed":["Defend_P"],"damage_healed":0,"gold_gain":0,"player_choice":"Card Removal","damage_taken":7,"max_hp_gain":0,"max_hp_loss":0,"event_name":"Golden Wing","floor":2,"gold_loss":0},{"damage_healed":0,"gold_gain":0,"cards_transformed":["Strike_P"],"player_choice":"Change","damage_taken":0,"max_hp_gain":0,"max_hp_loss":0,"event_name":"Living Wall","floor":4,"gold_loss":0,"cards_obtained":["Wish"]},{"damage_healed":0,"gold_gain":0,"player_choice":"Entered Light","damage_taken":20,"max_hp_gain":0,"max_hp_loss":0,"event_name":"Shining Light","floor":5,"gold_loss":0,"cards_upgraded":["Strike_P","Defend_P"]},{"damage_healed":0,"gold_gain":0,"player_choice":"Fled","damage_taken":0,"max_hp_gain":0,"max_hp_loss":0,"event_name":"Scrap Ooze","floor":12,"gold_loss":0},{"damage_healed":0,"gold_gain":0,"player_choice":"Left Gold","damage_taken":0,"max_hp_gain":0,"max_hp_loss":0,"event_name":"World of Goop","floor":13,"gold_loss":72},{"damage_healed":0,"gold_gain":50,"player_choice":"Pray","damage_taken":0,"max_hp_gain":0,"max_hp_loss":0,"event_name":"Golden Shrine","floor":14,"gold_loss":0}],"is_beta":false,"boss_relics":[],"items_purged_floors":[],"is_endless":false,"potions_floor_spawned":[6,7,8],"killed_by":"The Guardian","ascension_level":20}}