{"host":"lreod2rejfd0az5i","time":1608260473,"event":{"mods":["AchievementEnabler","Aspiration","BaseMod","Colored Powertips","Conspire","Downfall","Highlight Path","Hubris","Infinite Spire","Mad Scientist","Minty Spire (QoL Compilation)","Rare Cards Sparkle","Relic Stats","Replay The Spire","StSLib","The Bug Knight","The Jungle"],"gold_per_floor":[118,118,118,118,118,118,133,143,143,170,170,170,184,184,184,258,258,258,258],"floor_reached":18,"playtime":401,"items_purged":[],"score":308,"play_id":"e9c82bdf-177b-4deb-9613-8c20d65ae73b","local_time":"20201217200113","is_ascension_mode":true,"campfire_choices":[{"data":"Eruption","floor":6,"key":"SMITH"},{"data":"Twin Strike","floor":12,"key":"SMITH"},{"floor":15,"key":"REST"}],"circlet_count":0,"master_deck":["AscendersBane","Strike_R","Strike_R","Strike_R","Strike_R","Defend_R","Defend_R","Defend_R","Defend_R","Shrug It Off","Body Slam","Eruption+1","CrushJoints","Twin Strike+1","Barricade","Flame Barrier","Double Tap"],"relics":["NeowsBlessing","Replay:M_SmolderingBlood","Self Forming Clay","Dream Catcher","infinitespire:Cupcake"],"acts_visited":["Exordium","TheCity"],"potions_floor_usage":[16,18],"damage_taken":[{"damage":0,"enemies":"2 Louse","floor":1,"turns":1},{"damage":0,"enemies":"Small Slimes","floor":7,"turns":1},{"damage":0,"enemies":"Cultist","floor":8,"turns":1},{"damage":17,"enemies":"Gremlin Nob","floor":10,"turns":3},{"damage":24,"enemies":"Large Slime","floor":13,"turns":2},{"damage":59,"enemies":"Fading Forest","floor":16,"turns":13},{"damage":67,"enemies":"conspire:FuzzyDice","floor":18,"turns":2}],"seed_played":"-3735518932823830555","potions_obtained":[{"floor":10,"key":"Weak Potion"},{"floor":13,"key":"Death Potion"},{"floor":16,"key":"Strength Potion"}],"is_trial":false,"path_per_floor":["M","$","?","?","?","R","M","M","T","E","?","R","M","?","R","B",null,"M"],"character_chosen":"IRONCLAD","items_purchased":[],"campfire_rested":1,"item_purchase_floors":[],"current_hp_per_floor":[74,74,74,74,74,74,74,74,74,57,57,57,33,33,55,4,57,0,0],"gold":258,"neow_bonus":"THREE_ENEMY_KILL","is_daily":false,"chose_seed":false,"campfire_upgraded":2,"win_rate":0.0,"timestamp":1608260473,"path_taken":["M","$","?","?","?","R","?","M","T","E","?","R","M","?","R","BOSS","M"],"items_purchased_type":[],"build_version":"2020-12-13","purchased_purges":0,"victory":false,"max_hp_per_floor":[75,75,75,75,75,75,75,75,75,75,75,75,75,75,75,75,75,75,75],"relic_stats":{"Dream Catcher":1,"counters":[7,23],"Self Forming Clay":[15],"obtain_stats":[{"Dream Catcher":10,"NeowsBlessing":0,"Replay:M_SmolderingBlood":4,"Self Forming Clay":9,"Burning Blood":0,"infinitespire:Cupcake":17},{"Dream Catcher":4,"NeowsBlessing":0,"Replay:M_SmolderingBlood":1,"Self Forming Clay":3,"Burning Blood":0,"infinitespire:Cupcake":6},{"Dream Catcher":6,"NeowsBlessing":0,"Replay:M_SmolderingBlood":1,"Self Forming Clay":3,"Burning Blood":0,"infinitespire:Cupcake":21}]},"card_choices":[{"not_picked":["Massacre","Evolve"],"picked":"Shrug It Off","floor":1},{"not_picked":["Swivel","Thunderclap","Halt"],"picked":"SKIP","floor":7},{"not_picked":["Wild Strike","Shrug It Off","Infernal Blade"],"picked":"SKIP","floor":8},{"not_picked":["infinitespire:OneForAll","Cleave"],"picked":"Twin Strike","floor":10},{"not_picked":["Flex","conspire:ExplosiveBarrier"],"picked":"Barricade","floor":13},{"not_picked":["Carnage","FlyingSleeves"],"picked":"Flame Barrier","floor":15},{"not_picked":["Reaper","Feed"],"picked":"Double Tap","floor":16}],"player_experience":851373,"relics_obtained":[{"floor":9,"key":"Self Forming Clay"},{"floor":10,"key":"Dream Catcher"}],"event_choices":[{"damage_healed":0,"gold_gain":0,"cards_transformed":["Strike_R"],"player_choice":"Change","damage_taken":0,"max_hp_gain":0,"max_hp_loss":0,"event_name":"Living Wall","floor":3,"gold_loss":0,"cards_obtained":["Body Slam"]},{"damage_healed":0,"gold_gain":0,"player_choice":"1 cards matched","damage_taken":0,"max_hp_gain":0,"max_hp_loss":0,"event_name":"Match and Keep!","floor":5,"gold_loss":0,"cards_obtained":["CrushJoints"]},{"damage_healed":0,"gold_gain":0,"player_choice":"Disagree","damage_taken":0,"max_hp_gain":0,"max_hp_loss":0,"event_name":"conspire:LoneGhost","floor":11,"gold_loss":0}],"is_beta":false,"boss_relics":[{"not_picked":["aspiration:DefectSkillbook","conspire:RoyalGoblet"],"picked":"infinitespire:Cupcake"}],"items_purged_floors":[],"is_endless":false,"potions_floor_spawned":[10,13,16],"killed_by":"conspire:FuzzyDice","ascension_level":19}}