{"host":"jolg1n27y0xvdyb4","time":1608267227,"event":{"mods":["2.2 Compatiblity","AchievementEnabler","Act Like it!","BaseMod","Better Altar","Better Match","Better Note","Better Sensory Stone","Better Skull","Better Third Choice","Better Vampires","Block Reminder","Colored Map","Downfall","Gremlin Mod","Hermit","Jorbs\u0027s Wanderer Trilogy","Minty Spire (QoL Compilation)","SIMod","StSLib","The Blackbeard","The Blue Laboratory","The Bug Knight","The Hierophant","The Jungle","The Necromancer","The Wild Card"],"gold_per_floor":[111,122,51,69,0,0,0,0,69,89,89,149,2,16,16,119,119,134,134,102,116,134,134,134,134,134,147,159,188,188,207,207,207,207],"floor_reached":33,"playtime":2328,"items_purged":["Strike_G"],"score":296,"play_id":"ca2006b5-8b33-4039-913a-a969668de48e","local_time":"20201217225347","is_ascension_mode":true,"campfire_choices":[{"data":"Terror","floor":6,"key":"SMITH"},{"data":"Enlightenment","floor":8,"key":"SMITH"},{"data":"Neutralize","floor":11,"key":"SMITH"},{"data":"Defend_G","floor":15,"key":"SMITH"},{"data":"Defend_G","floor":23,"key":"SMITH"},{"data":"Defend_G","floor":25,"key":"SMITH"},{"floor":30,"key":"REST"},{"floor":32,"key":"REST"}],"circlet_count":0,"master_deck":["Strike_G","Strike_G","Strike_G","Strike_G","Defend_G+1","Defend_G+1","Defend_G+1","Defend_G","Defend_G","Survivor","Neutralize+1","Poisoned Stab","Poisoned Stab","Noxious Fumes+1","Terror+1","Enlightenment+1","Catalyst","After Image","Deadly Poison","Eviscerate+1"],"relics":["Ring of the Snake","Mummified Hand","HollowMod:LifeEnderRelic","SlaversCollar","Lizard Tail","Orichalcum"],"acts_visited":["Exordium","TheCity"],"potions_floor_usage":[12,14,16,27,28,29],"damage_taken":[{"damage":7,"enemies":"Jaw Worm","floor":1,"turns":8},{"damage":0,"enemies":"2 Louse","floor":2,"turns":3},{"damage":1,"enemies":"Cultist","floor":4,"turns":3},{"damage":2,"enemies":"Exordium Wildlife","floor":10,"turns":4},{"damage":1,"enemies":"3 Sentries","floor":12,"turns":7},{"damage":5,"enemies":"Exordium Thugs","floor":14,"turns":4},{"damage":16,"enemies":"Hexaghost","floor":16,"turns":7},{"damage":3,"enemies":"Chosen","floor":18,"turns":3},{"damage":18,"enemies":"Shell Parasite","floor":21,"turns":5},{"damage":3,"enemies":"Snake Plant","floor":22,"turns":4},{"damage":13,"enemies":"Cultist and Chosen","floor":27,"turns":8},{"damage":32,"enemies":"3 Cultists","floor":28,"turns":6},{"damage":48,"enemies":"Gremlin Leader","floor":29,"turns":6},{"damage":21,"enemies":"Snake Plant","floor":31,"turns":6},{"damage":56,"enemies":"Champ","floor":33,"turns":10}],"seed_played":"4960324346630569547","potions_obtained":[{"floor":2,"key":"blueLaboratory:StoneskinPotion"},{"floor":12,"key":"sneckomod:MuddlingPotion"},{"floor":14,"key":"Poison Potion"},{"floor":21,"key":"Dexterity Potion"},{"floor":22,"key":"Swift Potion"},{"floor":27,"key":"blueLaboratory:NinjaPotion"}],"is_trial":false,"path_per_floor":["M","M","$","M","?","R","?","R","T","M","R","?","$","M","R","B",null,"M","?","?","M","M","R","?","R","T","M","M","E","R","M","R","B"],"character_chosen":"THE_SILENT","items_purchased":["Noxious Fumes","After Image"],"campfire_rested":2,"item_purchase_floors":[3,13],"current_hp_per_floor":[70,70,70,69,75,75,75,75,75,73,73,72,72,67,67,51,83,80,80,80,62,59,59,59,59,59,46,14,11,35,14,38,0,0],"gold":207,"neow_bonus":"TEN_PERCENT_HP_BONUS","is_daily":false,"chose_seed":false,"campfire_upgraded":6,"win_rate":0.0,"timestamp":1608267227,"path_taken":["M","M","$","M","?","R","?","R","T","?","R","?","?","?","R","BOSS","M","?","?","M","?","R","?","R","T","M","M","E","R","M","R","BOSS"],"items_purchased_type":["Card","Card"],"build_version":"2020-12-13","purchased_purges":1,"victory":false,"max_hp_per_floor":[77,77,77,77,83,83,83,83,83,83,83,83,83,83,83,83,83,83,83,83,83,83,83,83,83,83,83,83,83,83,83,83,83,83],"card_choices":[{"not_picked":["Bane","Flying Knee"],"picked":"Poisoned Stab","floor":1},{"not_picked":["Deflect","Flying Knee"],"picked":"Poisoned Stab","floor":2},{"not_picked":["Cloak And Dagger","Quick Slash"],"picked":"Terror","floor":4},{"not_picked":["Masterful Stab","Phantasmal Killer","Finisher"],"picked":"SKIP","floor":10},{"not_picked":["Deflect","Cloak And Dagger"],"picked":"Catalyst","floor":12},{"not_picked":["Dagger Spray","Sucker Punch"],"picked":"Deadly Poison","floor":14},{"not_picked":["PiercingWail+1","Bane","Deflect"],"picked":"SKIP","floor":18},{"not_picked":["Sucker Punch","Blur","PiercingWail+1"],"picked":"SKIP","floor":21},{"not_picked":["Slice","Prepared","Heel Hook"],"picked":"SKIP","floor":22},{"not_picked":["Finisher","PiercingWail+1","Quick Slash"],"picked":"SKIP","floor":27},{"not_picked":["Backflip","Predator","Slice+1"],"picked":"SKIP","floor":28},{"not_picked":["Skewer","PiercingWail","Choke"],"picked":"SKIP","floor":29},{"not_picked":["Predator","Setup"],"picked":"Eviscerate+1","floor":31}],"player_experience":407561,"relics_obtained":[{"floor":9,"key":"Mummified Hand"},{"floor":12,"key":"HollowMod:LifeEnderRelic"},{"floor":26,"key":"Lizard Tail"},{"floor":29,"key":"Orichalcum"}],"event_choices":[{"damage_healed":0,"gold_gain":0,"player_choice":"RENOUNCE","damage_taken":69,"max_hp_gain":0,"max_hp_loss":0,"event_name":"betterThird:BetterSerpent","floor":5,"gold_loss":69,"cards_obtained":["Enlightenment"]},{"damage_healed":0,"gold_gain":0,"player_choice":"Forge","damage_taken":0,"max_hp_gain":0,"max_hp_loss":0,"event_name":"Accursed Blacksmith","floor":7,"gold_loss":0,"cards_upgraded":["Noxious Fumes"]},{"damage_healed":0,"gold_gain":0,"player_choice":"Searched \u00271\u0027 times","damage_taken":0,"max_hp_gain":0,"max_hp_loss":0,"event_name":"Dead Adventurer","floor":12,"gold_loss":0},{"cards_removed":["Noxious Fumes"],"damage_healed":0,"gold_gain":0,"player_choice":"Give","damage_taken":0,"max_hp_gain":0,"max_hp_loss":0,"event_name":"betterNote:BetterNote","floor":19,"gold_loss":0,"cards_obtained":["Body Slam"]},{"damage_healed":0,"gold_gain":0,"player_choice":"Ignored","damage_taken":0,"max_hp_gain":0,"max_hp_loss":0,"event_name":"The Mausoleum","floor":24,"gold_loss":0}],"is_beta":false,"boss_relics":[{"not_picked":["Runic Pyramid","Velvet Choker"],"picked":"SlaversCollar"}],"items_purged_floors":[13],"is_endless":false,"potions_floor_spawned":[2,12,14,21,22,27],"killed_by":"Champ","ascension_level":3}}