{"host":"lreod2rejfd0az5i","time":1608250975,"event":{"mods":["AchievementEnabler","Aspiration","BaseMod","Colored Powertips","Conspire","Downfall","Highlight Path","Hubris","Infinite Spire","Mad Scientist","Minty Spire (QoL Compilation)","Rare Cards Sparkle","Relic Stats","Replay The Spire","StSLib","The Bug Knight","The Jungle"],"gold_per_floor":[114,114,165,4,23,23,23,58,58,75,93,93,93,93,93,171,171,182,182,182,182,182,182,182,182],"floor_reached":24,"playtime":2144,"items_purged":[],"score":371,"play_id":"8f414349-1725-4974-8a7d-d4f559c9d233","local_time":"20201217172255","is_ascension_mode":true,"campfire_choices":[{"data":"Hemokinesis","floor":6,"key":"SMITH"},{"data":"Metallicize","floor":12,"key":"SMITH"},{"data":"Bash","floor":15,"key":"SMITH"},{"data":"Cleave","floor":23,"key":"SMITH"}],"circlet_count":0,"master_deck":["AscendersBane","Strike_R","Strike_R","Strike_R","Defend_R","Defend_R","Defend_R","Defend_R","Bash+1","Headbutt","Hemokinesis+1","Metallicize+1","Cleave+1","Immolate+1","CurseOfTheBell","Decay"],"relics":["Burning Blood","hubris:Towel","infinitespire:WardingShard","Tiny Chest","Ornamental Fan","Dream Catcher","HornCleat","Calling Bell","aspiration:ChemicalBlood","Mummified Hand","infinitespire:Golems Mask","Bottled Flame"],"acts_visited":["Exordium","TheCity"],"potions_floor_usage":[3,16,18,24,24,24],"damage_taken":[{"damage":6,"enemies":"conspire:RoseBush","floor":1,"turns":5},{"damage":2,"enemies":"Jaw Worm","floor":5,"turns":3},{"damage":32,"enemies":"Lagavulin","floor":8,"turns":7},{"damage":4,"enemies":"Small Slimes","floor":10,"turns":3},{"damage":5,"enemies":"2 Fungi Beasts","floor":11,"turns":4},{"damage":24,"enemies":"Slime Boss","floor":16,"turns":8},{"damage":23,"enemies":"Shell Parasite","floor":18,"turns":6},{"damage":67,"enemies":"conspire:SneckoGhost","floor":24,"turns":8}],"seed_played":"-5083688979843487689","potions_obtained":[{"floor":3,"key":"Fruit Juice"},{"floor":8,"key":"DuplicationPotion"},{"floor":16,"key":"Languid Potion"}],"is_trial":false,"path_per_floor":["M","?","?","$","M","R","?","E","T","M","M","R","?","T","R","B",null,"M","?","?","?","T","R","E"],"character_chosen":"IRONCLAD","items_purchased":["Tiny Chest"],"campfire_rested":0,"item_purchase_floors":[4],"current_hp_per_floor":[68,68,73,73,77,77,77,51,51,53,54,54,58,58,58,40,70,53,53,53,53,53,53,0,0],"gold":182,"neow_bonus":"TRANSFORM_CARD","is_daily":false,"chose_seed":false,"campfire_upgraded":4,"win_rate":0.0,"timestamp":1608250975,"path_taken":["M","?","?","$","M","R","?","E","T","?","M","R","?","?","R","BOSS","M","?","?","?","?","R","E"],"items_purchased_type":["Relic"],"build_version":"2020-12-13","purchased_purges":0,"victory":false,"max_hp_per_floor":[75,75,80,80,80,80,80,80,80,80,80,80,80,80,80,80,80,80,80,80,80,80,80,80,80],"relic_stats":{"Dream Catcher":0,"counters":[8,44],"Ornamental Fan":[16],"Mummified Hand":[3],"Tiny Chest":2,"obtain_stats":[{"Calling Bell":17,"Dream Catcher":9,"Bottled Flame":22,"HornCleat":14,"infinitespire:WardingShard":3,"Ornamental Fan":8,"Mummified Hand":17,"Tiny Chest":4,"infinitespire:Golems Mask":17,"hubris:Towel":2,"Burning Blood":0,"aspiration:ChemicalBlood":17},{"Calling Bell":6,"Dream Catcher":3,"Bottled Flame":7,"HornCleat":5,"infinitespire:WardingShard":1,"Ornamental Fan":3,"Mummified Hand":6,"Tiny Chest":1,"infinitespire:Golems Mask":6,"hubris:Towel":1,"Burning Blood":0,"aspiration:ChemicalBlood":6},{"Calling Bell":30,"Dream Catcher":15,"Bottled Flame":36,"HornCleat":22,"infinitespire:WardingShard":5,"Ornamental Fan":15,"Mummified Hand":30,"Tiny Chest":5,"infinitespire:Golems Mask":30,"hubris:Towel":5,"Burning Blood":0,"aspiration:ChemicalBlood":30}],"Burning Blood":42},"card_choices":[{"not_picked":["Spot Weakness","Pommel Strike"],"picked":"Hemokinesis","floor":1},{"not_picked":["Iron Wave","Armaments","ReplayTheSpireMod:Strike From Hell"],"picked":"SKIP","floor":5},{"not_picked":["ReplayTheSpireMod:Limb From Limb","Replay:Undeath\u0027s Touch"],"picked":"Metallicize","floor":8},{"not_picked":["Flex","ReplayTheSpireMod:Stacked","Power Through"],"picked":"SKIP","floor":10},{"not_picked":["Headbutt","Wild Strike"],"picked":"Cleave","floor":11},{"not_picked":["hubris:StunningStrike","Offering"],"picked":"Immolate","floor":16},{"not_picked":["Cleave","Replay:Undeath\u0027s Touch","True Grit+1"],"picked":"SKIP","floor":18}],"player_experience":846769,"relics_obtained":[{"floor":3,"key":"infinitespire:WardingShard"},{"floor":8,"key":"Ornamental Fan"},{"floor":9,"key":"Dream Catcher"},{"floor":14,"key":"HornCleat"},{"floor":17,"key":"aspiration:ChemicalBlood"},{"floor":17,"key":"Mummified Hand"},{"floor":17,"key":"infinitespire:Golems Mask"},{"floor":22,"key":"Bottled Flame"}],"event_choices":[{"cards_removed":["Strike_R"],"damage_healed":0,"gold_gain":0,"player_choice":"Offered Basic","damage_taken":0,"max_hp_gain":0,"max_hp_loss":0,"event_name":"Bonfire Elementals","floor":7,"gold_loss":0},{"damage_healed":0,"gold_gain":0,"player_choice":"Smashed Altar","damage_taken":0,"max_hp_gain":0,"max_hp_loss":0,"event_name":"Forgotten Altar","floor":19,"gold_loss":0,"cards_obtained":["Decay"]}],"is_beta":false,"boss_relics":[{"not_picked":["aspiration:SecretTechniqueScroll","Coffee Dripper"],"picked":"Calling Bell"}],"items_purged_floors":[],"is_endless":false,"potions_floor_spawned":[8,16],"killed_by":"conspire:SneckoGhost","ascension_level":19}}