{"host":"7krnriczr1b2ou5r","time":1608249710,"event":{"mods":["BaseMod","Keyboard Shortcuts","Minty Spire (QoL Compilation)","Relic Stats","StSLib","The Dragon Tamer","The Poker Player"],"gold_per_floor":[10,28,40,40,51,51,76,76,76,94,125,141,141,175,175,275,275,295,51,51,67,77,77,106,106,106,132,132,149,166,27,27,130,130,143,143,143,66,66,66,100,110,110,141,155,165,195,245,245,245],"floor_reached":51,"playtime":2131,"items_purged":["DTMod:Strike","Bite+1"],"score":1194,"play_id":"403f5564-f1a8-47d9-80d8-34f09e558ca0","local_time":"20201218090150","is_ascension_mode":true,"metric_token":479,"campfire_choices":[{"data":"DTMod:BlazingStrike","floor":6,"key":"SMITH"},{"data":"DTMod:RepeatStrike","floor":8,"key":"SMITH"},{"data":"DTMod:SwitchingTactic","floor":13,"key":"SMITH"},{"data":"DTMod:Conduct","floor":15,"key":"SMITH"},{"data":"DTMod:WarmUp","floor":23,"key":"SMITH"},{"data":"DTMod:Hide","floor":28,"key":"SMITH"},{"data":"DTMod:DragonDance","floor":32,"key":"SMITH"},{"data":"DTMod:Adaptation","floor":40,"key":"SMITH"},{"data":"DTMod:Cover","floor":49,"key":"SMITH"}],"dtmod_dragon_data":[50,50,1,1,8,14],"circlet_count":0,"master_deck":["DTMod:DoubleHit","DTMod:TargetDefense","DTMod:TargetDefense","DTMod:TargetDefense","DTMod:TargetDefense","DTMod:SwitchingTactic+1","DTMod:RepeatStrike+1","DTMod:BlazingStrike+1","DTMod:QuickFly","DTMod:Hide+1","DTMod:WarmUp+1","DTMod:Conduct+1","DTMod:BlazingStrike+1","DTMod:BurningEnergy+1","DTMod:Threaten","DTMod:InvisibleFlame","DTMod:CleansingStrike+1","DTMod:Cover+1","Bite+1","Bite+1","Bite+1","Bite+1","DTMod:Dissolve","DTMod:DragonDance+1","DTMod:OpeningTactic+1","Dramatic Entrance+1","DTMod:Adaptation+1","DTMod:BurningEnergy+1","DTMod:ForkedFire+1","DTMod:BurningForce+1","DTMod:CleansingStrike+1"],"relics":["DTMod:MagicStone","Pear","Sundial","Bottled Lightning","Molten Egg 2","DTMod:TheChair","Orrery","Vajra","Pantograph","Ice Cream","DTMod:BasicTextbook","Bag of Marbles","Du-Vu Doll","Smiling Mask","Juzu Bracelet","Pocketwatch"],"acts_visited":["Exordium","TheCity","TheBeyond"],"potions_floor_usage":[18,24,30,33,50,50],"damage_taken":[{"damage":0,"enemies":"Jaw Worm","floor":1,"turns":3},{"damage":0,"enemies":"Cultist","floor":2,"turns":3},{"damage":0,"enemies":"Small Slimes","floor":3,"turns":2},{"damage":0,"enemies":"Looter","floor":5,"turns":2},{"damage":0,"enemies":"Gremlin Nob","floor":7,"turns":4},{"damage":0,"enemies":"Exordium Thugs","floor":10,"turns":4},{"damage":6,"enemies":"Lagavulin","floor":11,"turns":6},{"damage":0,"enemies":"2 Fungi Beasts","floor":12,"turns":2},{"damage":0,"enemies":"Gremlin Nob","floor":14,"turns":3},{"damage":3,"enemies":"Slime Boss","floor":16,"turns":7},{"damage":4,"enemies":"Shell Parasite","floor":18,"turns":4},{"damage":0,"enemies":"Chosen","floor":21,"turns":3},{"damage":5,"enemies":"Snecko","floor":22,"turns":3},{"damage":21,"enemies":"Slavers","floor":24,"turns":4},{"damage":0,"enemies":"Gremlin Leader","floor":27,"turns":5},{"damage":0,"enemies":"Snake Plant","floor":29,"turns":4},{"damage":1,"enemies":"Centurion and Healer","floor":30,"turns":3},{"damage":32,"enemies":"Collector","floor":33,"turns":9},{"damage":3,"enemies":"3 Shapes","floor":35,"turns":3},{"damage":0,"enemies":"Nemesis","floor":41,"turns":5},{"damage":0,"enemies":"3 Darklings","floor":42,"turns":4},{"damage":3,"enemies":"Giant Head","floor":44,"turns":6},{"damage":0,"enemies":"Maw","floor":45,"turns":5},{"damage":0,"enemies":"Jaw Worm Horde","floor":46,"turns":2},{"damage":0,"enemies":"Nemesis","floor":47,"turns":5},{"damage":0,"enemies":"Mind Bloom Boss Battle","floor":48,"turns":3},{"damage":1,"enemies":"Donu and Deca","floor":50,"turns":5}],"seed_played":"-5507661508260970172","potions_obtained":[{"floor":1,"key":"DuplicationPotion"},{"floor":5,"key":"SpeedPotion"},{"floor":7,"key":"LiquidBronze"},{"floor":10,"key":"AttackPotion"},{"floor":21,"key":"FearPotion"},{"floor":22,"key":"Block Potion"},{"floor":24,"key":"Ancient Potion"},{"floor":27,"key":"Swift Potion"},{"floor":41,"key":"Weak Potion"},{"floor":42,"key":"BlessingOfTheForge"},{"floor":48,"key":"Regen Potion"}],"is_trial":false,"path_per_floor":["M","M","M","?","M","R","E","R","T","M","E","M","R","E","R","B",null,"M","$","T","M","M","R","E","?","T","E","R","M","M","$","R","B",null,"M","?","?","$","?","R","E","M","T","E","M","M","E","?","R","B",null],"character_chosen":"THE_DT","items_purchased":["DTMod:Threaten","Orrery","DTMod:DragonDance","DTMod:Adaptation"],"campfire_rested":0,"item_purchase_floors":[19,19,31,38],"current_hp_per_floor":[45,45,45,45,45,45,55,55,55,55,49,49,49,49,49,46,53,49,49,49,49,44,44,23,23,23,38,38,38,38,38,38,12,32,38,33,33,33,38,38,38,38,38,38,38,38,38,38,38,38],"gold":245,"neow_bonus":"THREE_RARE_CARDS","is_daily":false,"chose_seed":false,"campfire_upgraded":9,"win_rate":0.0,"timestamp":1608249710,"path_taken":["M","M","M","?","M","R","E","R","T","M","E","M","R","E","R","BOSS","M","$","?","?","M","R","E","?","T","E","R","M","M","$","R","BOSS","M","?","?","$","?","R","E","?","T","E","M","M","E","?","R","BOSS"],"items_purchased_type":["Card","Relic","Card","Card"],"build_version":"2020-12-13","purchased_purges":2,"victory":true,"max_hp_per_floor":[45,45,45,45,45,45,55,55,55,55,55,55,55,55,55,55,55,55,55,55,55,55,55,55,38,38,38,38,38,38,38,38,38,38,38,38,38,38,38,38,38,38,38,38,38,38,38,38,38,38],"relic_stats":{"counters":[27,109],"Sundial":[12],"Pantograph":0,"Juzu Bracelet":0,"Smiling Mask":0,"obtain_stats":[{"Ice Cream":26,"Pear":7,"Vajra":20,"DTMod:TheChair":17,"Juzu Bracelet":47,"Smiling Mask":44,"Du-Vu Doll":43,"DTMod:PactStone":0,"Sundial":9,"Pantograph":24,"Orrery":19,"Molten Egg 2":14,"DTMod:BasicTextbook":27,"Bag of Marbles":41,"Bottled Lightning":11,"DTMod:MagicStone":34,"Pocketwatch":48},{"Ice Cream":14,"Pear":5,"Vajra":11,"DTMod:TheChair":10,"Juzu Bracelet":25,"Smiling Mask":22,"Du-Vu Doll":21,"DTMod:PactStone":0,"Sundial":5,"Pantograph":14,"Orrery":11,"Molten Egg 2":9,"DTMod:BasicTextbook":15,"Bag of Marbles":20,"Bottled Lightning":7,"DTMod:MagicStone":18,"Pocketwatch":26},{"Ice Cream":50,"Pear":14,"Vajra":40,"DTMod:TheChair":36,"Juzu Bracelet":101,"Smiling Mask":89,"Du-Vu Doll":83,"DTMod:PactStone":0,"Sundial":14,"Pantograph":50,"Orrery":40,"Molten Egg 2":29,"DTMod:BasicTextbook":55,"Bag of Marbles":79,"Bottled Lightning":24,"DTMod:MagicStone":71,"Pocketwatch":104}],"Pocketwatch":[3]},"card_choices":[{"not_picked":["DTMod:StunTrap","DTMod:Multitask"],"picked":"DTMod:RepeatStrike","floor":0},{"not_picked":["DTMod:Observe","DTMod:Adaptation"],"picked":"DTMod:BlazingStrike","floor":1},{"not_picked":["DTMod:ShieldDrain","DTMod:Threaten"],"picked":"DTMod:QuickFly","floor":2},{"not_picked":["DTMod:Threaten","DTMod:RunningTactic","DTMod:Weaken"],"picked":"SKIP","floor":3},{"not_picked":["DTMod:CleansingStrike","DTMod:BreakAttack","DTMod:BuildUp"],"picked":"SKIP","floor":5},{"not_picked":["DTMod:CalculatedDefense","DTMod:SneakAttack"],"picked":"DTMod:WarmUp","floor":7},{"not_picked":["DTMod:WarmUp","DTMod:Weaken"],"picked":"DTMod:Conduct","floor":10},{"not_picked":["DTMod:GhostSkin","DTMod:BlueScale","DTMod:DeepFocus"],"picked":"SKIP","floor":11},{"not_picked":["DTMod:Threaten","DTMod:Training"],"picked":"DTMod:FlameSlash","floor":12},{"not_picked":["DTMod:TauntingStrike+1","DTMod:CalculatedDefense"],"picked":"DTMod:BlazingStrike+1","floor":14},{"not_picked":["DTMod:QuickFly+1","DTMod:BuildUp+1"],"picked":"DTMod:BurningEnergy+1","floor":18},{"not_picked":["DTMod:MagiciansMark+1","DTMod:LastStand"],"picked":"DTMod:InvisibleFlame","floor":19},{"not_picked":["DTMod:DeepFocus+1","DTMod:Hide"],"picked":"DTMod:StunTrap","floor":19},{"not_picked":["DTMod:BizarreTactic","DTMod:DeepFocus","DTMod:BreakAttack+1"],"picked":"SKIP","floor":21},{"not_picked":["DTMod:Feint+1","DTMod:BlazingStrike+1"],"picked":"DTMod:CleansingStrike+1","floor":22},{"not_picked":["DTMod:GhostSkin","DTMod:WarmUp+1"],"picked":"DTMod:Cover","floor":24},{"not_picked":["DTMod:InvisibleFlame","DTMod:CalculatedDefense","DTMod:BizarreTactic"],"picked":"SKIP","floor":27},{"not_picked":["DTMod:RecklessFlurry+1","DTMod:Hide"],"picked":"DTMod:Dissolve","floor":29},{"not_picked":["DTMod:RunningTactic+1","DTMod:MaximumCharge+1","DTMod:ResonanceForm"],"picked":"SKIP","floor":30},{"not_picked":["DTMod:HeadStart","DTMod:StunTrap"],"picked":"DTMod:OpeningTactic+1","floor":33},{"not_picked":["DTMod:BlazingStrike+1","DTMod:DeepFocus+1","DTMod:FlameSlash+1"],"picked":"SKIP","floor":35},{"not_picked":["Flash of Steel+1","Good Instincts"],"picked":"Dramatic Entrance+1","floor":36},{"not_picked":["DTMod:BizarreTactic","DTMod:Overwhelm+1"],"picked":"DTMod:BurningEnergy+1","floor":41},{"not_picked":["DTMod:HeatWave+1","DTMod:DeepFocus","DTMod:Punisher+1"],"picked":"SKIP","floor":42},{"not_picked":["DTMod:HeatWave+1","DTMod:LowKick+1"],"picked":"DTMod:ForkedFire+1","floor":44},{"not_picked":["DTMod:Shift+1","DTMod:CrossStep"],"picked":"DTMod:BurningForce+1","floor":45},{"not_picked":["DTMod:MasterPlan","DTMod:BurningEnergy"],"picked":"DTMod:CleansingStrike+1","floor":46},{"not_picked":["DTMod:Training","DTMod:HeatWave+1","DTMod:Threaten"],"picked":"SKIP","floor":47}],"player_experience":1109433,"relics_obtained":[{"floor":7,"key":"Pear"},{"floor":9,"key":"Sundial"},{"floor":11,"key":"Bottled Lightning"},{"floor":14,"key":"Molten Egg 2"},{"floor":20,"key":"Vajra"},{"floor":24,"key":"Pantograph"},{"floor":26,"key":"Ice Cream"},{"floor":27,"key":"DTMod:BasicTextbook"},{"floor":41,"key":"Bag of Marbles"},{"floor":43,"key":"Du-Vu Doll"},{"floor":44,"key":"Smiling Mask"},{"floor":47,"key":"Juzu Bracelet"},{"floor":48,"key":"Pocketwatch"}],"event_choices":[{"damage_healed":0,"gold_gain":0,"cards_transformed":["DTMod:Strike"],"player_choice":"Transformed","damage_taken":0,"max_hp_gain":0,"max_hp_loss":0,"event_name":"Transmorgrifier","floor":4,"gold_loss":0,"cards_obtained":["DTMod:Hide"]},{"damage_healed":0,"gold_gain":0,"player_choice":"Became a vampire","damage_taken":0,"max_hp_gain":0,"max_hp_loss":17,"event_name":"Vampires","floor":25,"gold_loss":0,"cards_obtained":["Bite","Bite","Bite","Bite","Bite"]},{"damage_healed":0,"gold_gain":0,"player_choice":"Memory 2","damage_taken":5,"max_hp_gain":0,"max_hp_loss":0,"event_name":"SensoryStone","floor":36,"gold_loss":0},{"damage_healed":0,"gold_gain":0,"player_choice":"Ignored","damage_taken":0,"max_hp_gain":0,"max_hp_loss":0,"event_name":"Tomb of Lord Red Mask","floor":37,"gold_loss":0},{"cards_removed":["DTMod:FlameSlash"],"damage_healed":5,"gold_gain":0,"player_choice":"Offered Common","damage_taken":0,"max_hp_gain":0,"max_hp_loss":0,"event_name":"Bonfire Elementals","floor":39,"gold_loss":0},{"cards_removed":["DTMod:FlameSlash"],"damage_healed":5,"gold_gain":0,"player_choice":"Offered Special","damage_taken":0,"max_hp_gain":0,"max_hp_loss":0,"event_name":"Bonfire Elementals","floor":39,"gold_loss":0},{"damage_healed":0,"gold_gain":0,"player_choice":"Fight","damage_taken":0,"max_hp_gain":0,"max_hp_loss":0,"event_name":"MindBloom","floor":48,"gold_loss":0}],"is_beta":false,"boss_relics":[{"not_picked":["Ectoplasm","Cursed Key"],"picked":"DTMod:TheChair"},{"not_picked":["Pandora\u0027s Box","SacredBark"],"picked":"DTMod:MagicStone"}],"items_purged_floors":[19,31],"is_endless":false,"potions_floor_spawned":[1,5,7,10,21,22,24,27,41,42,48],"ascension_level":5}}