{"host":"2b0fqapnd02ydmuo","time":1608333500,"event":{"mods":["AchievementEnabler","Aspiration","BaseMod","Better Altar","Better Match","Better Note","Better Sensory Stone","Better Skull","Better Third Choice","BetterRewards","CCEM","Clawfect","Colored Map","Conspire","GifTheSpireLib","Googly Eyes","Halation","Highlight Path","Hubris","Infinite Spire","Jedi Mod","Jorbs\u0027s Wanderer Trilogy","Marisa????????","Mimic Mod","Minty Spire (QoL Compilation)","Permanent Neow","Replay The Spire","Shade Mod","Shop Mod","Spicy Shops","StSLib","Stuff the Spire","The Blackbeard","The Bug Knight","The Elementalist","The Jungle","Unceasing Turn Reminder","everything is the same but u backflip on backflip","slay the spire mod where everything is the same but ironclad has a cowboy hat"],"gold_per_floor":[111,111,126,171,187,187,207,207,260,260,270,270,14,31,31,128,128,144,154,154,154,166,166,178,194,194,194,208,208,208,104,104,104,104],"floor_reached":33,"playtime":1935,"items_purged":[],"score":259,"play_id":"d48cb6db-51cc-449b-b404-69410c3f0bfa","local_time":"20201219001820","is_ascension_mode":false,"campfire_choices":[{"data":"elementalist:Fire_Emblem","floor":6,"key":"SMITH"},{"data":"elementalist:Solar_Form","floor":8,"key":"SMITH"},{"floor":12,"key":"REST"},{"data":"elementalist:Blaze","floor":15,"key":"SMITH"},{"floor":23,"key":"REST"},{"floor":30,"key":"REST"},{"floor":32,"key":"REST"}],"circlet_count":0,"master_deck":["elementalist:Fire_Emblem","elementalist:Fire_Emblem+1","elementalist:Strike+Elemblue","elementalist:Defend_Elemblue","elementalist:Defend_Elemblue","elementalist:Defend_Elemblue","elementalist:Defend_Elemblue","elementalist:Firestrike","elementalist:Earthstrike","elementalist:Waterstrike","elementalist:Airstrike","elementalist:Crystal_Chalk","elementalist:Solar_Form+1","elementalist:Blaze","elementalist:Blaze+1","Armaments","elementalist:Blaze+1","StuffTheSpire:Innocence","elementalist:Inferno"],"relics":["elementalistmod:MagusStaff","elementalistmod:RedRibbon","aspiration:Nostalgia","HollowMod:VesselMask","Replay:Wax Seal","aspiration:Lifesprig","aspiration:HummingbirdHeart","conspire:RoyalGoblet","Pear"],"acts_visited":["Exordium","TheCity"],"potions_floor_usage":[3,19,29],"damage_taken":[{"damage":0,"enemies":"Small Slimes","floor":1,"turns":3},{"damage":1,"enemies":"Jaw Worm","floor":3,"turns":6},{"damage":8,"enemies":"Cultist","floor":5,"turns":5},{"damage":7,"enemies":"Blue Slaver","floor":7,"turns":6},{"damage":10,"enemies":"Gremlin Gang","floor":11,"turns":4},{"damage":0,"enemies":"2 Fungi Beasts","floor":14,"turns":3},{"damage":102,"enemies":"Fading Forest","floor":16,"turns":11},{"damage":6,"enemies":"Shell Parasite","floor":18,"turns":2},{"damage":11,"enemies":"3 Byrds","floor":19,"turns":4},{"damage":12,"enemies":"Snecko","floor":22,"turns":4},{"damage":21,"enemies":"Cultist and Chosen","floor":24,"turns":5},{"damage":15,"enemies":"Chosen and Byrds","floor":25,"turns":5},{"damage":22,"enemies":"3 Cultists","floor":28,"turns":4},{"damage":0,"enemies":"Gremlin Leader","floor":29,"turns":1},{"damage":71,"enemies":"hubris:MusketHawk","floor":33,"turns":7}],"seed_played":"4463130771502764603","potions_obtained":[{"floor":1,"key":"Energy Potion"},{"floor":2,"key":"SmokeBomb"},{"floor":2,"key":"SteroidPotion"},{"floor":2,"key":"FairyPotion"},{"floor":11,"key":"Ancient Potion"},{"floor":16,"key":"BlessingOfTheForge"},{"floor":22,"key":"Elixir"}],"is_trial":false,"path_per_floor":["M","?","M","T","M","R","M","R","T","?","M","R","$","M","R","B",null,"M","M","?","$","M","R","M","M","T","?","M","E","R","?","R","B"],"character_chosen":"THE_ELEMENTALIST","items_purchased":["aspiration:HummingbirdHeart"],"campfire_rested":4,"item_purchase_floors":[13],"current_hp_per_floor":[70,70,69,69,61,61,54,54,54,54,44,65,65,65,65,4,70,64,53,53,53,41,62,41,26,36,44,22,22,46,46,70,0,0],"gold":104,"neow_bonus":"NOSTALGIA","is_daily":false,"chose_seed":false,"campfire_upgraded":3,"win_rate":0.0,"timestamp":1608333500,"path_taken":["M","?","M","?","?","R","M","R","T","?","?","R","$","M","R","BOSS","M","M","?","$","M","R","M","M","T","?","?","E","R","?","R","BOSS"],"items_purchased_type":["Relic"],"build_version":"2020-12-13","purchased_purges":0,"victory":false,"max_hp_per_floor":[70,70,70,70,70,70,70,70,70,70,70,70,70,70,70,70,70,70,70,70,70,70,70,70,70,80,80,80,80,80,80,80,80,80],"card_choices":[{"not_picked":["elementalist:Flame","elementalist:Pressurize","elementalist:Mist"],"picked":"SKIP","floor":1},{"not_picked":["elementalist:Aero","elementalist:Spark","elementalist:Spout"],"picked":"SKIP","floor":3},{"not_picked":["elementalist:Monument","elementalist:Breeze","elementalist:Wards"],"picked":"SKIP","floor":5},{"not_picked":["elementalist:Gaian_Form","elementalist:Blaze"],"picked":"elementalist:Solar_Form","floor":7},{"not_picked":["elementalist:Spark","elementalist:Undertow","elementalist:Wards"],"picked":"SKIP","floor":11},{"not_picked":["elementalist:Cyclone","elementalist:Widdershins_Conversion"],"picked":"elementalist:Blaze","floor":14},{"not_picked":["elementalist:Overheat+1","elementalist:Magma_Shot","elementalist:Flame"],"picked":"SKIP","floor":18},{"not_picked":["elementalist:Fission_Lance","elementalist:Ignition","elementalist:Geomancy"],"picked":"SKIP","floor":19},{"not_picked":["elementalist:Overheat","elementalist:Ignition+1"],"picked":"elementalist:Blaze+1","floor":22},{"not_picked":["elementalist:Lunar_Form","elementalist:Geomancy","elementalist:Flame"],"picked":"SKIP","floor":24},{"not_picked":["elementalist:Stone_to_Mud","elementalist:Magma_Shot","elementalist:Lunar_Form"],"picked":"SKIP","floor":25},{"not_picked":["elementalist:Aegis","elementalist:Etherstrike","elementalist:Fission_Lance"],"picked":"SKIP","floor":28}],"player_experience":67671,"relics_obtained":[{"floor":4,"key":"Replay:Wax Seal"},{"floor":9,"key":"aspiration:Lifesprig"},{"floor":26,"key":"Pear"}],"event_choices":[{"damage_healed":0,"gold_gain":0,"player_choice":"Got Potions","damage_taken":0,"max_hp_gain":0,"max_hp_loss":0,"event_name":"Lab","floor":2,"gold_loss":0},{"cards_removed":["elementalist:Defend_Elemblue"],"damage_healed":0,"gold_gain":0,"player_choice":"Purged","damage_taken":0,"max_hp_gain":0,"max_hp_loss":0,"event_name":"Purifier","floor":10,"gold_loss":0},{"damage_healed":0,"gold_gain":0,"player_choice":"Take","damage_taken":0,"max_hp_gain":0,"max_hp_loss":0,"event_name":"betterNote:BetterNote","floor":20,"gold_loss":0,"cards_obtained":["Armaments"]}],"is_beta":false,"boss_relics":[{"not_picked":["Snecko Eye","CCEMRelics:GreenEgg"],"picked":"conspire:RoyalGoblet"}],"items_purged_floors":[],"is_endless":false,"potions_floor_spawned":[1,11,16,18,22,28],"killed_by":"hubris:MusketHawk","ascension_level":0}}