{"host":"ocy7z4248lncoz2b","time":1608280849,"event":{"mods":["BaseMod","Beaked The Cultist","Better Match","Better Sensory Stone","Better Third Choice","BetterRewards","Clockwork Mod","Colored Powertips","Conspire","Downfall","Friendly Minions","Highlight Path","Hubris","Infinite Spire","Marisa????????","Mimic Mod","Minty Spire (QoL Compilation)","READ ME - Guardian Mod","Replay The Spire","Shop Mod","Spicy Shops","Spikes Relics","StSLib","SuperFastMode","The Blue Laboratory","The Construct","The Jungle"],"gold_per_floor":[99,124,124,16,16,16],"floor_reached":5,"playtime":184,"items_purged":[],"score":35,"play_id":"ba3345cd-a40d-4535-aaf2-158cf5f8177e","local_time":"20201218174049","is_ascension_mode":false,"campfire_choices":[{"data":"Slimebound:DuplicatedForm","floor":1,"key":"SMITH"},{"data":"Slimebound:SlimeTap","floor":3,"key":"SMITH"}],"circlet_count":0,"master_deck":["Slimebound:Strike_Slimebound","Slimebound:Strike_Slimebound","Slimebound:Tackle","Slimebound:Defend_Slimebound","Slimebound:Defend_Slimebound","Slimebound:Defend_Slimebound","Slimebound:Defend_Slimebound","Slimebound:Split","Slimebound:CorrosiveSpit","Slimebound:DuplicatedForm+1","Slimebound:SlimeTap+1","Slimebound:SplitMire","Slimebound:SplitLeeching","Slimebound:SamplingLick"],"relics":["Slimebound:AbsorbEndCombat","GiantMaggot"],"acts_visited":["Exordium"],"potions_floor_usage":[],"damage_taken":[{"damage":55,"enemies":"Lagavulin","floor":2,"turns":9},{"damage":22,"enemies":"downfall:FleeingMerchant","floor":4,"turns":4},{"damage":63,"enemies":"Gremlin Nob","floor":5,"turns":3}],"seed_played":"633448709517992985","potions_obtained":[],"is_trial":false,"path_per_floor":["R","E","R","$","E"],"character_chosen":"SLIMEBOUND","items_purchased":["Slimebound:SplitLeeching","Slimebound:SamplingLick"],"campfire_rested":0,"item_purchase_floors":[4,4],"current_hp_per_floor":[60,44,44,45,0,0],"gold":16,"neow_bonus":"TRANSFORM_CARD","is_daily":false,"chose_seed":false,"campfire_upgraded":2,"win_rate":0.0,"timestamp":1608280849,"path_taken":["R","E","R","$","E"],"items_purchased_type":["Card","Card"],"build_version":"2020-12-13","purchased_purges":0,"victory":false,"max_hp_per_floor":[60,60,60,60,60,60],"card_choices":[{"not_picked":["Slimebound:Nibble","Slimebound:SplitMire"],"picked":"Slimebound:SlimeTap","floor":2},{"not_picked":["Slimebound:Grow","Slimebound:SplitBruiser"],"picked":"Slimebound:SplitMire","floor":4}],"player_experience":263379,"relics_obtained":[{"floor":2,"key":"GiantMaggot"}],"event_choices":[],"is_beta":false,"boss_relics":[],"items_purged_floors":[],"is_endless":false,"potions_floor_spawned":[],"killed_by":"Gremlin Nob","ascension_level":0}}