{"host":"mm0v83pkg2fvsdgl","time":1608325229,"event":{"mods":["2.2 Compatiblity","Alarm Clock","AlwaysNeverKeys","BaseMod","Beaked The Cultist","Better Altar","Better Match","Better Note","Better Sensory Stone","Better Silent Start","Better Third Choice","Clawfect","Displayed Cursed Tome","Energized Spire","Friendly Minions","Highlight Path","Ironclad Rager","Keyboard Shortcuts","Lotus Mark","Marisa????????","Marked Mod","Mimic Mod","Minty Spire (QoL Compilation)","Permanent Neow","Railgun Mod","Remove Card Discount Mod","Shade Mod","Somnambulant","Spicy Shops","StSLib","Swap Starting Deck Mod","The Construct","The Disciple","The Hierophant","TheHeartMod","TheVacant","Transform Curses","Unceasing Turn Reminder","Wandering Minibosses"],"gold_per_floor":[144,69,114,159,159,3,3,52,77,120,178,236,340,398,398,398,398],"floor_reached":16,"playtime":1078,"items_purged":["hierophant:AuricBeam","hierophant:FlamingChariot","hierophant:Rebuild"],"score":121,"play_id":"aa5393b7-a68f-4c7f-aa5f-36f69728f52f","local_time":"20201218160029","daily_mods":["Draft","Green Cards","Midas"],"is_ascension_mode":false,"campfire_choices":[{"floor":7.0,"key":"REST"},{"floor":15,"key":"REST"}],"circlet_count":0,"master_deck":["hierophant:HolyVerse","hierophant:HolyVerse","hierophant:Patience","hierophant:Endure","hierophant:SealAway","hierophant:FieryStrike","hierophant:Encroach","hierophant:Zeal","hierophant:Encroach","hierophant:HammerAndAnvil","hierophant:HolyVerse","hierophant:HammerAndAnvil","hierophant:Doomsaying","Panacea+1","hierophant:Smite","hierophant:Smite","hierophant:RepressedViolence","hierophant:HolyVerse","hierophant:ThreeLashes","hierophant:Prophecy","hierophant:Community"],"relics":["hierophant:PropheticMaskRelic","Golden Idol","Tiny Chest","CeramicFish","Art of War"],"acts_visited":["Exordium"],"potions_floor_usage":[],"damage_taken":[{"damage":0.0,"enemies":"Small Slimes","floor":1.0,"turns":2.0},{"damage":0.0,"enemies":"Cultist","floor":3.0,"turns":3.0},{"damage":0.0,"enemies":"2 Louse","floor":4.0,"turns":1.0},{"damage":12.0,"enemies":"Blue Slaver","floor":8.0,"turns":2.0},{"damage":0.0,"enemies":"Exordium Thugs","floor":10.0,"turns":2.0},{"damage":8.0,"enemies":"Large Slime","floor":11.0,"turns":2.0},{"damage":4.0,"enemies":"Blue Slaver","floor":12.0,"turns":2.0},{"damage":1.0,"enemies":"Gremlin Gang","floor":13.0,"turns":8.0},{"damage":12,"enemies":"Gremlin Gang","floor":14,"turns":2},{"damage":63,"enemies":"The Guardian","floor":16,"turns":11}],"seed_played":"4511563792049188764","potions_obtained":[{"floor":1.0,"key":"Fire Potion"},{"floor":10.0,"key":"Swift Potion"},{"floor":14,"key":"AttackPotion"}],"is_trial":false,"path_per_floor":["M","?","M","M","?","$","R","M","T","M","M","M","MIM","M","R","B"],"character_chosen":"HIEROPHANT","items_purchased":["Tiny Chest"],"campfire_rested":2,"item_purchase_floors":[6],"current_hp_per_floor":[75,75,75,75,57,57,75,63,63,63,55,51,50,38,60,0,0],"gold":398,"neow_bonus":"","is_daily":true,"chose_seed":false,"campfire_upgraded":0,"win_rate":0.0,"timestamp":1608325229,"path_taken":["M","?","M","M","?","$","R","M","T","M","M","M","?","M","R","BOSS"],"items_purchased_type":["Relic"],"build_version":"2020-12-13","purchased_purges":3,"victory":false,"max_hp_per_floor":[75,75,75,75,75,75,75,75,75,75,75,75,75,75,75,75,75],"card_choices":[{"not_picked":["hierophant:EyeForCoin","hierophant:ConvertCurrency"],"picked":"hierophant:Rebuild","floor":0.0},{"not_picked":["hierophant:PristineSoul","hierophant:RustyCrate"],"picked":"hierophant:HolyVerse","floor":0.0},{"not_picked":["hierophant:RustyCrate","hierophant:AuricBeam"],"picked":"hierophant:HolyVerse","floor":0.0},{"not_picked":["hierophant:AuricBeam","hierophant:Exaltation"],"picked":"hierophant:Patience","floor":0.0},{"not_picked":["hierophant:CursedGold","hierophant:Rebuild"],"picked":"hierophant:Endure","floor":0.0},{"not_picked":["hierophant:RustyCrate","hierophant:Sermon"],"picked":"hierophant:SealAway","floor":0.0},{"not_picked":["hierophant:Dazzle","hierophant:AuricBeam"],"picked":"hierophant:FieryStrike","floor":0.0},{"not_picked":["hierophant:CoinFling","hierophant:MirrorShield"],"picked":"hierophant:Encroach","floor":0.0},{"not_picked":["hierophant:OrnateBuckler","hierophant:Shelter"],"picked":"hierophant:Zeal","floor":0.0},{"not_picked":["hierophant:Dazzle","hierophant:OrnateBuckler"],"picked":"hierophant:Encroach","floor":0.0},{"not_picked":["hierophant:RustyCrate","hierophant:AuricBeam"],"picked":"hierophant:HammerAndAnvil","floor":0.0},{"not_picked":["hierophant:HammerAndAnvil","hierophant:CoinFling"],"picked":"hierophant:HolyVerse","floor":0.0},{"not_picked":["hierophant:Remorse","hierophant:AuricBeam"],"picked":"hierophant:HammerAndAnvil","floor":0.0},{"not_picked":["hierophant:Purify","hierophant:Sermon"],"picked":"hierophant:FlamingChariot","floor":0.0},{"not_picked":["hierophant:CursedGold","hierophant:RecallFunds"],"picked":"hierophant:AuricBeam","floor":0.0},{"not_picked":["hierophant:AuricBeam","hierophant:ThreeLashes"],"picked":"hierophant:Doomsaying","floor":1.0},{"not_picked":["Enlightenment+1","Jack Of All Trades+1"],"picked":"Panacea+1","floor":2.0},{"not_picked":["hierophant:FlamingChariot","hierophant:Sermon"],"picked":"hierophant:Smite","floor":3.0},{"not_picked":["hierophant:Sermon","hierophant:Upheaval"],"picked":"hierophant:Smite","floor":4.0},{"not_picked":["hierophant:Rebuild","hierophant:Batter"],"picked":"hierophant:RepressedViolence","floor":8.0},{"not_picked":["hierophant:Zeal","hierophant:OrnateBuckler"],"picked":"hierophant:HolyVerse","floor":10.0},{"not_picked":["hierophant:Smite","hierophant:Doubloon"],"picked":"hierophant:ThreeLashes","floor":11.0},{"not_picked":["hierophant:DisplayOfPower","hierophant:Purify"],"picked":"hierophant:Prophecy","floor":12.0},{"not_picked":["hierophant:BulkyChest","hierophant:Remorse"],"picked":"hierophant:Community","floor":14}],"player_experience":635226,"relics_obtained":[{"floor":9.0,"key":"CeramicFish"},{"floor":13.0,"key":"Art of War"}],"event_choices":[{"damage_healed":0.0,"max_hp_gain":0.0,"max_hp_loss":0.0,"gold_gain":0.0,"event_name":"betterMatch:BetterMatch","player_choice":"2","floor":2.0,"gold_loss":0.0,"damage_taken":0.0,"cards_obtained":["betterMatch:ColorlessUncommonCard"]},{"damage_healed":0.0,"max_hp_gain":0.0,"max_hp_loss":0.0,"gold_gain":0.0,"event_name":"Golden Idol","player_choice":"Take Damage","floor":5.0,"gold_loss":0.0,"damage_taken":18.0,"relics_obtained":["Golden Idol"]}],"is_beta":false,"boss_relics":[],"items_purged_floors":[6,6,6],"is_endless":false,"potions_floor_spawned":[1,10,14],"killed_by":"The Guardian","ascension_level":0}}