{"host":"51f0ad793vly1w6u","time":1608277411,"event":{"mods":["BaseMod","Colored Map","DeckTracker","Minty Spire (QoL Compilation)","StSLib","SuperFastMode"],"gold_per_floor":[112,112,123,133,133,133,162,176,251,251,270,24,24,37,37,115,115,130,150,150,164,183,213,213,248,297,297,316,366,393,412,412,489,489,503,550,550,550,570,570,595,613,681,681,356,356,389,403,403,403,403,403,403,19,45,45],"floor_reached":57,"playtime":1901,"items_purged":["Strike_R","Strike_R","Clash"],"score":3154,"play_id":"20dcde1e-1fbe-4ab2-bc56-38b7bcd72aae","local_time":"20201218164331","is_ascension_mode":true,"campfire_choices":[{"data":"Disarm","floor":6,"key":"SMITH"},{"floor":10,"key":"REST"},{"data":"True Grit","floor":13,"key":"SMITH"},{"data":"Dark Embrace","floor":15,"key":"SMITH"},{"floor":24,"key":"REST"},{"data":"Corruption","floor":27,"key":"SMITH"},{"data":"Feel No Pain","floor":32,"key":"SMITH"},{"floor":40,"key":"REST"},{"floor":49,"key":"RECALL"},{"floor":53,"key":"REST"}],"circlet_count":0,"master_deck":["AscendersBane","Defend_R","Defend_R","Defend_R","Defend_R","Bash","Brutality","Wild Strike+1","Power Through","Disarm+1","Fiend Fire","Reckless Charge","True Grit+1","Dark Embrace+1","Corruption+1","Feel No Pain+1","Blood for Blood","Ghostly Armor","Shrug It Off","Havoc+1","Fiend Fire","True Grit+1","Bloodletting+1","Secret Technique","Madness","Discovery","Body Slam+1","Seeing Red","Master of Strategy","Burning Pact","Bloodletting","Barricade","Shrug It Off","Burning Pact","Reaper"],"relics":["Burning Blood","Dead Branch","StrikeDummy","Membership Card","Runic Cube","Happy Flower","Du-Vu Doll","Bronze Scales","Lantern","Fusion Hammer","Calipers","Bird Faced Urn","Charon\u0027s Ashes","Pen Nib","HornCleat","Self Forming Clay"],"acts_visited":["Exordium","TheCity","TheBeyond","TheEnding"],"potions_floor_usage":[8,16,21,33,33,56],"damage_taken":[{"damage":4,"enemies":"2 Louse","floor":1,"turns":4},{"damage":12,"enemies":"Jaw Worm","floor":3,"turns":2},{"damage":7,"enemies":"Cultist","floor":4,"turns":4},{"damage":35,"enemies":"Gremlin Nob","floor":7,"turns":4},{"damage":20,"enemies":"Exordium Thugs","floor":8,"turns":4},{"damage":7,"enemies":"Lots of Slimes","floor":11,"turns":4},{"damage":5,"enemies":"Blue Slaver","floor":14,"turns":3},{"damage":8,"enemies":"Hexaghost","floor":16,"turns":6},{"damage":24,"enemies":"Spheric Guardian","floor":18,"turns":4},{"damage":5,"enemies":"Chosen","floor":19,"turns":3},{"damage":3,"enemies":"3 Cultists","floor":21,"turns":4},{"damage":6,"enemies":"Snecko","floor":22,"turns":2},{"damage":29,"enemies":"Slavers","floor":23,"turns":5},{"damage":12,"enemies":"Book of Stabbing","floor":25,"turns":4},{"damage":12,"enemies":"Cultist and Chosen","floor":28,"turns":4},{"damage":0,"enemies":"3 Cultists","floor":31,"turns":4},{"damage":15,"enemies":"Champ","floor":33,"turns":7},{"damage":3,"enemies":"3 Darklings","floor":35,"turns":3},{"damage":3,"enemies":"2 Orb Walkers","floor":36,"turns":2},{"damage":25,"enemies":"3 Shapes","floor":39,"turns":4},{"damage":7,"enemies":"Nemesis","floor":41,"turns":5},{"damage":3,"enemies":"Transient","floor":42,"turns":6},{"damage":6,"enemies":"Giant Head","floor":47,"turns":3},{"damage":6,"enemies":"Maw","floor":48,"turns":1},{"damage":20,"enemies":"Awakened One","floor":50,"turns":4},{"damage":18,"enemies":"Time Eater","floor":51,"turns":4},{"damage":6,"enemies":"Shield and Spear","floor":55,"turns":2},{"damage":24,"enemies":"The Heart","floor":56,"turns":6}],"seed_played":"2821116407881099797","potions_obtained":[{"floor":7,"key":"PowerPotion"},{"floor":8,"key":"CultistPotion"},{"floor":11,"key":"Ancient Potion"},{"floor":16,"key":"SkillPotion"},{"floor":21,"key":"SteroidPotion"},{"floor":36,"key":"Explosive Potion"},{"floor":41,"key":"BloodPotion"}],"is_trial":false,"path_per_floor":["M","?","M","M","?","R","E","M","T","R","M","$","R","M","R","B",null,"M","M","?","M","M","E","R","E","T","R","M","?","T","M","R","B",null,"M","?","?","?","M","R","E","M","T","?","$","?","E","M","R","B","B",null,"R","$","E","B",null],"character_chosen":"IRONCLAD","items_purchased":["Membership Card","True Grit","Dark Embrace","Charon\u0027s Ashes","Master of Strategy","DistilledChaos","HornCleat","Barricade","Shrug It Off","Burning Pact"],"campfire_rested":4,"item_purchase_floors":[12,12,12,45,45,54,54,54,54,54],"current_hp_per_floor":[70,63,57,56,56,56,27,13,13,35,34,34,34,35,35,33,65,47,48,48,51,51,28,50,44,44,44,38,38,38,44,44,35,65,68,71,71,61,42,63,62,71,71,71,71,71,71,71,71,65,71,71,71,71,71,71],"gold":45,"neow_bonus":"ONE_RANDOM_RARE_CARD","is_daily":false,"chose_seed":false,"campfire_upgraded":5,"win_rate":0.0,"timestamp":1608277411,"path_taken":["M","?","M","M","?","R","E","?","T","R","M","?","R","M","R","BOSS","M","?","?","M","M","E","R","E","T","R","M","?","?","M","R","BOSS","M","?","?","?","?","R","E","?","T","?","$","?","E","M","R","BOSS","BOSS","R","$","E","BOSS"],"items_purchased_type":["Relic","Card","Card","Relic","Card","Potion","Relic","Card","Card","Card"],"build_version":"2020-12-13","purchased_purges":3,"victory":true,"max_hp_per_floor":[75,75,75,75,75,75,75,75,75,75,75,75,75,75,75,75,75,75,75,75,75,75,75,75,75,75,75,75,75,75,75,75,75,75,75,75,71,71,71,71,71,71,71,71,71,71,71,71,71,71,71,71,71,71,71,71],"card_choices":[{"not_picked":["Clothesline","Iron Wave"],"picked":"Wild Strike","floor":1},{"not_picked":["Pommel Strike","Iron Wave"],"picked":"Power Through","floor":3},{"not_picked":["Sword Boomerang","Cleave"],"picked":"Disarm","floor":4},{"not_picked":["Spot Weakness","Whirlwind"],"picked":"Fiend Fire","floor":7},{"not_picked":["Wild Strike","Anger","Clash"],"picked":"SKIP","floor":8},{"not_picked":["Clash","Uppercut"],"picked":"Reckless Charge","floor":11},{"not_picked":["Combust","Pommel Strike","Twin Strike"],"picked":"SKIP","floor":14},{"not_picked":["Exhume","Double Tap"],"picked":"Corruption","floor":16},{"not_picked":["Anger","Cleave+1"],"picked":"Feel No Pain","floor":18},{"not_picked":["Iron Wave","Cleave"],"picked":"Pommel Strike+1","floor":19},{"not_picked":["Body Slam","Clothesline+1","Hemokinesis"],"picked":"SKIP","floor":21},{"not_picked":["Cleave","Body Slam"],"picked":"Ghostly Armor","floor":22},{"not_picked":["Juggernaut","Warcry","Power Through"],"picked":"SKIP","floor":23},{"not_picked":["Body Slam","Rampage"],"picked":"Shrug It Off","floor":25},{"not_picked":["Carnage","True Grit"],"picked":"Havoc+1","floor":28},{"not_picked":["Power Through","Heavy Blade","Uppercut"],"picked":"SKIP","floor":31},{"not_picked":["Bludgeon","Brutality"],"picked":"Fiend Fire","floor":33},{"not_picked":["Dropkick","Sword Boomerang"],"picked":"True Grit+1","floor":35},{"not_picked":["Cleave","Armaments"],"picked":"Bloodletting+1","floor":36},{"not_picked":["Violence","Enlightenment"],"picked":"Secret Technique","floor":38},{"not_picked":["Mind Blast","Forethought"],"picked":"Madness","floor":38},{"not_picked":["Secret Weapon","Sadistic Nature"],"picked":"Discovery","floor":38},{"not_picked":["Twin Strike","Armaments"],"picked":"Body Slam+1","floor":39},{"not_picked":["True Grit","Bludgeon","Rampage"],"picked":"SKIP","floor":41},{"not_picked":["Burning Pact","Body Slam"],"picked":"Seeing Red","floor":42},{"not_picked":["True Grit","Anger"],"picked":"Burning Pact","floor":47},{"not_picked":["Anger","Body Slam"],"picked":"Bloodletting","floor":48},{"not_picked":["Pommel Strike","Uppercut"],"picked":"Reaper","floor":55}],"player_experience":1366331,"relics_obtained":[{"floor":7,"key":"Dead Branch"},{"floor":9,"key":"StrikeDummy"},{"floor":23,"key":"Happy Flower"},{"floor":25,"key":"Du-Vu Doll"},{"floor":26,"key":"Bronze Scales"},{"floor":30,"key":"Lantern"},{"floor":36,"key":"Calipers"},{"floor":41,"key":"Bird Faced Urn"},{"floor":47,"key":"Pen Nib"},{"floor":55,"key":"Self Forming Clay"}],"event_choices":[{"cards_removed":["Strike_R"],"damage_healed":0,"gold_gain":0,"player_choice":"Card Removal","damage_taken":7,"max_hp_gain":0,"max_hp_loss":0,"event_name":"Golden Wing","floor":2,"gold_loss":0},{"damage_healed":0,"gold_gain":0,"player_choice":"Upgraded","damage_taken":0,"max_hp_gain":0,"max_hp_loss":0,"event_name":"Upgrade Shrine","floor":5,"gold_loss":0,"cards_upgraded":["Wild Strike"]},{"damage_healed":0,"gold_gain":0,"cards_transformed":["Strike_R","Strike_R"],"player_choice":"Became Test Subject","damage_taken":0,"max_hp_gain":0,"max_hp_loss":0,"event_name":"Drug Dealer","floor":20,"gold_loss":0,"cards_obtained":["Blood for Blood","Clash"]},{"damage_healed":0,"gold_gain":50,"player_choice":"Stole From Cult","damage_taken":0,"max_hp_gain":0,"max_hp_loss":0,"event_name":"Nest","floor":29,"gold_loss":0},{"damage_healed":0,"gold_gain":0,"player_choice":"Fight","damage_taken":0,"max_hp_gain":0,"max_hp_loss":0,"event_name":"Mysterious Sphere","floor":36,"gold_loss":0},{"damage_healed":0,"gold_gain":0,"player_choice":"Max HP","damage_taken":0,"max_hp_gain":0,"max_hp_loss":4,"event_name":"Winding Halls","floor":37,"gold_loss":0},{"damage_healed":0,"gold_gain":0,"player_choice":"Memory 3","damage_taken":10,"max_hp_gain":0,"max_hp_loss":0,"event_name":"SensoryStone","floor":38,"gold_loss":0},{"damage_healed":0,"gold_gain":0,"player_choice":"Ignored","damage_taken":0,"max_hp_gain":0,"max_hp_loss":0,"event_name":"Tomb of Lord Red Mask","floor":44,"gold_loss":0},{"cards_removed":["Pommel Strike"],"damage_healed":0,"gold_gain":0,"player_choice":"Removed Attack","damage_taken":0,"max_hp_gain":0,"max_hp_loss":0,"event_name":"Falling","floor":46,"gold_loss":0}],"is_beta":false,"boss_relics":[{"not_picked":["Runic Pyramid","Calling Bell"],"picked":"Runic Cube"},{"not_picked":["Snecko Eye","Coffee Dripper"],"picked":"Fusion Hammer"}],"items_purged_floors":[12,45,54],"is_endless":false,"potions_floor_spawned":[7,8,11,16,21,22,25,28,36,41,55],"ascension_level":20}}