{"host":"dcj2yvrgcvh5dl2s","time":1608276102,"event":{"mods":["BaseMod","Better Note","Block Reminder","Colored Powertips","DeckTracker","Minty Spire (QoL Compilation)","Quick Restart","Rare Cards Sparkle","Relic Stats","StSLib"],"gold_per_floor":[113,113,39,114,131,131,143,143,166,191,191,221,21,21,21],"floor_reached":14,"playtime":505,"items_purged":["Strike_R"],"score":133,"play_id":"97fc0a93-b85f-4a79-99ca-f551a57fa68d","local_time":"20201218172142","is_ascension_mode":true,"campfire_choices":[{"floor":6,"key":"REST"},{"data":"Entrench","floor":8,"key":"SMITH"},{"floor":11,"key":"REST"}],"circlet_count":0,"master_deck":["AscendersBane","Strike_R","Strike_R","Strike_R","Strike_R","Defend_R","Defend_R","Defend_R","Defend_R","Bash","Demon Form","Entrench+1","Sword Boomerang","Shrug It Off","Infernal Blade","Whirlwind","True Grit"],"relics":["Burning Blood","Bag of Preparation","WingedGreaves"],"acts_visited":["Exordium"],"potions_floor_usage":[7,10],"damage_taken":[{"damage":6,"enemies":"Cultist","floor":1,"turns":4},{"damage":20,"enemies":"Jaw Worm","floor":5,"turns":6},{"damage":8,"enemies":"Small Slimes","floor":7,"turns":4},{"damage":35,"enemies":"3 Sentries","floor":10,"turns":7},{"damage":45,"enemies":"Gremlin Nob","floor":14,"turns":4}],"seed_played":"1382772122662816614","potions_obtained":[{"floor":1,"key":"HeartOfIron"},{"floor":7,"key":"SpeedPotion"}],"is_trial":false,"path_per_floor":["M","?","$","?","M","R","M","R","T","E","R","?","$","E"],"character_chosen":"IRONCLAD","items_purchased":["Entrench","Whirlwind","True Grit"],"campfire_rested":2,"item_purchase_floors":[3,13,13],"current_hp_per_floor":[51,51,51,40,26,50,48,48,48,19,43,43,43,0,0],"gold":21,"neow_bonus":"THREE_RARE_CARDS","is_daily":false,"chose_seed":false,"campfire_upgraded":1,"win_rate":0.0,"timestamp":1608276102,"path_taken":["M","?","?","?","M","R","M","R","T","E","R","?","$","E"],"items_purchased_type":["Card","Card","Card"],"build_version":"2020-12-13","purchased_purges":1,"victory":false,"max_hp_per_floor":[80,80,80,80,80,80,80,80,80,80,80,80,80,80,80],"relic_stats":{"counters":[5,25],"Bag of Preparation":[4],"obtain_stats":[{"WingedGreaves":10,"Bag of Preparation":9,"Burning Blood":0},{"WingedGreaves":4,"Bag of Preparation":3,"Burning Blood":0},{"WingedGreaves":21,"Bag of Preparation":14,"Burning Blood":0}],"Burning Blood":24},"card_choices":[{"not_picked":["Double Tap","Limit Break"],"picked":"Demon Form","floor":0},{"not_picked":["Evolve","Wild Strike","Rupture"],"picked":"SKIP","floor":1},{"not_picked":["Iron Wave","Bloodletting"],"picked":"Sword Boomerang","floor":5},{"not_picked":["Wild Strike","Bloodletting"],"picked":"Shrug It Off","floor":7},{"not_picked":["Pommel Strike","Twin Strike"],"picked":"Infernal Blade","floor":10}],"player_experience":1982122,"relics_obtained":[{"floor":9,"key":"Bag of Preparation"},{"floor":10,"key":"WingedGreaves"}],"event_choices":[{"damage_healed":0,"gold_gain":0,"player_choice":"Bought 0 Potions","damage_taken":0,"max_hp_gain":0,"max_hp_loss":0,"event_name":"The Woman in Blue","floor":2,"gold_loss":0},{"damage_healed":0,"gold_gain":75,"player_choice":"Gather Gold","damage_taken":11,"max_hp_gain":0,"max_hp_loss":0,"event_name":"World of Goop","floor":4,"gold_loss":0},{"damage_healed":0,"gold_gain":30,"player_choice":"Searched \u00272\u0027 times","damage_taken":0,"max_hp_gain":0,"max_hp_loss":0,"event_name":"Dead Adventurer","floor":12,"gold_loss":0}],"is_beta":false,"boss_relics":[],"items_purged_floors":[13],"is_endless":false,"potions_floor_spawned":[1,7],"killed_by":"Gremlin Nob","ascension_level":11}}