{"host":"6ve8qn5s1am4lo6s","time":1608326223,"event":{"mods":["AchievementEnabler","BaseMod","BetterRewards","Downfall","Friendly Minions","GifTheSpireLib","Minty Spire (QoL Compilation)","Permanent Neow","Relic Stats","StSLib"],"gold_per_floor":[111,61,61,79,90,90,120,120,146,203,219,169,169,179,179,281,281,294,305,323,323,239,239,259,274,274,274,308,97,7,25,25,128,128,128],"floor_reached":34,"playtime":3127,"items_purged":["Slimebound:Defend_Slimebound","Slimebound:Tackle","Slimebound:Strike_Slimebound"],"score":422,"play_id":"72cb8de1-0f23-4a4b-8cc7-327becead51f","local_time":"20201218161703","is_ascension_mode":false,"campfire_choices":[{"data":"Slimebound:CorrosiveSpit","floor":6.0,"key":"SMITH"},{"data":"Slimebound:GrowthPunch","floor":8.0,"key":"SMITH"},{"data":"Slimebound:Replication","floor":13.0,"key":"SMITH"},{"data":"Slimebound:ServeAndProtect","floor":15.0,"key":"SMITH"},{"data":"Slimebound:SlimeBarrage","floor":23.0,"key":"SMITH"},{"data":"Slimebound:Split","floor":27.0,"key":"SMITH"},{"data":"Slimebound:MegaLick","floor":32.0,"key":"SMITH"}],"circlet_count":1,"master_deck":["Slimebound:Strike_Slimebound","Slimebound:Defend_Slimebound","Slimebound:Defend_Slimebound+1","Slimebound:Split+1","Slimebound:CorrosiveSpit+1","Slimebound:OozeBath+1","Slimebound:SplitAcid","Slimebound:SlimeSpikes","Slimebound:ServeAndProtect+1","Slimebound:GrowthPunch+1","Slimebound:Replication+1","Slimebound:MegaLick+1","Slimebound:SlimeTap","Slimebound:AcidTongue","Slimebound:SlimeBarrage+1","Slimebound:Lick+1","Slimebound:RejuvenatingLick","Slimebound:MinionMaster+1","Slimebound:PressTheAttack","Slimebound:Recycling","Slimebound:Recollect","Slimebound:Recycling"],"relics":["Slimebound:AbsorbEndCombat","Vajra","Smiling Mask","Bronze Scales","Circlet","Bottled Flame","Slimebound:AggressiveSlimeRelic"],"acts_visited":[],"potions_floor_usage":[],"damage_taken":[{"damage":18.0,"enemies":"Small Slimes","floor":1.0,"turns":3.0},{"damage":12.0,"enemies":"Jaw Worm","floor":4.0,"turns":4.0},{"damage":13.0,"enemies":"Cultist","floor":5.0,"turns":3.0},{"damage":27.0,"enemies":"Lagavulin","floor":7.0,"turns":7.0},{"damage":40.0,"enemies":"Lagavulin Event","floor":10.0,"turns":6.0},{"damage":22.0,"enemies":"3 Louse","floor":11.0,"turns":2.0},{"damage":13.0,"enemies":"Large Slime","floor":14.0,"turns":5.0},{"damage":15.0,"enemies":"Hexaghost","floor":16.0,"turns":7.0},{"damage":15.0,"enemies":"Spheric Guardian","floor":18.0,"turns":3.0},{"damage":19.0,"enemies":"Chosen","floor":19.0,"turns":4.0},{"damage":32.0,"enemies":"Centurion and Healer","floor":20.0,"turns":6.0},{"damage":15.0,"enemies":"Sentry and Sphere","floor":24.0,"turns":5.0},{"damage":20.0,"enemies":"Snecko","floor":25.0,"turns":5.0},{"damage":31.0,"enemies":"Gremlin Leader","floor":28.0,"turns":5.0},{"damage":24.0,"enemies":"Shelled Parasite and Fungi","floor":31.0,"turns":4.0},{"damage":67.0,"enemies":"Champ","floor":33.0,"turns":7.0}],"seed_played":"286683538015885392","potions_obtained":[{"floor":7.0,"key":"Swift Potion"},{"floor":10.0,"key":"Dexterity Potion"},{"floor":11.0,"key":"Slimebound:SpawnSlimePotion"},{"floor":20.0,"key":"Block Potion"},{"floor":28.0,"key":"Regen Potion"},{"floor":31.0,"key":"AttackPotion"}],"is_trial":false,"path_per_floor":["M","?","?","M","M","R","E","R","T","?","M","$","R","M","R","B",null,"M","M","M","?","$","R","M","M","T","R","E","$","?","M","R","B",null],"character_chosen":"SLIMEBOUND","items_purchased":["Slimebound:RejuvenatingLick","Slimebound:Recycling"],"campfire_rested":0,"item_purchase_floors":[22,29],"current_hp_per_floor":[54,54,54,57,56,56,53,53,53,40,24,24,24,32,32,44,63,63,63,55,55,55,55,63,58,58,58,53,53,53,63,63,38,38,38],"gold":128,"neow_bonus":"THREE_RARE_CARDS","is_daily":false,"chose_seed":false,"campfire_upgraded":7,"win_rate":0.0,"timestamp":1608326223,"path_taken":["M","?","?","M","M","R","E","R","T","?","M","?","R","M","R","BOSS","M","M","?","?","$","R","M","M","T","R","E","$","?","?","R","BOSS"],"items_purchased_type":["Card","Card"],"build_version":"2020-12-13","purchased_purges":3,"victory":false,"max_hp_per_floor":[63,63,63,63,63,63,63,63,63,63,63,63,63,63,63,63,63,63,63,63,63,63,63,63,63,63,63,63,63,63,63,63,63,63,63],"relic_stats":{"counters":[0,0],"Bronze Scales":[0],"Smiling Mask":0,"obtain_stats":[{"Slimebound:AggressiveSlimeRelic":0,"Bottled Flame":0,"Bronze Scales":0,"Vajra":0,"Circlet":0,"Slimebound:AbsorbEndCombat":0,"Smiling Mask":0},{"Slimebound:AggressiveSlimeRelic":0,"Bottled Flame":0,"Bronze Scales":0,"Vajra":0,"Circlet":0,"Slimebound:AbsorbEndCombat":0,"Smiling Mask":0},{"Slimebound:AggressiveSlimeRelic":0,"Bottled Flame":0,"Bronze Scales":0,"Vajra":0,"Circlet":0,"Slimebound:AbsorbEndCombat":0,"Smiling Mask":0}]},"card_choices":[{"not_picked":["Slimebound:Overexert","Slimebound:MassFeed"],"picked":"Slimebound:OozeBath","floor":0.0},{"not_picked":["Slimebound:SplitLeeching","Slimebound:LeechLife"],"picked":"Slimebound:SplitAcid","floor":1.0},{"not_picked":["Slimebound:VenomTackle","Slimebound:ItLooksTasty"],"picked":"Slimebound:SlimeSpikes","floor":4.0},{"not_picked":["Slimebound:ProtectTheBoss","Slimebound:VenomTackle"],"picked":"Slimebound:ServeAndProtect","floor":5.0},{"not_picked":["Slimebound:StudyTheSpire","Slimebound:ProtectTheBoss"],"picked":"Slimebound:GrowthPunch","floor":7.0},{"not_picked":["Slimebound:SplitMire","Slimebound:SpikyOuterGoop"],"picked":"Slimebound:Replication","floor":10.0},{"not_picked":["Slimebound:QuickStudy","Slimebound:SplitBruiser"],"picked":"Slimebound:MegaLick","floor":11.0},{"not_picked":["Slimebound:BestDefense","Slimebound:Lick"],"picked":"Slimebound:SlimeTap","floor":14.0},{"not_picked":["Slimebound:PrepareCrush","Slimebound:OozeBath"],"picked":"Slimebound:AcidTongue","floor":16.0},{"not_picked":["Slimebound:ComboTackle","Slimebound:ServeAndProtect"],"picked":"Slimebound:SlimeBarrage","floor":18.0},{"not_picked":["Slimebound:SplitBruiser","Slimebound:ItLooksTasty"],"picked":"Slimebound:Lick+1","floor":19.0},{"not_picked":["Slimebound:TongueLash","Slimebound:GoopSpray","Slimebound:VenomTackle+1"],"picked":"SKIP","floor":20.0},{"not_picked":["Slimebound:ItLooksTasty","Slimebound:Replication+1"],"picked":"Slimebound:MinionMaster+1","floor":24.0},{"not_picked":["Slimebound:ViciousTackle","Slimebound:GoopTackle","Slimebound:Prepare+1"],"picked":"SKIP","floor":25.0},{"not_picked":["Slimebound:Lick","Slimebound:ComboTackle"],"picked":"Slimebound:PressTheAttack","floor":28.0},{"not_picked":["Slimebound:MassFeed","Slimebound:Lick"],"picked":"Slimebound:Recollect","floor":31.0},{"not_picked":["Slimebound:DuplicatedForm","Slimebound:CheckThePlaybook"],"picked":"Slimebound:Recycling","floor":33.0}],"player_experience":291087,"relics_obtained":[{"floor":7.0,"key":"Vajra"},{"floor":9.0,"key":"Smiling Mask"},{"floor":26.0,"key":"Bottled Flame"},{"floor":28.0,"key":"Slimebound:AggressiveSlimeRelic"}],"event_choices":[{"cards_removed":["Slimebound:Strike_Slimebound"],"damage_healed":0.0,"max_hp_gain":0.0,"max_hp_loss":0.0,"gold_gain":0.0,"event_name":"The Cleric","player_choice":"Card Removal","floor":2.0,"gold_loss":50.0,"damage_taken":0.0},{"damage_healed":0.0,"max_hp_gain":0.0,"max_hp_loss":0.0,"gold_gain":0.0,"event_name":"Living Wall","player_choice":"Grow","floor":3.0,"gold_loss":0.0,"damage_taken":0.0,"cards_upgraded":["Slimebound:OozeBath"]},{"damage_healed":0.0,"max_hp_gain":0.0,"max_hp_loss":0.0,"gold_gain":0.0,"event_name":"Dead Adventurer","player_choice":"Searched \u00272\u0027 times","floor":10.0,"gold_loss":0.0,"damage_taken":0.0,"relics_obtained":["Bronze Scales"]},{"damage_healed":0.0,"max_hp_gain":0.0,"max_hp_loss":0.0,"gold_gain":0.0,"event_name":"Ghosts","player_choice":"Ignored","floor":21.0,"gold_loss":0.0,"damage_taken":0.0},{"cards_removed":["Slimebound:Defend_Slimebound"],"damage_healed":0.0,"max_hp_gain":0.0,"max_hp_loss":0.0,"gold_gain":0.0,"event_name":"Designer","player_choice":"Upgrade and Remove","floor":30.0,"gold_loss":90.0,"damage_taken":0.0,"cards_upgraded":["Slimebound:Defend_Slimebound"]}],"is_beta":false,"boss_relics":[{"not_picked":["Velvet Choker","Philosopher\u0027s Stone"],"picked":"Slimebound:StudyCardRelic"}],"items_purged_floors":[12,22,29],"is_endless":false,"potions_floor_spawned":[7,10,11,20,28,31,33],"ascension_level":0}}