{"host":"emzksreay9b8489z","time":1608261116,"event":{"mods":["Act Like it!","BaseMod","CapriCore","Downfall","Friendly Minions","Gensokyo","GifTheSpireLib","KinomotoSakuraMod(Ä¾Ö®±¾Ó£)","Minty Spire (QoL Compilation)","Say the Spire","StSLib"],"gold_per_floor":[99,109,34,45,45,45,45,75,86,11,23,34,52,37,50,145,145,145,157,174,174,174,190,190,190,190,217,51,69,69,103,121,121,121],"floor_reached":33,"playtime":1888,"items_purged":[],"score":294,"play_id":"67dcb903-282d-43ae-9eaa-98499b45c49c","local_time":"20201218111156","is_ascension_mode":false,"campfire_choices":[{"floor":1,"key":"RECALL"},{"data":"Slimebound:Split","floor":3,"key":"SMITH"},{"data":"Slimebound:SlimeBrawl","floor":5,"key":"SMITH"},{"data":"Slimebound:CorrosiveSpit","floor":10,"key":"SMITH"},{"data":"Slimebound:GrowthPunch","floor":18,"key":"SMITH"},{"data":"Slimebound:LevelUp","floor":25,"key":"SMITH"}],"circlet_count":0,"master_deck":["Slimebound:Strike_Slimebound","Slimebound:Strike_Slimebound","Slimebound:Tackle","Slimebound:Defend_Slimebound","Slimebound:Defend_Slimebound","Slimebound:Defend_Slimebound","Slimebound:Defend_Slimebound","Slimebound:Split+1","Slimebound:CorrosiveSpit+1","Slimebound:Schlurp","Slimebound:SlimeBrawl+1","Slimebound:Repurpose+1","Slimebound:SplitMire+1","Slimebound:LevelUp+1","Slimebound:SpikyOuterGoop","Slimebound:SplitBruiser+1","Slimebound:GrowthPunch+1","Slimebound:RallyTheTroops","Slimebound:LevelUp+1","Slimebound:SlimeBarrage+1","Slimebound:LeechEnergy","Slimebound:SpikyOuterGoop","Slimebound:SplitBruiser+1"],"relics":["Slimebound:AbsorbEndCombat","downfall:HeartBlessingRed","Slimebound:MaxSlimesRelic","Toxic Egg 2","downfall:HeartBlessingBlue","Black Star","Matryoshka","Nilry\u0027s Codex","StoneCalendar","WingedGreaves","Bronze Scales","Thread and Needle"],"acts_visited":["Exordium","TheCity"],"potions_floor_usage":[33,33,33],"damage_taken":[{"damage":4,"enemies":"Small Slimes","floor":2,"turns":4},{"damage":15,"enemies":"Jaw Worm","floor":4,"turns":3},{"damage":31,"enemies":"3 Sentries","floor":8,"turns":8},{"damage":14,"enemies":"2 Louse","floor":9,"turns":3},{"damage":19,"enemies":"Large Slime","floor":11,"turns":4},{"damage":20,"enemies":"Lots of Slimes","floor":12,"turns":5},{"damage":16,"enemies":"Exordium Wildlife","floor":13,"turns":3},{"damage":20,"enemies":"downfall:FleeingMerchant","floor":14,"turns":4},{"damage":30,"enemies":"Large Slime","floor":15,"turns":5},{"damage":37,"enemies":"downfall:Watcher","floor":16,"turns":7},{"damage":36,"enemies":"Shell Parasite","floor":19,"turns":5},{"damage":21,"enemies":"Chosen","floor":20,"turns":3},{"damage":29,"enemies":"Snecko","floor":23,"turns":4},{"damage":55,"enemies":"Gremlin Leader","floor":27,"turns":4},{"damage":20,"enemies":"downfall:FleeingMerchant","floor":28,"turns":4},{"damage":17,"enemies":"Cultist and Chosen","floor":29,"turns":3},{"damage":38,"enemies":"downfall:FleeingMerchant","floor":31,"turns":3},{"damage":25,"enemies":"Chosen and Byrds","floor":32,"turns":5},{"damage":33,"enemies":"downfall:Silent","floor":33,"turns":3}],"seed_played":"8913266939245786098","potions_obtained":[{"floor":8,"key":"GamblersBrew"},{"floor":11,"key":"Fire Potion"},{"floor":12,"key":"Dexterity Potion"},{"floor":13,"key":"Fire Potion"},{"floor":22,"key":"CultistPotion"}],"is_trial":false,"path_per_floor":["R","M","R","M","R","?","T","E","M","R","M","M","M","$","M","B",null,"R","M","M","?","?","M","T","R","?","E","$","M","?","$","M","B"],"character_chosen":"SLIMEBOUND","items_purchased":["Bronze Scales","Thread and Needle"],"campfire_rested":0,"item_purchase_floors":[28,31],"current_hp_per_floor":[66,66,66,63,63,45,45,38,44,54,63,63,71,76,70,67,76,76,68,75,75,75,65,65,65,49,26,38,37,37,25,20,0,0],"gold":121,"neow_bonus":"TEN_PERCENT_HP_BONUS","is_daily":false,"chose_seed":false,"campfire_upgraded":5,"win_rate":0.0,"timestamp":1608261116,"path_taken":["R","M","R","M","R","?","T","E","M","R","M","M","M","$","M","BOSS","R","M","M","?","?","M","T","R","?","E","$","M","?","$","M","BOSS"],"items_purchased_type":["Relic","Relic"],"build_version":"2020-12-13","purchased_purges":0,"victory":false,"max_hp_per_floor":[66,66,66,66,66,66,66,66,66,76,76,76,76,76,76,76,76,76,76,76,76,76,76,76,76,76,76,76,76,76,76,76,76,76],"card_choices":[{"not_picked":["Slimebound:ComboTackle","Slimebound:BestDefense"],"picked":"Slimebound:Schlurp","floor":2},{"not_picked":["Slimebound:ItLooksTasty","Slimebound:ViciousTackle"],"picked":"Slimebound:SlimeBrawl","floor":4},{"not_picked":["Slimebound:PrepareCrush+1","Slimebound:Dissolve+1"],"picked":"Slimebound:Repurpose+1","floor":8},{"not_picked":["Slimebound:ComboTackle","Slimebound:GoopSpray+1"],"picked":"Slimebound:SplitMire+1","floor":9},{"not_picked":["Slimebound:GoopTackle","Slimebound:SplitLeeching+1"],"picked":"Slimebound:LevelUp","floor":11},{"not_picked":["Slimebound:Nibble","Slimebound:RainOfGoop+1"],"picked":"Slimebound:SpikyOuterGoop","floor":12},{"not_picked":["Slimebound:SlimeSpikes+1","Slimebound:FlameTackle"],"picked":"Slimebound:SplitBruiser+1","floor":13},{"not_picked":["Slimebound:RollThrough","Slimebound:Repurpose+1"],"picked":"Slimebound:GrowthPunch","floor":14},{"not_picked":["Slimebound:BestDefense","Slimebound:GoopTackle","Slimebound:LeechingTouch"],"picked":"SKIP","floor":15},{"not_picked":["Slimebound:DuplicatedForm","Slimebound:DouseInSlime+1"],"picked":"Slimebound:RallyTheTroops","floor":16},{"not_picked":["Slimebound:SplitAcid+1","Slimebound:SplitBruiser+1"],"picked":"Slimebound:LevelUp+1","floor":19},{"not_picked":["Slimebound:BestDefense+1","Slimebound:SamplingLick+1"],"picked":"Slimebound:SlimeBarrage+1","floor":20},{"not_picked":["Slimebound:SamplingLick+1","Slimebound:HauntingLick+1"],"picked":"Slimebound:LeechEnergy","floor":23},{"not_picked":["Slimebound:ComboTackle","Slimebound:HauntingLick+1"],"picked":"Slimebound:SpikyOuterGoop","floor":27},{"not_picked":["Slimebound:SlimeSlap","Slimebound:SpikyOuterGoop+1","Slimebound:SlimeBarrage"],"picked":"SKIP","floor":28},{"not_picked":["Slimebound:PressTheAttack","Slimebound:SlimeTap+1","Slimebound:SlimeBarrage"],"picked":"SKIP","floor":29},{"not_picked":["Slimebound:GoopTackle","Slimebound:RollThrough","Slimebound:GrowthPunch"],"picked":"SKIP","floor":31},{"not_picked":["Slimebound:FinishingTackle","Slimebound:LeechEnergy"],"picked":"Slimebound:SplitBruiser+1","floor":32}],"player_experience":5568,"relics_obtained":[{"floor":8,"key":"Toxic Egg 2"},{"floor":24,"key":"Matryoshka"},{"floor":26,"key":"Nilry\u0027s Codex"},{"floor":27,"key":"StoneCalendar"},{"floor":27,"key":"WingedGreaves"}],"event_choices":[{"damage_healed":0,"gold_gain":0,"player_choice":"Success","damage_taken":18,"relics_obtained":["Slimebound:MaxSlimesRelic"],"max_hp_gain":0,"max_hp_loss":0,"event_name":"Scrap Ooze","floor":6,"gold_loss":0}],"is_beta":false,"boss_relics":[{"not_picked":["Sozu","Astrolabe"],"picked":"Black Star"}],"items_purged_floors":[],"is_endless":false,"potions_floor_spawned":[8,11,12,13,19,23],"killed_by":"downfall:Silent","ascension_level":0}}