{"host":"iml8x8es9od4zowg","time":1608293213,"event":{"mods":["BaseMod","Minty Spire (QoL Compilation)","StSLib","The Jungle","¡¼?Úª?ø«¡½REMEMod"],"gold_per_floor":[215,232,307,318,14,45,45,45,113,147,158,69,69,69,69,172,172,191,201,213,213,213,213,213,213],"floor_reached":24,"playtime":1494,"items_purged":["Bash"],"score":214,"play_id":"9249ec6c-1b2a-4e92-95d3-47041ebc5f18","local_time":"20201218210653","is_ascension_mode":true,"campfire_choices":[{"data":"True Grit","floor":15,"key":"SMITH"},{"data":"Metallicize","floor":23,"key":"SMITH"}],"circlet_count":0,"master_deck":["Strike_R","Strike_R","Strike_R","Strike_R","Defend_R","Defend_R","Defend_R","Defend_R","Core Surge","Metallicize","Reckless Charge","Warcry","Power Through","Whirlwind","Sentinel","True Grit+1","Feel No Pain","Exhume","Metallicize+1","Battle Trance+1","True Grit+1"],"relics":["Black Blood","REME_ComplimentaryCards","ClockworkSouvenir","REME_HandOfSuture","MealTicket","Pen Nib","Singing Bowl","Oddly Smooth Stone","WarpedTongs","theJungle:WildStrawberry","theJungle:SpiritDisease"],"acts_visited":["Exordium","Exordium"],"potions_floor_usage":[16,19],"damage_taken":[{"damage":6,"enemies":"Cultist","floor":1,"turns":3},{"damage":4,"enemies":"2 Louse","floor":2,"turns":3},{"damage":8,"enemies":"Jaw Worm","floor":4,"turns":4},{"damage":26,"enemies":"Gremlin Nob","floor":6,"turns":7},{"damage":28,"enemies":"Lagavulin","floor":10,"turns":8},{"damage":0,"enemies":"2 Fungi Beasts","floor":11,"turns":2},{"damage":20,"enemies":"Slime Boss","floor":16,"turns":9},{"damage":16,"enemies":"Shell Parasite","floor":18,"turns":7},{"damage":13,"enemies":"theJungle:Flameango_and_Byrd","floor":19,"turns":4},{"damage":22,"enemies":"theJungle:2_Flameangoes","floor":20,"turns":5},{"damage":21,"enemies":"theJungle:2_Phrogs","floor":24,"turns":12}],"seed_played":"-6693330069647393659","potions_obtained":[{"floor":6,"key":"Energy Potion"},{"floor":10,"key":"SteroidPotion"}],"is_trial":false,"path_per_floor":["M","M","?","M","$","E","?","?","T","E","M","$","$","?","R","B",null,"M","M","M","?","?","R","E"],"character_chosen":"IRONCLAD","items_purchased":["Power Through","ClockworkSouvenir","True Grit","Feel No Pain"],"campfire_rested":0,"item_purchase_floors":[5,5,12,12],"current_hp_per_floor":[80,80,69,67,67,47,47,44,44,22,30,45,60,60,60,46,82,78,77,67,60,60,60,39,39],"gold":213,"neow_bonus":"HUNDRED_GOLD","is_daily":false,"chose_seed":false,"campfire_upgraded":2,"win_rate":0.0,"timestamp":1608293213,"path_taken":["M","?","?","M","$","E","?","?","T","E","M","?","$","?","R","BOSS","M","M","?","?","?","R","E"],"items_purchased_type":["Card","Relic","Card","Card"],"build_version":"2020-12-13","purchased_purges":1,"victory":false,"max_hp_per_floor":[80,80,80,80,80,80,80,80,80,80,82,82,82,82,82,82,82,82,82,82,89,89,89,89,89],"card_choices":[{"not_picked":["Clothesline","Twin Strike"],"picked":"Metallicize","floor":1},{"not_picked":["Flame Barrier","Cleave"],"picked":"Reckless Charge","floor":2},{"not_picked":["Flex","Havoc"],"picked":"Warcry","floor":4},{"not_picked":["Limit Break","Twin Strike"],"picked":"Whirlwind","floor":6},{"not_picked":["Cleave","REME_Scribble"],"picked":"Sentinel","floor":10},{"not_picked":["Flame Barrier","Clothesline","Cleave"],"picked":"Singing Bowl","floor":11},{"not_picked":["Reaper","Berserk"],"picked":"Exhume","floor":16},{"not_picked":["Rage","Clothesline"],"picked":"Metallicize","floor":18},{"not_picked":["Anger+1","Feel No Pain"],"picked":"Battle Trance+1","floor":19},{"not_picked":["Spot Weakness","Flex+1"],"picked":"True Grit+1","floor":20}],"player_experience":445801,"relics_obtained":[{"floor":6,"key":"REME_HandOfSuture"},{"floor":9,"key":"Singing Bowl"},{"floor":10,"key":"Oddly Smooth Stone"}],"event_choices":[{"damage_healed":0,"gold_gain":75,"player_choice":"Gather Gold","damage_taken":11,"max_hp_gain":0,"max_hp_loss":0,"event_name":"World of Goop","floor":3,"gold_loss":0},{"damage_healed":0,"gold_gain":0,"player_choice":"Box","damage_taken":0,"relics_obtained":["MealTicket"],"max_hp_gain":0,"max_hp_loss":0,"event_name":"Big Fish","floor":7,"gold_loss":0,"cards_obtained":["Regret"]},{"damage_healed":0,"gold_gain":0,"player_choice":"Success","damage_taken":3,"relics_obtained":["Pen Nib"],"max_hp_gain":0,"max_hp_loss":0,"event_name":"Scrap Ooze","floor":8,"gold_loss":0},{"damage_healed":0,"gold_gain":0,"player_choice":"Rummage","damage_taken":0,"relics_obtained":["WarpedTongs"],"max_hp_gain":0,"max_hp_loss":0,"event_name":"Accursed Blacksmith","floor":14,"gold_loss":0,"cards_obtained":["Pain"]}],"is_beta":false,"boss_relics":[{"not_picked":["Coffee Dripper","Runic Cube"],"picked":"Black Blood"}],"items_purged_floors":[5],"is_endless":false,"potions_floor_spawned":[6,10],"killed_by":"theJungle:2_Phrogs","ascension_level":1}}