{"host":"r2b8ojg4o4pyvjvq","time":1608333226,"event":{"mods":["BaseMod","Colored Map","Downfall","Highlight Path","Hubris","Marisa????????","Minty Spire (QoL Compilation)","Quick Restart","Replay The Spire","StSLib","SuperFastMode"],"gold_per_floor":[112,131,172,172,97,97,113,113,113,113,127,141,159,177,177,273,273,290,500,500,500,500,500,500,500,500,500,527,2,28,28,28,131,131,145,500,500,500,500,500,500,500,500,500,500,500,500,500,500,500,500],"floor_reached":56,"playtime":2085,"items_purged":["Strike_P","Strike_P","Hallucinations","Defend_P","Vigilance"],"score":1611,"play_id":"cb785baf-a322-4038-a3ca-a4700989ea66","local_time":"20201219001346","is_ascension_mode":true,"campfire_choices":[{"floor":6.0,"key":"REST"},{"floor":15.0,"key":"REST"},{"floor":25.0,"key":"RECALL"},{"floor":32,"key":"REST"},{"data":"1","floor":49,"key":"LIFT"},{"data":"2","floor":52,"key":"LIFT"}],"circlet_count":8,"master_deck":["Defend_P","Eruption+1","InnerPeace","WindmillStrike+1","Wallop+1","Protect+1","FearNoEvil","ForeignInfluence","Steam+1","CarveReality+1","CutThroughFate","EmptyFist","LessonLearned","Replay:DivineShield+1","Tantrum","ReplayTheSpireMod:Private Reserves+1","TalkToTheHand+1","FlurryOfBlows","MentalFortress","BattleHymn+1","CutThroughFate","Protect+1","Halt+1","Alpha+1","Pot Of Greed+1","hubris:DuctTapeCard","Halt+1","Wish+1","Ragnarok+1","DevaForm+1"],"relics":["Fusion Hammer","Damaru","The Courier","Empty Cage","Toxic Egg 2","Onion Ring","Happy Flower","MutagenicStrength","Ring of Hypnosis","PreservedInsect","Blue Doll","Chameleon Ring","Blood Vial","Lantern","Akabeko","Nilry\u0027s Codex","ChewingGum","Vajra","ClockworkSouvenir","Bag of Marbles","Frozen Egg 2","TeardropLocket","Toy Ornithopter","hubris:ToyBattleship","Durian","Pear","Question Card","Regal Pillow","Replay:PocketPolymizer","Replay:Bandana","Replay:Wax Seal","Bottled Lightning","Strawberry","Boot","Replay:Bottled Flurry","Bronze Scales","Orichalcum","Ornamental Fan","War Paint","Mirror","Replay:Multitool","Dream Catcher","hexamod:BolsterEngine","Art of War","Quantum Egg","hubris:BottledRain","hubris:TinFlute","Oddly Smooth Stone","Meat on the Bone","Gremlin Horn","Omamori","hubris:MedicalManual","Replay:Mystery Machine","Turnip","Garlic","ReplayTheSpireMod:Lightbulb","Bottled Tornado","Ancient Tea Set","Yang","hubris:Metronome","InkBottle","Girya","Simple Rune","Replay:Baseball","Pocketwatch","Anchor","Gremlin Food","Centennial Puzzle","hubris:64BitClover","hubris:TenFootPole","Bag of Preparation","Sundial","hubris:SlimyHat","Nunchaku","Juzu Bracelet","ReplayTheSpireMod:Shallot","Thread and Needle","Torii","Pen Nib","Eternal Feather","Replay:Towering Pillar of Hats","Matryoshka","Replay:Ringing Soul","Mummified Hand","Grinning Jar","ReplayFunnel","Ginger","MealTicket","Replay:Rubber Ducky","hubris:FunFungus","hubris:Reverence","Whetstone","Counterbalance","Pondfish Scales","White Beast Statue","Replay:Accelerometer","hubris:PeanutButter","Lizard Tail","Singing Bowl","Bird Faced Urn","hubris:CrystalStatue","hubris:SphereOfDissonance","ReplayTheSpireMod:Ninjato","Pantograph","hubris:DuctTape","hubris:DisguiseKit","hubris:DeckOfHolding","Letter Opener","Replay:Bottled Steam","Iron Hammer","Mercury Hourglass","Darkstone Periapt","Prayer Wheel","hubris:CuriousFeather","Molten Egg 2","Replay:Bottled Snecko","Replay:WaspNest","Shuriken","Replay:Bottled Eggs","Snack Pack","StrikeDummy","Golden Egg","Kunai","hubris:MysteriousPyramids","HornCleat","hubris:BundleOfHerbs","TungstenRod","Mango","hubris:Teleporter","Calipers","Ice Cream","FossilizedHelix","hubris:Potato","CloakClasp","Replay:Kaleidoscope","Replay:Arrowhead","CaptainsWheel","Gambling Chip","Du-Vu Doll","Peace Pipe","WingedGreaves","hubris:Zylophone","hubris:GlazedTorus","StoneCalendar","Replay:Purple Gloves","GoldenEye","Incense Burner","Circlet","BranchBurnRelic","OrangePellets"],"acts_visited":["Exordium","TheCity","TheBeyond","TheEnding"],"potions_floor_usage":[],"damage_taken":[{"damage":4.0,"enemies":"Jaw Worm","floor":1.0,"turns":4.0},{"damage":0.0,"enemies":"2 Louse","floor":2.0,"turns":2.0},{"damage":5.0,"enemies":"Small Slimes","floor":7.0,"turns":2.0},{"damage":0.0,"enemies":"2 Fungi Beasts","floor":11.0,"turns":3.0},{"damage":2.0,"enemies":"Blue Slaver","floor":12.0,"turns":3.0},{"damage":12.0,"enemies":"Lots of Slimes","floor":13.0,"turns":4.0},{"damage":0.0,"enemies":"Large Slime","floor":14.0,"turns":2.0},{"damage":22.0,"enemies":"Fading Forest","floor":16.0,"turns":11.0},{"damage":11.0,"enemies":"Shell Parasite","floor":18.0,"turns":4.0},{"damage":0.0,"enemies":"Gremlin Leader","floor":23.0,"turns":4.0},{"damage":0.0,"enemies":"3 Byrds","floor":24.0,"turns":3.0},{"damage":7.0,"enemies":"Snake Plant","floor":27.0,"turns":3.0},{"damage":2.0,"enemies":"Slavers","floor":28.0,"turns":2.0},{"damage":16,"enemies":"Book of Stabbing","floor":30,"turns":5},{"damage":10,"enemies":"Champ","floor":33,"turns":8},{"damage":19,"enemies":"3 Shapes","floor":35,"turns":2},{"damage":0,"enemies":"Orb Walker","floor":38,"turns":1},{"damage":0,"enemies":"Giant Head","floor":40,"turns":2},{"damage":0,"enemies":"Nemesis","floor":42,"turns":1},{"damage":0,"enemies":"R_Hoarder","floor":44,"turns":1},{"damage":0,"enemies":"Nemesis","floor":46,"turns":1},{"damage":0,"enemies":"Replay:Hell Engine","floor":50,"turns":1},{"damage":0,"enemies":"Shield and Spear","floor":54,"turns":1},{"damage":0,"enemies":"The Heart","floor":55,"turns":3}],"seed_played":"-8415824350300888071","potions_obtained":[{"floor":1.0,"key":"BlessingOfTheForge"},{"floor":3.0,"key":"Milkshake"},{"floor":11.0,"key":"Ancient Potion"},{"floor":13.0,"key":"Elixir"},{"floor":23.0,"key":"SpeedPotion"},{"floor":38,"key":"CultistPotion"},{"floor":42,"key":"PowerPotion"}],"is_trial":false,"path_per_floor":["M","M","?","?","$","R","M","?","T","?","M","M","M","M","R","B",null,"M","$","?","?","?","E","M","R","T","M","E","$","E","?","R","B",null,"M","$","M","E","E","T","E","$","E","?","R_BF","B",null,"R","$","E","B",null],"character_chosen":"WATCHER","items_purchased":["Toxic Egg 2","Onion Ring","Happy Flower","Tantrum","ReplayTheSpireMod:Private Reserves+1","Chameleon Ring","Blood Vial","Lantern","CutThroughFate","Protect+1","Vajra","ClockworkSouvenir","Bag of Marbles","Frozen Egg 2","TeardropLocket","Toy Ornithopter","hubris:ToyBattleship","Durian","Pear","Question Card","Regal Pillow","Replay:PocketPolymizer","Replay:Bandana","Replay:Wax Seal","Bottled Lightning","Strawberry","Boot","Replay:Bottled Flurry","Bronze Scales","Orichalcum","Ornamental Fan","War Paint","Mirror","Replay:Multitool","Dream Catcher","hexamod:BolsterEngine","Art of War","Quantum Egg","hubris:BottledRain","hubris:TinFlute","Oddly Smooth Stone","Meat on the Bone","Gremlin Horn","Omamori","hubris:MedicalManual","Replay:Mystery Machine","Turnip","Garlic","ReplayTheSpireMod:Lightbulb","Bottled Tornado","Ancient Tea Set","Yang","hubris:Metronome","InkBottle","Girya","Simple Rune","Replay:Baseball","Pocketwatch","Anchor","Gremlin Food","Centennial Puzzle","hubris:64BitClover","hubris:TenFootPole","Bag of Preparation","Sundial","hubris:SlimyHat","Nunchaku","Juzu Bracelet","ReplayTheSpireMod:Shallot","Thread and Needle","Torii","Pen Nib","Eternal Feather","Replay:Towering Pillar of Hats","Matryoshka","Replay:Ringing Soul","Mummified Hand","Grinning Jar","ReplayFunnel","Ginger","MealTicket","Replay:Rubber Ducky","hubris:FunFungus","hubris:Reverence","Whetstone","Counterbalance","Pondfish Scales","White Beast Statue","Replay:Accelerometer","hubris:PeanutButter","Lizard Tail","Singing Bowl","Bird Faced Urn","hubris:CrystalStatue","hubris:SphereOfDissonance","ReplayTheSpireMod:Ninjato","Pantograph","hubris:DuctTape","hubris:DisguiseKit","hubris:DeckOfHolding","Letter Opener","Replay:Bottled Steam","Iron Hammer","Mercury Hourglass","Darkstone Periapt","Prayer Wheel","hubris:CuriousFeather","Molten Egg 2","Replay:Bottled Snecko","Replay:WaspNest","Shuriken","Replay:Bottled Eggs","Snack Pack","StrikeDummy","Golden Egg","Kunai","hubris:MysteriousPyramids","HornCleat","hubris:BundleOfHerbs","TungstenRod","Mango","hubris:Teleporter","Calipers","Ice Cream","FossilizedHelix","hubris:Potato","CloakClasp","Replay:Kaleidoscope","Replay:Arrowhead","CaptainsWheel","Gambling Chip","Du-Vu Doll","Dead Branch","Peace Pipe","WingedGreaves","hubris:Zylophone","hubris:GlazedTorus","StoneCalendar","Replay:Purple Gloves","GoldenEye","Incense Burner","Circlet","Circlet","Ragnarok+1","OrangePellets"],"campfire_rested":3,"item_purchase_floors":[19,19,19,19,19,29,29,29,29,29,36,36,36,36,36,36,36,36,36,36,36,36,36,36,36,36,36,36,36,36,36,36,36,36,36,36,36,36,36,36,36,36,36,36,36,36,36,36,36,36,36,36,36,36,36,36,36,36,36,36,36,36,36,36,36,36,36,36,36,36,36,36,36,36,36,36,36,36,36,36,36,36,36,36,36,36,36,36,36,36,36,36,36,36,36,36,36,36,36,36,36,36,36,36,36,36,36,36,36,36,36,36,36,36,36,36,36,36,36,36,36,36,36,36,36,36,36,36,36,36,36,36,36,36,36,36,36,36,36,36,36,45,45,45,53],"current_hp_per_floor":[68,68,40,26,26,47,42,42,42,42,42,40,28,28,49,47,72,61,61,61,61,61,61,61,61,61,54,52,52,38,22,43,35,72,53,92,103,114,121,121,123,126,128,130,130,130,130,130,130,133,133],"gold":500,"neow_bonus":"BOSS_RELIC","is_daily":false,"chose_seed":false,"campfire_upgraded":0,"win_rate":0.0,"timestamp":1608333226,"path_taken":["M","M","?","?","$","R","M","?","T","?","M","?","M","?","R","BOSS","M","$","?","?","?","E","M","R","T","M","E","$","E","?","R","BOSS","M","$","M","E","E","T","E","$","E","?","R_BF","BOSS","R","$","E","BOSS"],"items_purchased_type":["Relic","Relic","Relic","Card","Card","Relic","Relic","Relic","Card","Card","Relic","Relic","Relic","Relic","Relic","Relic","Relic","Relic","Relic","Relic","Relic","Relic","Relic","Relic","Relic","Relic","Relic","Relic","Relic","Relic","Relic","Relic","Relic","Relic","Relic","Relic","Relic","Relic","Relic","Relic","Relic","Relic","Relic","Relic","Relic","Relic","Relic","Relic","Relic","Relic","Relic","Relic","Relic","Relic","Relic","Relic","Relic","Relic","Relic","Relic","Relic","Relic","Relic","Relic","Relic","Relic","Relic","Relic","Relic","Relic","Relic","Relic","Relic","Relic","Relic","Relic","Relic","Relic","Relic","Relic","Relic","Relic","Relic","Relic","Relic","Relic","Relic","Relic","Relic","Relic","Relic","Relic","Relic","Relic","Relic","Relic","Relic","Relic","Relic","Relic","Relic","Relic","Relic","Relic","Relic","Relic","Relic","Relic","Relic","Relic","Relic","Relic","Relic","Relic","Relic","Relic","Relic","Relic","Relic","Relic","Relic","Relic","Relic","Relic","Relic","Relic","Relic","Relic","Relic","Relic","Relic","Relic","Relic","Relic","Relic","Relic","Relic","Relic","Relic","Relic","Relic","Undefined","Undefined","Card","Relic"],"build_version":"2020-12-13","purchased_purges":5,"victory":true,"max_hp_per_floor":[72,72,72,72,72,72,72,72,72,72,72,72,72,72,72,72,72,72,72,72,72,72,72,72,72,72,72,72,72,72,72,72,72,72,72,111,116,118,121,121,123,126,128,130,130,130,130,130,130,133,133],"card_choices":[{"not_picked":["Replay:Battleflow","BowlingBash"],"picked":"InnerPeace","floor":1.0},{"not_picked":["Halt","BowlingBash"],"picked":"WindmillStrike","floor":2.0},{"not_picked":["JustLucky","Replay:Hum"],"picked":"Wallop","floor":3.0},{"not_picked":["Halt","Omniscience"],"picked":"Protect","floor":3.0},{"not_picked":["EmptyBody","Halt"],"picked":"FearNoEvil","floor":7.0},{"not_picked":["FlurryOfBlows","EmptyFist"],"picked":"Adaptation","floor":11.0},{"not_picked":["BowlingBash","Replay:AtTheReady"],"picked":"CarveReality","floor":12.0},{"not_picked":["Prostrate","PathToVictory"],"picked":"CutThroughFate","floor":13.0},{"not_picked":["Collect","Sanctity"],"picked":"EmptyFist","floor":14.0},{"not_picked":["Blasphemy","ConjureBlade"],"picked":"LessonLearned","floor":16.0},{"not_picked":["Replay:Vibes","BowlingBash"],"picked":"Replay:DivineShield","floor":18.0},{"not_picked":["MentalFortress","CutThroughFate"],"picked":"TalkToTheHand+1","floor":23.0},{"not_picked":["Halt+1","DeceiveReality+1"],"picked":"FlurryOfBlows","floor":24.0},{"not_picked":["Replay:Battleflow+1","ThirdEye+1"],"picked":"MentalFortress","floor":27.0},{"not_picked":["FollowUp+1","EmptyBody+1"],"picked":"BattleHymn+1","floor":28.0},{"not_picked":["ClearTheMind+1","JustLucky"],"picked":"Halt+1","floor":30},{"not_picked":["Omniscience+1","Blasphemy+1"],"picked":"Alpha+1","floor":33},{"not_picked":["FearNoEvil","ClearTheMind+1","BowlingBash"],"picked":"SKIP","floor":35},{"not_picked":["FollowUp+1","Replay:DivineShield+1","Replay:BluntJabs+1","WitchOfGreed"],"picked":"Halt+1","floor":38},{"not_picked":["Weave+1","Adaptation+1","FearNoEvil+1","BowlingBash+1","BlazingStar"],"picked":"Singing Bowl","floor":38},{"not_picked":["Swivel+1","MentalFortress+1","Protect+1","Replay:BluntJabs+1","GalacticHalo"],"picked":"Singing Bowl","floor":40},{"not_picked":["FollowUp+1","CarveReality+1","BowlingBash+1","DC"],"picked":"Wish+1","floor":42},{"not_picked":["Blasphemy+1","BowlingBash+1","Tantrum+1","CutThroughFate+1","MeteoricShower"],"picked":"Singing Bowl","floor":44},{"not_picked":["CutThroughFate+1","WreathOfFlame+1","Protect+1","Replay:BluntJabs+1","UnstableBomb"],"picked":"Singing Bowl","floor":46},{"not_picked":["expansioncontent:SlimeTackle+1","ReplayTheSpireMod:Brewmster+1","Transmutation+1","Survey Options+1"],"picked":"Singing Bowl","floor":47},{"not_picked":["EmptyBody+1","PathToVictory+1","FlyingSleeves+1","UnstableBomb"],"picked":"DevaForm+1","floor":54}],"player_experience":463589,"relics_obtained":[{"floor":3.0,"key":"Damaru"},{"floor":9.0,"key":"The Courier"},{"floor":22.0,"key":"Ring of Hypnosis"},{"floor":23.0,"key":"PreservedInsect"},{"floor":28.0,"key":"Blue Doll"},{"floor":30,"key":"Akabeko"},{"floor":31,"key":"Nilry\u0027s Codex"},{"floor":40,"key":"Circlet"},{"floor":42,"key":"Circlet"},{"floor":43,"key":"Circlet"},{"floor":43,"key":"Circlet"},{"floor":44,"key":"Circlet"},{"floor":46,"key":"Circlet"}],"event_choices":[{"damage_healed":0.0,"max_hp_gain":0.0,"max_hp_loss":0.0,"gold_gain":0.0,"event_name":"Shining Light","player_choice":"Entered Light","floor":4.0,"gold_loss":0.0,"damage_taken":14.0,"cards_upgraded":["Strike_P","WindmillStrike"]},{"damage_healed":0.0,"max_hp_gain":0.0,"max_hp_loss":0.0,"gold_gain":0.0,"event_name":"Liars Game","player_choice":"Ignored","floor":8.0,"gold_loss":0.0,"damage_taken":0.0},{"damage_healed":0.0,"max_hp_gain":0.0,"max_hp_loss":0.0,"gold_gain":0.0,"event_name":"Drug Dealer","player_choice":"Inject Mutagens","floor":20.0,"gold_loss":0.0,"damage_taken":0.0,"relics_obtained":["MutagenicStrength"]},{"cards_removed":["Strike_P"],"damage_healed":0.0,"max_hp_gain":0.0,"max_hp_loss":0.0,"gold_gain":0.0,"event_name":"Beggar","player_choice":"Gave Gold","floor":21.0,"gold_loss":75.0,"damage_taken":0.0},{"damage_healed":0,"gold_gain":0,"player_choice":"Obtained Book","damage_taken":16,"max_hp_gain":0,"max_hp_loss":0,"event_name":"Cursed Tome","floor":31,"gold_loss":0},{"damage_healed":0,"gold_gain":0,"player_choice":"Memory 1","damage_taken":0,"max_hp_gain":0,"max_hp_loss":0,"event_name":"SensoryStone","floor":47,"gold_loss":0}],"is_beta":false,"boss_relics":[{"not_picked":["hubris:Stopwatch","Runic Pyramid"],"picked":"Empty Cage"},{"not_picked":["ReplayTheSpireMod:DimensionalGlitch","SacredBark"],"picked":"ChewingGum"}],"items_purged_floors":[5,19,36,45,53],"is_endless":false,"potions_floor_spawned":[1,11,13,23,24,27,30,38,40,42,44,46,54],"ascension_level":4}}