{"host":"hn9kwncajibu2nw8","time":1608279275,"event":{"mods":["AchievementEnabler","BaseMod","Block Reminder","Colored Powertips","DeckTracker","Highlight Path","KOR Keyword Fix","Minty Spire (QoL Compilation)","Quick Restart","Rare Cards Sparkle"],"gold_per_floor":[110,120,137,12,31,31,63,63,63,63,80,97,97,108,108,233,283,265,277,202,222,222,222],"floor_reached":22,"playtime":1237,"items_purged":[],"score":266,"play_id":"f3de8033-ae13-40dd-959f-2ae648740b8b","local_time":"20201218171435","is_ascension_mode":true,"campfire_choices":[{"data":"Transmutation","floor":6,"key":"SMITH"},{"data":"True Grit","floor":15,"key":"SMITH"}],"circlet_count":0,"master_deck":["Strike_R","Strike_R+1","Strike_R","Defend_R","Defend_R","Defend_R","Defend_R","Bash","Transmutation+1","Cleave","Feel No Pain","Feed","Brutality","Brutality","True Grit+1","Battle Trance","Spot Weakness","Offering","Flame Barrier","Armaments+1"],"relics":["Burning Blood","Oddly Smooth Stone","StrikeDummy","Tiny House"],"acts_visited":["Exordium","TheCity"],"potions_floor_usage":[5,7,16,19,21],"damage_taken":[{"damage":7,"enemies":"Small Slimes","floor":1,"turns":5},{"damage":2,"enemies":"Jaw Worm","floor":2,"turns":4},{"damage":7,"enemies":"2 Louse","floor":3,"turns":4},{"damage":6,"enemies":"Lots of Slimes","floor":5,"turns":1},{"damage":32,"enemies":"3 Sentries","floor":7,"turns":8},{"damage":13,"enemies":"Blue Slaver","floor":11,"turns":2},{"damage":16,"enemies":"3 Louse","floor":12,"turns":4},{"damage":17,"enemies":"Large Slime","floor":14,"turns":9},{"damage":24,"enemies":"Slime Boss","floor":16,"turns":9},{"damage":26,"enemies":"2 Thieves","floor":18,"turns":4},{"damage":21,"enemies":"Spheric Guardian","floor":19,"turns":6},{"damage":27,"enemies":"Snecko","floor":21,"turns":7}],"seed_played":"6305515705791229004","potions_obtained":[{"floor":2,"key":"Swift Potion"},{"floor":5,"key":"Swift Potion"},{"floor":11,"key":"SteroidPotion"},{"floor":14,"key":"AttackPotion"},{"floor":17,"key":"ElixirPotion"},{"floor":19,"key":"Weak Potion"},{"floor":21,"key":"SpeedPotion"}],"is_trial":false,"path_per_floor":["M","M","M","$","M","R","E","?","T","?","M","M","?","M","R","B",null,"M","M","?","M","$"],"character_chosen":"IRONCLAD","items_purchased":["Feed","Fire Potion"],"campfire_rested":0,"item_purchase_floors":[4,4],"current_hp_per_floor":[71,72,71,71,71,71,48,48,48,48,44,37,37,29,29,11,71,51,36,36,15,15,15],"gold":222,"neow_bonus":"RANDOM_COLORLESS_2","is_daily":false,"chose_seed":false,"campfire_upgraded":2,"win_rate":0.0,"timestamp":1608279275,"path_taken":["M","M","M","$","M","R","E","?","T","?","M","M","?","M","R","BOSS","M","?","?","M","$"],"items_purchased_type":["Card","Potion"],"build_version":"2020-12-13","purchased_purges":0,"victory":false,"max_hp_per_floor":[72,72,72,72,72,72,75,75,75,75,78,81,81,84,84,84,89,89,89,89,89,89,89],"card_choices":[{"not_picked":["Magnetism","Metamorphosis"],"picked":"Transmutation","floor":0},{"not_picked":["Thunderclap","Twin Strike"],"picked":"Cleave","floor":1},{"not_picked":["Fire Breathing","Armaments"],"picked":"Feel No Pain","floor":2},{"not_picked":["Thunderclap","True Grit","Headbutt"],"picked":"SKIP","floor":3},{"not_picked":["Infernal Blade","Perfected Strike"],"picked":"Brutality","floor":5},{"not_picked":["Spot Weakness","Entrench"],"picked":"Brutality","floor":7},{"not_picked":["Dropkick","Searing Blow","Blood for Blood"],"picked":"SKIP","floor":11},{"not_picked":["Infernal Blade","Heavy Blade"],"picked":"Battle Trance","floor":12},{"not_picked":["Cleave","True Grit"],"picked":"Spot Weakness","floor":14},{"not_picked":["Immolate","Berserk"],"picked":"Offering","floor":16},{"not_picked":["Rage","Shrug It Off"],"picked":"Flame Barrier","floor":17},{"not_picked":["Rampage","Wild Strike+1"],"picked":"Armaments+1","floor":18},{"not_picked":["Blood for Blood+1","Sword Boomerang","Anger"],"picked":"SKIP","floor":19},{"not_picked":["Anger+1","Body Slam","Flex"],"picked":"SKIP","floor":21}],"player_experience":470142,"relics_obtained":[{"floor":7,"key":"Oddly Smooth Stone"},{"floor":9,"key":"StrikeDummy"}],"event_choices":[{"damage_healed":0,"gold_gain":0,"cards_transformed":["Strike_R"],"player_choice":"Change","damage_taken":0,"max_hp_gain":0,"max_hp_loss":0,"event_name":"Living Wall","floor":8,"gold_loss":0,"cards_obtained":["True Grit"]},{"damage_healed":0,"gold_gain":0,"player_choice":"Ignored","damage_taken":0,"max_hp_gain":0,"max_hp_loss":0,"event_name":"Liars Game","floor":10,"gold_loss":0},{"damage_healed":0,"gold_gain":0,"player_choice":"0 cards matched","damage_taken":0,"max_hp_gain":0,"max_hp_loss":0,"event_name":"Match and Keep!","floor":13,"gold_loss":0,"cards_obtained":[]},{"cards_removed":["Strike_R"],"damage_healed":0,"gold_gain":0,"player_choice":"Gave Gold","damage_taken":0,"max_hp_gain":0,"max_hp_loss":0,"event_name":"Beggar","floor":20,"gold_loss":75}],"is_beta":false,"boss_relics":[{"not_picked":["Calling Bell","Ectoplasm"],"picked":"Tiny House"}],"items_purged_floors":[],"is_endless":false,"potions_floor_spawned":[2,5,11,14,19,21],"ascension_level":8}}