{"host":"3srbdas3e7jgqz5l","time":1608265081,"event":{"mods":["BaseMod","Downfall","Minty Spire (QoL Compilation)","StSLib"],"gold_per_floor":[112,129,146,146,22,101,117,117,117,141,177,177,210,290,290,414,414,428,417,116,135,154,185,185,185,212,246,39,39,39,39,39,170,170,186,201,1,21,84,84,122,122,148,148,481,36,66,95,107,119,131,143,25,57,57],"floor_reached":56,"playtime":3696,"items_purged":["Strike_B","Decay","Streamline+1","Streamline+1"],"score":1301,"play_id":"4b39e5a8-cdd3-4466-8957-f93f748749d6","local_time":"20201218041801","is_ascension_mode":false,"campfire_choices":[{"data":"Zap","floor":12.0,"key":"SMITH"},{"data":"Hologram","floor":15.0,"key":"SMITH"},{"floor":25.0,"key":"REST"},{"floor":32.0,"key":"REST"},{"floor":40.0,"key":"RECALL"},{"floor":42.0,"key":"REST"},{"floor":49.0,"key":"REST"},{"floor":52.0,"key":"REST"}],"circlet_count":0,"master_deck":["Defend_B","Defend_B","Zap+1","Dualcast","Loop","Doom and Gloom","Steam","Capacitor","Leap","Compile Driver","Sunder","Hologram+1","Self Repair","Creative AI","Ball Lightning","Cold Snap","Consume","Coolheaded","Undo","Beam Cell+1","Biased Cognition","Buffer","Core Surge","Sunder+1","Glacier+1","Coolheaded+1","Turbo+1","Loop+1","Barrage+1","Reboot","Defragment","Double Energy+1"],"relics":["Cracked Core","Shuriken","Cables","Ice Cream","Bronze Scales","Fusion Hammer","ClockworkSouvenir","Kunai","Smiling Mask","InkBottle","Anchor","Astrolabe","Bag of Preparation","Du-Vu Doll","Oddly Smooth Stone","HornCleat","Lantern","MawBank","Unceasing Top"],"acts_visited":["Exordium","TheCity","TheBeyond","TheEnding"],"potions_floor_usage":[55,55,55],"damage_taken":[{"damage":5.0,"enemies":"Small Slimes","floor":1.0,"turns":4.0},{"damage":0.0,"enemies":"Cultist","floor":2.0,"turns":3.0},{"damage":2.0,"enemies":"2 Louse","floor":3.0,"turns":2.0},{"damage":15.0,"enemies":"Exordium Wildlife","floor":7.0,"turns":5.0},{"damage":8.0,"enemies":"2 Fungi Beasts","floor":10.0,"turns":3.0},{"damage":9.0,"enemies":"Lagavulin","floor":11.0,"turns":6.0},{"damage":7.0,"enemies":"3 Sentries","floor":13.0,"turns":6.0},{"damage":6.0,"enemies":"The Guardian","floor":16.0,"turns":8.0},{"damage":4.0,"enemies":"Chosen","floor":18.0,"turns":4.0},{"damage":14.0,"enemies":"2 Thieves","floor":19.0,"turns":4.0},{"damage":13.0,"enemies":"Cultist and Chosen","floor":21.0,"turns":5.0},{"damage":22.0,"enemies":"Chosen and Byrds","floor":22.0,"turns":6.0},{"damage":15.0,"enemies":"Gremlin Leader","floor":23.0,"turns":9.0},{"damage":20.0,"enemies":"Book of Stabbing","floor":27.0,"turns":6.0},{"damage":28.0,"enemies":"Collector","floor":33.0,"turns":8.0},{"damage":0.0,"enemies":"Orb Walker","floor":35.0,"turns":3.0},{"damage":39.0,"enemies":"3 Darklings","floor":36.0,"turns":5.0},{"damage":2.0,"enemies":"Sphere and 2 Shapes","floor":38.0,"turns":6.0},{"damage":0.0,"enemies":"Mind Bloom Boss Battle","floor":39.0,"turns":6.0},{"damage":0.0,"enemies":"Giant Head","floor":41.0,"turns":11.0},{"damage":0.0,"enemies":"Reptomancer","floor":47.0,"turns":4.0},{"damage":0.0,"enemies":"Maw","floor":48.0,"turns":6.0},{"damage":0.0,"enemies":"Awakened One","floor":50.0,"turns":11.0},{"damage":1.0,"enemies":"Shield and Spear","floor":54.0,"turns":8.0},{"damage":11,"enemies":"The Heart","floor":55,"turns":12}],"seed_played":"5445017554575609172","potions_obtained":[{"floor":0.0,"key":"GamblersBrew"},{"floor":0.0,"key":"FairyPotion"},{"floor":0.0,"key":"hexamod:EctoCoolerPotion"},{"floor":2.0,"key":"PotionOfCapacity"},{"floor":7.0,"key":"BlessingOfTheForge"},{"floor":22.0,"key":"Swift Potion"},{"floor":27.0,"key":"Fire Potion"},{"floor":33.0,"key":"Energy Potion"},{"floor":36.0,"key":"EssenceOfSteel"},{"floor":38.0,"key":"LiquidBronze"},{"floor":47.0,"key":"ColorlessPotion"}],"is_trial":false,"path_per_floor":["M","M","M","?","$","T","M","?","T","M","E","R","E","?","R","B",null,"M","M","$","M","M","E","?","R","T","E","$","?","?","?","R","B",null,"M","M","$","M","?","R","E","R","T","?","?","$","E","M","R","B",null,"R","$","E","B",null],"character_chosen":"DEFECT","items_purchased":["Capacitor","Leap","ClockworkSouvenir","Consume","Anchor","Bag of Preparation","HornCleat","Lantern","Defragment","FocusPotion"],"campfire_rested":5,"item_purchase_floors":[5,5,20,20,28,37,46,46,53,53],"current_hp_per_floor":[70,70,68,68,68,68,53,53,53,45,36,36,29,29,29,30,69,69,62,62,56,41,33,33,53,53,40,40,40,40,40,60,39,69,69,37,37,42,42,42,49,69,69,66,66,66,66,66,66,66,66,66,66,66,55],"gold":57,"neow_bonus":"THREE_SMALL_POTIONS","is_daily":false,"chose_seed":false,"campfire_upgraded":2,"win_rate":0.0,"timestamp":1608265081,"path_taken":["M","M","M","?","$","?","?","?","T","M","E","R","E","?","R","BOSS","M","M","$","M","M","E","?","R","T","E","$","?","?","?","R","BOSS","M","M","$","M","?","R","E","R","T","?","?","?","E","M","R","BOSS","R","$","E","BOSS"],"items_purchased_type":["Card","Card","Relic","Card","Relic","Relic","Relic","Relic","Card","Potion"],"build_version":"2020-12-13","purchased_purges":4,"victory":true,"max_hp_per_floor":[75,75,75,75,75,75,75,69,69,69,69,69,69,69,69,69,69,69,69,69,69,69,69,69,69,69,69,69,69,69,69,69,69,69,69,69,69,69,69,69,69,69,69,66,66,66,66,66,66,66,66,66,66,66,66],"card_choices":[{"not_picked":["Compile Driver","Coolheaded"],"picked":"Loop","floor":1.0},{"not_picked":["Static Discharge","BootSequence"],"picked":"Doom and Gloom","floor":2.0},{"not_picked":["Go for the Eyes","Doom and Gloom"],"picked":"Steam","floor":3.0},{"not_picked":["Rebound","Heatsinks"],"picked":"Compile Driver","floor":7.0},{"not_picked":["Steam","Barrage"],"picked":"Sunder","floor":10.0},{"not_picked":["Fusion","Compile Driver"],"picked":"Hologram","floor":11.0},{"not_picked":["Static Discharge","Cold Snap"],"picked":"Self Repair","floor":13.0},{"not_picked":["Reboot","Amplify"],"picked":"Creative AI","floor":16.0},{"not_picked":["Leap+1","Gash+1"],"picked":"Ball Lightning","floor":18.0},{"not_picked":["Hologram","Rip and Tear"],"picked":"Cold Snap","floor":19.0},{"not_picked":["Leap","Barrage"],"picked":"Coolheaded","floor":21.0},{"not_picked":["Consume","Hologram","Amplify"],"picked":"SKIP","floor":22.0},{"not_picked":["Leap","Rebound"],"picked":"Undo","floor":23.0},{"not_picked":["Rebound","Leap"],"picked":"Beam Cell+1","floor":27.0},{"not_picked":["Reboot","Rainbow"],"picked":"Core Surge","floor":33.0},{"not_picked":["Aggregate+1","Go for the Eyes+1"],"picked":"Glacier+1","floor":35.0},{"not_picked":["Leap","Hologram"],"picked":"Coolheaded+1","floor":36.0},{"not_picked":["Rebound","Streamline+1"],"picked":"Turbo+1","floor":38.0},{"not_picked":["Conserve Battery","Fusion+1"],"picked":"Loop+1","floor":39.0},{"not_picked":["Redo","Chaos"],"picked":"Barrage+1","floor":41.0},{"not_picked":["Heatsinks","Tempest+1"],"picked":"Reboot","floor":47.0},{"not_picked":["Hologram","Gash","Barrage+1"],"picked":"SKIP","floor":48.0},{"not_picked":["Barrage","Leap"],"picked":"Double Energy+1","floor":54.0}],"player_experience":423550,"relics_obtained":[{"floor":6.0,"key":"Shuriken"},{"floor":9.0,"key":"Cables"},{"floor":11.0,"key":"Ice Cream"},{"floor":13.0,"key":"Bronze Scales"},{"floor":23.0,"key":"Kunai"},{"floor":26.0,"key":"Smiling Mask"},{"floor":27.0,"key":"InkBottle"},{"floor":39.0,"key":"Du-Vu Doll"},{"floor":41.0,"key":"Oddly Smooth Stone"},{"floor":47.0,"key":"MawBank"},{"floor":54.0,"key":"Unceasing Top"}],"event_choices":[{"damage_healed":0.0,"max_hp_gain":0.0,"max_hp_loss":0.0,"gold_gain":0.0,"event_name":"The Woman in Blue","player_choice":"Bought 0 Potions","floor":4.0,"gold_loss":0.0,"damage_taken":0.0},{"damage_healed":0.0,"max_hp_gain":0.0,"max_hp_loss":6.0,"gold_gain":0.0,"event_name":"Golden Idol","player_choice":"Lose Max HP","floor":8.0,"gold_loss":0.0,"damage_taken":0.0,"relics_obtained":["Golden Idol"]},{"damage_healed":0.0,"max_hp_gain":0.0,"max_hp_loss":0.0,"gold_gain":80.0,"event_name":"Golden Wing","player_choice":"Gained Gold","floor":14.0,"gold_loss":0.0,"damage_taken":0.0},{"damage_healed":0.0,"max_hp_gain":0.0,"max_hp_loss":0.0,"gold_gain":0.0,"event_name":"Wheel of Change","player_choice":"Cursed","floor":24.0,"gold_loss":0.0,"damage_taken":0.0,"cards_obtained":["Decay"]},{"damage_healed":0.0,"max_hp_gain":0.0,"max_hp_loss":0.0,"gold_gain":0.0,"event_name":"Ghosts","player_choice":"Ignored","floor":29.0,"gold_loss":0.0,"damage_taken":0.0},{"damage_healed":0.0,"max_hp_gain":0.0,"max_hp_loss":0.0,"gold_gain":0.0,"event_name":"Vampires","player_choice":"Ignored","floor":30.0,"gold_loss":0.0,"damage_taken":0.0},{"damage_healed":0.0,"max_hp_gain":0.0,"max_hp_loss":0.0,"gold_gain":0.0,"cards_transformed":["Strike_B","Strike_B"],"event_name":"Drug Dealer","player_choice":"Became Test Subject","floor":31.0,"gold_loss":0.0,"damage_taken":0.0,"cards_obtained":["Biased Cognition","Buffer"]},{"damage_healed":0.0,"max_hp_gain":0.0,"max_hp_loss":0.0,"gold_gain":0.0,"event_name":"MindBloom","player_choice":"Fight","floor":39.0,"gold_loss":0.0,"damage_taken":0.0},{"damage_healed":0.0,"max_hp_gain":0.0,"max_hp_loss":3.0,"gold_gain":0.0,"event_name":"Winding Halls","player_choice":"Max HP","floor":44.0,"gold_loss":0.0,"damage_taken":0.0},{"damage_healed":0.0,"max_hp_gain":0.0,"max_hp_loss":0.0,"gold_gain":333.0,"event_name":"The Moai Head","player_choice":"Gave Idol","floor":45.0,"relics_lost":["Golden Idol"],"gold_loss":0.0,"damage_taken":0.0}],"is_beta":false,"boss_relics":[{"not_picked":["Runic Pyramid","Empty Cage"],"picked":"Fusion Hammer"},{"not_picked":["FrozenCore","Philosopher\u0027s Stone"],"picked":"Astrolabe"}],"items_purged_floors":[20,28,37,46],"is_endless":false,"potions_floor_spawned":[2,7,10,22,27,33,36,38,47],"ascension_level":0}}