{"host":"fecqo9dle3r7xt66","time":1608269140,"event":{"mods":["BaseMod","Downfall","Minty Spire (QoL Compilation)","Replay The Spire","Shop Mod","StSLib","Youmu£®ªÍ∆«—˝√Œ£©","[IsaacMod]“‘»ˆº‚À˛"],"gold_per_floor":[113,163,13,13,20,20,20,73,73,73,92,92,92,180,180,208,208],"floor_reached":16,"playtime":605,"items_purged":[],"score":94,"play_id":"4b720809-6ac9-4631-91d5-16b7072d67e7","local_time":"20201218132540","daily_mods":["Vintage","Heirloom","Flight","downfall:Jewelcrafting"],"is_ascension_mode":false,"campfire_choices":[{"floor":6,"key":"DIG"},{"floor":10,"key":"DIG"},{"floor":13,"key":"DIG"}],"circlet_count":0,"master_deck":["Strike_YM","Strike_YM","Strike_YM","Strike_YM+1","Defend_YM","Defend_YM+1","Defend_YM","SlashOfPresentWorld","WheelOfPainOfLivingAndDead","Guardian:ExploitGems","Guardian:ExploitGems","CrescentMoonSlash","Guardian:Gem_White","Demonic Infusion","SanzenSekai","Guardian:Gem_White","Guardian:Gem_Orange"],"relics":["HalfPhantom","Guardian:PickAxe","HushsDoor","Shovel","SatanicBible","Vajra","Eternal Feather","SalivaCoin","Boot","PrismaticShard","Oddly Smooth Stone","ReplayTheSpireMod:TigerMarble","Singing Bowl","Prayer Wheel","Juzu Bracelet","HowToJump","Nunchaku"],"acts_visited":["Exordium"],"potions_floor_usage":[16,16],"damage_taken":[{"damage":7,"enemies":"2 Louse","floor":1,"turns":2},{"damage":0,"enemies":"Hiden Room Battle","floor":2,"turns":1},{"damage":27,"enemies":"Lagavulin","floor":8,"turns":8},{"damage":0,"enemies":"Cultist","floor":11,"turns":2},{"damage":19,"enemies":"The Guardian","floor":16,"turns":3}],"seed_played":"-3646319543163221719","potions_obtained":[{"floor":1,"key":"Explosive Potion"},{"floor":8,"key":"PhantomPosion"},{"floor":14,"key":"Block Potion"}],"is_trial":true,"path_per_floor":["M","?","$","?","?","R","R","E","T","R","M","?","R","?","R","B"],"character_chosen":"YOUMU","items_purchased":["Boot"],"campfire_rested":0,"item_purchase_floors":[3],"current_hp_per_floor":[68,53,53,53,38,44,50,23,23,32,32,32,38,8,17,0,0],"gold":208,"neow_bonus":"","is_daily":false,"chose_seed":false,"campfire_upgraded":0,"win_rate":0.0,"timestamp":1608269140,"path_taken":["M","?","?","?","?","R","R","E","T","R","?","?","R","?","R","BOSS"],"items_purchased_type":["Relic"],"build_version":"2020-12-13","purchased_purges":0,"victory":false,"max_hp_per_floor":[75,75,75,75,75,75,75,75,75,75,75,75,75,75,75,75,75],"card_choices":[{"not_picked":[],"picked":"ChaosCard","floor":0},{"not_picked":["SanzenSekai","SwordOfBindingDesires"],"picked":"CrescentMoonSlash","floor":2},{"not_picked":["Chaos","champ:BladeFlurry"],"picked":"Demonic Infusion","floor":8},{"not_picked":["BasicCrystalCard","champ:Circumvent"],"picked":"SanzenSekai","floor":14}],"player_experience":12532,"relics_obtained":[{"floor":1,"key":"Vajra"},{"floor":2,"key":"Eternal Feather"},{"floor":2,"key":"SalivaCoin"},{"floor":6,"key":"Oddly Smooth Stone"},{"floor":8,"key":"ReplayTheSpireMod:TigerMarble"},{"floor":9,"key":"Singing Bowl"},{"floor":10,"key":"Prayer Wheel"},{"floor":11,"key":"Juzu Bracelet"},{"floor":13,"key":"HowToJump"},{"floor":14,"key":"Nunchaku"}],"event_choices":[{"damage_healed":0,"gold_gain":0,"player_choice":"Fight","damage_taken":0,"max_hp_gain":0,"max_hp_loss":0,"event_name":"HidenRoomEvent","floor":2,"gold_loss":0},{"damage_healed":0,"gold_gain":0,"player_choice":"Entered Light","damage_taken":15,"max_hp_gain":0,"max_hp_loss":0,"event_name":"Shining Light","floor":5,"gold_loss":0,"cards_upgraded":["Defend_YM","Strike_YM"]},{"cards_removed":["Defend_YM"],"damage_healed":0,"gold_gain":0,"player_choice":"Forget","damage_taken":0,"max_hp_gain":0,"max_hp_loss":0,"event_name":"Living Wall","floor":12,"gold_loss":0}],"is_beta":false,"boss_relics":[],"items_purged_floors":[],"is_endless":false,"potions_floor_spawned":[1,8],"killed_by":"The Guardian","ascension_level":0}}