{"host":"3xls0xm49ftugio7","time":1608314048,"event":{"mods":["2.2 Compatiblity","AchievementEnabler","Act Like it!","BaseMod","Colored Powertips","Downfall","GifTheSpireLib","Minty Spire (QoL Compilation)","Quick Restart","Relic Stats","StSLib"],"gold_per_floor":[99,99,115,115,29,29,29,54,54,39,84,98,9,0,11,107,107,32,45,59,59,59],"floor_reached":21,"playtime":909,"items_purged":[],"score":226,"play_id":"e5363f44-aeeb-4aef-ac81-4c095936114e","local_time":"20201218195408","is_ascension_mode":true,"campfire_choices":[{"data":"sneckomod:SnekBite","floor":1,"key":"SMITH"},{"data":"sneckomod:UnknownClassRED","floor":4,"key":"SMITH"},{"data":"sneckomod:UnknownUncommonPower","floor":6,"key":"SMITH"},{"data":"sneckomod:UnknownRarePower","floor":9,"key":"SMITH"},{"data":"sneckomod:SerpentMind","floor":18,"key":"SMITH"}],"circlet_count":0,"master_deck":["sneckomod:Strike","sneckomod:Strike","sneckomod:Strike","sneckomod:Defend","sneckomod:Defend","sneckomod:Defend","sneckomod:TailWhip","sneckomod:SnekBite+1","sneckomod:Unknown","sneckomod:Unknown","sneckomod:UnknownClassRED+1","sneckomod:UnknownClassGUARDIAN","sneckomod:UnknownUncommonPower+1","sneckomod:UnknownRarePower+1","sneckomod:UnknownClassGREEN","sneckomod:Unknown0Cost","sneckomod:UnknownClassPURPLE","sneckomod:DangerNoodle","sneckomod:UnknownClassGUARDIAN","sneckomod:SnakeSap","sneckomod:SerpentMind+1","sneckomod:SoulCleanse+1","sneckomod:SnakeSap"],"relics":["sneckomod:SneckoSoul","White Beast Statue","Dream Catcher","SlaversCollar","downfall:HeartBlessingBlue"],"acts_visited":["Exordium","TheCity"],"potions_floor_usage":[8,13,16,19,21],"damage_taken":[{"damage":2,"enemies":"Jaw Worm","floor":3,"turns":2},{"damage":0,"enemies":"downfall:FleeingMerchant","floor":5,"turns":4},{"damage":27,"enemies":"3 Sentries","floor":8,"turns":7},{"damage":5,"enemies":"downfall:FleeingMerchant","floor":10,"turns":4},{"damage":1,"enemies":"Cultist","floor":12,"turns":3},{"damage":2,"enemies":"downfall:FleeingMerchant","floor":13,"turns":4},{"damage":1,"enemies":"downfall:FleeingMerchant","floor":14,"turns":4},{"damage":0,"enemies":"Small Slimes","floor":15,"turns":2},{"damage":63,"enemies":"downfall:Defect","floor":16,"turns":7},{"damage":45,"enemies":"Spheric Guardian","floor":19,"turns":6},{"damage":12,"enemies":"Chosen","floor":20,"turns":4},{"damage":59,"enemies":"Shelled Parasite and Fungi","floor":21,"turns":7}],"seed_played":"6186338176855867734","potions_obtained":[{"floor":0,"key":"CultistPotion"},{"floor":0,"key":"Strength Potion"},{"floor":0,"key":"AttackPotion"},{"floor":8,"key":"hexamod:EctoCoolerPotion"},{"floor":12,"key":"sneckomod:OffclassReductionPotion"},{"floor":13,"key":"FairyPotion"},{"floor":16,"key":"Block Potion"},{"floor":19,"key":"Strength Potion"},{"floor":20,"key":"Ancient Potion"}],"is_trial":false,"path_per_floor":["R","?","M","R","$","R","T","E","R","$","T","M","$","$","M","B",null,"R","M","M","M"],"character_chosen":"THE_SNECKO","items_purchased":["sneckomod:UnknownUncommonPower","sneckomod:DangerNoodle"],"campfire_rested":0,"item_purchase_floors":[5,13],"current_hp_per_floor":[90,90,89,89,93,93,93,67,67,63,63,63,62,62,62,29,98,108,63,51,0,0],"gold":59,"neow_bonus":"THREE_SMALL_POTIONS","is_daily":false,"chose_seed":false,"campfire_upgraded":5,"win_rate":0.0,"timestamp":1608314048,"path_taken":["R","?","M","R","$","R","T","E","R","$","?","?","?","$","M","BOSS","R","M","M","?"],"items_purchased_type":["Card","Card"],"build_version":"2020-12-13","purchased_purges":0,"victory":false,"max_hp_per_floor":[90,90,91,91,93,93,93,94,94,95,95,96,97,98,98,98,98,108,108,108,108,108],"relic_stats":{"Dream Catcher":0,"counters":[12,54],"obtain_stats":[{"SlaversCollar":17,"Dream Catcher":8,"downfall:HeartBlessingBlue":18,"sneckomod:SneckoSoul":0,"White Beast Statue":7},{"SlaversCollar":9,"Dream Catcher":3,"downfall:HeartBlessingBlue":9,"sneckomod:SneckoSoul":0,"White Beast Statue":2},{"SlaversCollar":37,"Dream Catcher":13,"downfall:HeartBlessingBlue":37,"sneckomod:SneckoSoul":0,"White Beast Statue":6}]},"card_choices":[{"not_picked":["sneckomod:Nope","sneckomod:ImprovisedGuard"],"picked":"sneckomod:UnknownClassRED","floor":3},{"not_picked":["sneckomod:SoulRoll","sneckomod:TrashToTreasure"],"picked":"sneckomod:UnknownClassGUARDIAN","floor":5},{"not_picked":["sneckomod:SnekBeam","sneckomod:DangerNoodle"],"picked":"sneckomod:UnknownRarePower","floor":8},{"not_picked":["sneckomod:DiceBlock","sneckomod:Rotation"],"picked":"sneckomod:UnknownClassGREEN","floor":10},{"not_picked":["sneckomod:DefensiveFlair","sneckomod:UnknownWeak"],"picked":"sneckomod:Unknown0Cost","floor":12},{"not_picked":["sneckomod:UnknownStrike","sneckomod:QuickMove"],"picked":"sneckomod:UnknownClassPURPLE","floor":13},{"not_picked":["sneckomod:QuickBite","sneckomod:SoulDraw"],"picked":"sneckomod:UnknownClassGUARDIAN","floor":14},{"not_picked":["sneckomod:QuickMove","sneckomod:SoulRoll"],"picked":"sneckomod:SnakeSap","floor":15},{"not_picked":["sneckomod:Mudshield","sneckomod:Restock"],"picked":"sneckomod:SerpentMind","floor":16},{"not_picked":["sneckomod:Nope","sneckomod:RainOfDice+1"],"picked":"sneckomod:SoulCleanse+1","floor":19},{"not_picked":["sneckomod:SoulRoll","sneckomod:Unknown1Cost"],"picked":"sneckomod:SnakeSap","floor":20}],"player_experience":825541,"relics_obtained":[{"floor":7,"key":"White Beast Statue"},{"floor":8,"key":"Dream Catcher"}],"event_choices":[{"damage_healed":0,"gold_gain":0,"player_choice":"Got Potions","damage_taken":0,"max_hp_gain":0,"max_hp_loss":0,"event_name":"Lab","floor":2,"gold_loss":0}],"is_beta":false,"boss_relics":[{"not_picked":["Ectoplasm","Busted Crown"],"picked":"SlaversCollar"}],"items_purged_floors":[],"is_endless":false,"potions_floor_spawned":[8,10,12,13,14,15,16,19,20],"killed_by":"Shelled Parasite and Fungi","ascension_level":3}}