{"host":"jtxptf9isiqyc7jm","time":1608334526,"event":{"mods":["Act Like it!","BaseMod","Bestiary","BetterRewards","Colored Powertips","Custom Start","Downfall","Friendly Minions","Hermit","Hubris","Infinite Spire","Jorbs\u0027s Wanderer Trilogy","Kiyohime????","Koishi","Lobotomy","Marisa????????","Minty Spire (QoL Compilation)","Prisma Mod","Remilia??????","Replay The Spire","Shop Mod","StSLib","The Construct","The Cursed","The Disciple","The Hierophant","The Jungle","The Runesmith","The Senshi","The Servant 0.9.4"],"gold_per_floor":[117,117,117,132,153,191,214,214,214,314,332,332,357,380,380,508,508],"floor_reached":16,"playtime":857,"items_purged":[],"score":154,"play_id":"c97872f3-f82d-487c-ab1f-0140cdcae92c","local_time":"20201218233526","is_ascension_mode":false,"campfire_choices":[{"floor":12,"key":"REST"},{"floor":15,"key":"REST"}],"circlet_count":0,"master_deck":["stsjorbsmod:ForbiddenGrimoire+1","stsjorbsmod:Strike_Wanderer","stsjorbsmod:Strike_Wanderer","stsjorbsmod:Strike_Wanderer","stsjorbsmod:Strike_Wanderer","stsjorbsmod:Defend_Wanderer","stsjorbsmod:Defend_Wanderer","stsjorbsmod:Defend_Wanderer","stsjorbsmod:Defend_Wanderer","stsjorbsmod:FreshAdventure","stsjorbsmod:EyeOfTheStorm","stsjorbsmod:Prestidigitation","stsjorbsmod:Hibernate","stsjorbsmod:ChainLightning","stsjorbsmod:BookOfTongues","stsjorbsmod:DoubleCheck+1","stsjorbsmod:ScorchingRay+1","stsjorbsmod:Firebolt","stsjorbsmod:Prestidigitation"],"relics":["stsjorbsmod:GrimoireRelic","NeowsBlessing","Golden Idol","Toxic Egg 2","Letter Opener","Sundial"],"acts_visited":["Exordium"],"potions_floor_usage":[11],"damage_taken":[{"damage":0,"enemies":"2 Louse","floor":1,"turns":1},{"damage":0,"enemies":"Small Slimes","floor":4,"turns":1},{"damage":0,"enemies":"Cultist","floor":5,"turns":1},{"damage":24,"enemies":"Lagavulin","floor":6,"turns":10},{"damage":6,"enemies":"2 Fungi Beasts","floor":7,"turns":4},{"damage":6,"enemies":"Large Slime","floor":11,"turns":6},{"damage":18,"enemies":"Gremlin Gang","floor":13,"turns":3},{"damage":5,"enemies":"Red Slaver","floor":14,"turns":4},{"damage":22,"enemies":"Fading Forest","floor":16,"turns":10}],"seed_played":"-5964264398034590777","potions_obtained":[{"floor":1,"key":"stsjorbsmod:BurningPotion"},{"floor":3,"key":"Regen Potion"},{"floor":3,"key":"Energy Potion"},{"floor":13,"key":"Strength Potion"}],"is_trial":false,"path_per_floor":["M","?","?","M","M","E","M","?","T","?","M","R","M","M","R","B"],"character_chosen":"WANDERER","items_purchased":[],"campfire_rested":2,"item_purchase_floors":[],"current_hp_per_floor":[68,51,51,51,51,27,22,19,19,19,30,50,33,29,49,37,37],"gold":508,"neow_bonus":"THREE_ENEMY_KILL","is_daily":false,"chose_seed":false,"campfire_upgraded":0,"win_rate":0.0,"timestamp":1608334526,"path_taken":["M","?","?","M","?","E","M","?","T","?","M","R","M","M","R","BOSS"],"items_purchased_type":[],"build_version":"2020-12-13","purchased_purges":0,"victory":false,"max_hp_per_floor":[68,68,68,68,68,68,68,68,68,68,68,68,68,68,68,68,68],"card_choices":[{"not_picked":["stsjorbsmod:Mending","stsjorbsmod:ChatteringStrike"],"picked":"stsjorbsmod:Prestidigitation","floor":1},{"not_picked":["stsjorbsmod:Hurt","stsjorbsmod:ColorSpray"],"picked":"stsjorbsmod:Hibernate","floor":4},{"not_picked":["stsjorbsmod:BurningFlask","stsjorbsmod:Index"],"picked":"stsjorbsmod:ChainLightning","floor":5},{"not_picked":["stsjorbsmod:Introspection","stsjorbsmod:Mending+1"],"picked":"stsjorbsmod:BookOfTongues","floor":6},{"not_picked":["stsjorbsmod:Mindworm","stsjorbsmod:Materialize+1"],"picked":"stsjorbsmod:DoubleCheck+1","floor":7},{"not_picked":["stsjorbsmod:Channel+1","stsjorbsmod:ChatteringStrike"],"picked":"stsjorbsmod:ScorchingRay+1","floor":11},{"not_picked":["stsjorbsmod:ChainLightning","stsjorbsmod:Rest+1"],"picked":"stsjorbsmod:Firebolt","floor":13},{"not_picked":["stsjorbsmod:Prepare+1","stsjorbsmod:TrueStrike"],"picked":"stsjorbsmod:Prestidigitation","floor":14}],"player_experience":99559,"relics_obtained":[{"floor":6,"key":"Toxic Egg 2"},{"floor":9,"key":"Sundial"}],"event_choices":[{"damage_healed":0,"gold_gain":0,"player_choice":"Take Damage","damage_taken":17,"relics_obtained":["Golden Idol"],"max_hp_gain":0,"max_hp_loss":0,"event_name":"Golden Idol","floor":2,"gold_loss":0},{"damage_healed":0,"gold_gain":0,"player_choice":"Got Potions","damage_taken":0,"max_hp_gain":0,"max_hp_loss":0,"event_name":"Lab","floor":3,"gold_loss":0},{"damage_healed":0,"gold_gain":0,"player_choice":"Success","damage_taken":3,"relics_obtained":["Letter Opener"],"max_hp_gain":0,"max_hp_loss":0,"event_name":"Scrap Ooze","floor":8,"gold_loss":0},{"damage_healed":0,"gold_gain":100,"player_choice":"Pray","damage_taken":0,"max_hp_gain":0,"max_hp_loss":0,"event_name":"Golden Shrine","floor":10,"gold_loss":0}],"is_beta":false,"boss_relics":[],"items_purged_floors":[],"is_endless":false,"potions_floor_spawned":[1,5,6,13,16],"killed_by":"Fading Forest","ascension_level":0}}