{"host":"y76clbnovzmw9ubx","time":1608300232,"event":{"mods":["AchievementEnabler","BaseMod","Minty Spire (QoL Compilation)","Permanent Neow","Relic Stats"],"gold_per_floor":[111,131,142,154,154,154,154],"floor_reached":6,"playtime":494,"items_purged":[],"score":76,"play_id":"041bb4a7-66ca-40f7-9045-67c2c92697d8","local_time":"20201218090352","is_ascension_mode":true,"campfire_choices":[],"circlet_count":0,"master_deck":["AscendersBane","Strike_R","Strike_R","Strike_R","Strike_R","Strike_R","Defend_R","Defend_R","Defend_R","Defend_R","Bash","Cleave","True Grit","Second Wind+1","Wild Strike"],"relics":["Burning Blood"],"acts_visited":["Exordium"],"potions_floor_usage":[2,6],"damage_taken":[{"damage":7,"enemies":"Jaw Worm","floor":1,"turns":5},{"damage":0,"enemies":"Cultist","floor":2,"turns":4},{"damage":9,"enemies":"Small Slimes","floor":3,"turns":4},{"damage":19,"enemies":"Blue Slaver","floor":4,"turns":6},{"damage":64,"enemies":"Gremlin Nob","floor":6,"turns":4}],"seed_played":"-609413271149043210","potions_obtained":[{"floor":1,"key":"Block Potion"},{"floor":4,"key":"Explosive Potion"}],"is_trial":false,"path_per_floor":["M","M","M","M","?","E"],"character_chosen":"IRONCLAD","items_purchased":[],"campfire_rested":0,"item_purchase_floors":[],"current_hp_per_floor":[67,73,70,57,57,0,0],"gold":154,"neow_bonus":"THREE_CARDS","is_daily":false,"chose_seed":false,"campfire_upgraded":0,"win_rate":0.0,"timestamp":1608300232,"path_taken":["M","M","M","M","?","E"],"items_purchased_type":[],"build_version":"2020-12-13","purchased_purges":0,"victory":false,"max_hp_per_floor":[75,75,75,75,75,75,75],"relic_stats":{"counters":[5,23],"obtain_stats":[{"Burning Blood":0},{"Burning Blood":0},{"Burning Blood":0}],"Burning Blood":24},"card_choices":[{"not_picked":["Sword Boomerang","Warcry"],"picked":"Cleave","floor":0},{"not_picked":["Dark Embrace","Clash"],"picked":"True Grit","floor":1},{"not_picked":["Searing Blow","True Grit","Flex"],"picked":"SKIP","floor":2},{"not_picked":["Clothesline","Cleave"],"picked":"Second Wind","floor":3},{"not_picked":["Iron Wave","Perfected Strike"],"picked":"Wild Strike","floor":4}],"player_experience":2898476,"relics_obtained":[],"event_choices":[{"damage_healed":0,"gold_gain":0,"player_choice":"Upgraded","damage_taken":0,"max_hp_gain":0,"max_hp_loss":0,"event_name":"Upgrade Shrine","floor":5,"gold_loss":0,"cards_upgraded":["Second Wind"]}],"is_beta":false,"boss_relics":[],"items_purged_floors":[],"is_endless":false,"potions_floor_spawned":[1,4],"killed_by":"Gremlin Nob","ascension_level":20}}