{"host":"39tyozym5sxfdumj","time":1608294857,"event":{"mods":["AchievementEnabler","BaseMod","Colored Powertips","Minty Spire (QoL Compilation)"],"gold_per_floor":[113,128,128,149,149,180,180,221,221,221,22,57,57,122,122,246,246,262,277,277,293,293,293,313,313,340,340,360,391,391,406,406,508,508,526,540,340,354,365,365,396,396,396,396,427,477,495,34,34,34,34,34,34,62,62,62],"floor_reached":55,"playtime":5513,"items_purged":["Strike_R","Defend_R","Strike_R"],"score":911,"play_id":"fe5955ce-6fbd-4a77-8ebe-82bfeba1f718","local_time":"20201218133417","is_ascension_mode":true,"campfire_choices":[{"floor":7.0,"key":"REST"},{"data":"Demon Form","floor":10.0,"key":"SMITH"},{"data":"Armaments","floor":13.0,"key":"SMITH"},{"floor":15.0,"key":"REST"},{"floor":23.0,"key":"DIG"},{"floor":25.0,"key":"REST"},{"floor":30.0,"key":"DIG"},{"floor":32.0,"key":"REST"},{"floor":40.0,"key":"RECALL"},{"data":"Limit Break","floor":42.0,"key":"SMITH"},{"data":"Barricade","floor":44.0,"key":"SMITH"},{"floor":49.0,"key":"REST"},{"floor":52.0,"key":"DIG"}],"circlet_count":0,"master_deck":["Strike_R","Strike_R+1","Defend_R+1","Defend_R","Defend_R","Bash","Twin Strike","Combust","Evolve","Demon Form+1","Spot Weakness","Thunderclap","Metallicize","Armaments+1","Barricade+1","Dropkick","Rampage","Entrench","Demon Form+1","Blood for Blood+1","Metallicize","Limit Break+1","Flame Barrier","Iron Wave+1","Dual Wield+1"],"relics":["Black Blood","Bloody Idol","Self Forming Clay","Thread and Needle","Shovel","Centennial Puzzle","HornCleat","Velvet Choker","Happy Flower","Red Skull","Oddly Smooth Stone","Art of War","Smiling Mask","Bag of Marbles","Du-Vu Doll","Strawberry","Pantograph","Bottled Lightning","Toy Ornithopter"],"acts_visited":["TheBeyond","TheEnding"],"potions_floor_usage":[],"damage_taken":[{"damage":13.0,"enemies":"Jaw Worm","floor":1.0,"turns":4.0},{"damage":0.0,"enemies":"2 Louse","floor":2.0,"turns":2.0},{"damage":0.0,"enemies":"Small Slimes","floor":4.0,"turns":3.0},{"damage":27.0,"enemies":"3 Sentries","floor":6.0,"turns":6.0},{"damage":29.0,"enemies":"Lagavulin","floor":8.0,"turns":6.0},{"damage":23.0,"enemies":"Gremlin Nob","floor":12.0,"turns":4.0},{"damage":7.0,"enemies":"3 Sentries","floor":14.0,"turns":4.0},{"damage":28.0,"enemies":"Slime Boss","floor":16.0,"turns":10.0},{"damage":11.0,"enemies":"3 Byrds","floor":18.0,"turns":5.0},{"damage":7.0,"enemies":"2 Thieves","floor":19.0,"turns":4.0},{"damage":14.0,"enemies":"Cultist and Chosen","floor":21.0,"turns":5.0},{"damage":25.0,"enemies":"Snecko","floor":24.0,"turns":6.0},{"damage":5.0,"enemies":"Shelled Parasite and Fungi","floor":28.0,"turns":5.0},{"damage":48.0,"enemies":"Slavers","floor":29.0,"turns":5.0},{"damage":19.0,"enemies":"Cultist and Chosen","floor":31.0,"turns":6.0},{"damage":47.0,"enemies":"Automaton","floor":33.0,"turns":8.0},{"damage":26.0,"enemies":"3 Darklings","floor":35.0,"turns":5.0},{"damage":12.0,"enemies":"Orb Walker","floor":36.0,"turns":5.0},{"damage":14.0,"enemies":"3 Darklings","floor":38.0,"turns":5.0},{"damage":19.0,"enemies":"Jaw Worm Horde","floor":39.0,"turns":4.0},{"damage":55.0,"enemies":"Reptomancer","floor":41.0,"turns":5.0},{"damage":44.0,"enemies":"Nemesis","floor":45.0,"turns":5.0},{"damage":10.0,"enemies":"2 Orb Walkers","floor":46.0,"turns":4.0},{"damage":2.0,"enemies":"Sphere and 2 Shapes","floor":47.0,"turns":7.0},{"damage":117.0,"enemies":"Donu and Deca","floor":50.0,"turns":8.0},{"damage":90.0,"enemies":"Shield and Spear","floor":54.0,"turns":7.0},{"damage":62,"enemies":"The Heart","floor":55,"turns":5}],"seed_played":"6984289472817620655","potions_obtained":[{"floor":1.0,"key":"FearPotion"},{"floor":8.0,"key":"Regen Potion"},{"floor":18.0,"key":"Swift Potion"},{"floor":21.0,"key":"BlessingOfTheForge"},{"floor":28.0,"key":"EssenceOfSteel"},{"floor":29.0,"key":"Strength Potion"},{"floor":38.0,"key":"Energy Potion"},{"floor":41.0,"key":"AttackPotion"}],"is_trial":false,"path_per_floor":["M","M","?","M","?","E","R","E","T","R","$","E","R","?","R","B",null,"M","M","?","M","?","R","M","R","T","?","M","E","R","M","R","B",null,"M","M","$","M","M","R","E","R","T","R","E","?","M","$","R","B",null,"R","$","E","B"],"character_chosen":"IRONCLAD","items_purchased":["Thunderclap","Metallicize","FairyPotion","Strawberry","Pantograph"],"campfire_rested":5,"item_purchase_floors":[11,11,37,48,48],"current_hp_per_floor":[81,87,65,71,53,32,58,35,35,35,35,23,23,22,48,26,88,83,82,82,74,74,74,60,86,88,88,88,51,51,43,69,33,88,79,84,84,87,85,85,47,47,47,47,20,27,42,49,77,19,95,95,95,22,0,0],"gold":62,"neow_bonus":"TEN_PERCENT_HP_BONUS","is_daily":false,"chose_seed":false,"campfire_upgraded":4,"win_rate":0.0,"timestamp":1608294857,"path_taken":["M","M","?","M","?","E","R","E","T","R","$","E","R","?","R","BOSS","M","M","?","M","?","R","M","R","T","?","?","E","R","M","R","BOSS","M","?","$","M","M","R","E","R","T","R","E","?","M","$","R","BOSS","R","$","E","BOSS"],"items_purchased_type":["Card","Card","Potion","Relic","Relic"],"build_version":"2020-12-13","purchased_purges":3,"victory":false,"max_hp_per_floor":[88,88,88,88,88,88,88,88,88,88,88,88,88,88,88,88,88,88,88,88,88,88,88,88,88,88,88,88,88,88,88,88,88,88,88,88,88,88,88,88,88,88,88,88,88,88,88,95,95,95,95,95,95,95,95,95],"card_choices":[{"not_picked":["Reckless Charge","Body Slam"],"picked":"Twin Strike","floor":1.0},{"not_picked":["Headbutt","True Grit"],"picked":"Combust","floor":2.0},{"not_picked":["Cleave","Clothesline"],"picked":"Evolve","floor":4.0},{"not_picked":["Headbutt","Twin Strike"],"picked":"Demon Form","floor":6.0},{"not_picked":["Pummel","Sword Boomerang"],"picked":"Spot Weakness","floor":8.0},{"not_picked":["Shrug It Off","Headbutt"],"picked":"Armaments","floor":12.0},{"not_picked":["Brutality","Feed"],"picked":"Barricade","floor":16.0},{"not_picked":["Anger","True Grit+1"],"picked":"Dropkick","floor":18.0},{"not_picked":["Clothesline+1","Flex"],"picked":"Rampage","floor":19.0},{"not_picked":["Havoc","Cleave","Dark Embrace"],"picked":"SKIP","floor":21.0},{"not_picked":["Intimidate+1","Warcry"],"picked":"Entrench","floor":24.0},{"not_picked":["Exhume","Clothesline","Clash+1"],"picked":"SKIP","floor":28.0},{"not_picked":["Disarm+1","Dark Embrace"],"picked":"Blood for Blood+1","floor":29.0},{"not_picked":["Flex+1","Intimidate"],"picked":"Metallicize","floor":31.0},{"not_picked":["Demon Form","Bludgeon"],"picked":"Limit Break","floor":33.0},{"not_picked":["Perfected Strike+1","Wild Strike+1","Thunderclap"],"picked":"SKIP","floor":35.0},{"not_picked":["Battle Trance+1","Spot Weakness","Dark Embrace"],"picked":"SKIP","floor":36.0},{"not_picked":["Thunderclap","Havoc","Combust"],"picked":"SKIP","floor":38.0},{"not_picked":["Twin Strike+1","Burning Pact+1"],"picked":"Flame Barrier","floor":39.0},{"not_picked":["Armaments","Dark Embrace","Inflame+1"],"picked":"SKIP","floor":41.0},{"not_picked":["Clothesline+1","Clash"],"picked":"Iron Wave+1","floor":45.0},{"not_picked":["Cleave+1","Havoc+1","Whirlwind+1"],"picked":"SKIP","floor":47.0},{"not_picked":["Offering","Infernal Blade"],"picked":"Dual Wield+1","floor":54.0}],"player_experience":191754,"relics_obtained":[{"floor":6.0,"key":"Self Forming Clay"},{"floor":8.0,"key":"Thread and Needle"},{"floor":9.0,"key":"Shovel"},{"floor":12.0,"key":"Centennial Puzzle"},{"floor":14.0,"key":"HornCleat"},{"floor":23.0,"key":"Happy Flower"},{"floor":26.0,"key":"Red Skull"},{"floor":29.0,"key":"Oddly Smooth Stone"},{"floor":30.0,"key":"Art of War"},{"floor":41.0,"key":"Smiling Mask"},{"floor":45.0,"key":"Bag of Marbles"},{"floor":46.0,"key":"Du-Vu Doll"},{"floor":52.0,"key":"Bottled Lightning"},{"floor":54.0,"key":"Toy Ornithopter"}],"event_choices":[{"damage_healed":0.0,"max_hp_gain":0.0,"max_hp_loss":0.0,"gold_gain":0.0,"event_name":"Golden Idol","player_choice":"Take Damage","floor":3.0,"gold_loss":0.0,"damage_taken":22.0,"relics_obtained":["Golden Idol"]},{"damage_healed":0.0,"max_hp_gain":0.0,"max_hp_loss":0.0,"gold_gain":0.0,"event_name":"Shining Light","player_choice":"Entered Light","floor":5.0,"gold_loss":0.0,"damage_taken":18.0,"cards_upgraded":["Strike_R","Defend_R"]},{"damage_healed":0.0,"max_hp_gain":0.0,"max_hp_loss":0.0,"gold_gain":30.0,"event_name":"Dead Adventurer","player_choice":"Searched \u00272\u0027 times","floor":14.0,"gold_loss":0.0,"damage_taken":0.0},{"cards_removed":["Strike_R"],"damage_healed":0.0,"max_hp_gain":0.0,"max_hp_loss":0.0,"gold_gain":0.0,"event_name":"Back to Basics","player_choice":"Elegance","floor":20.0,"gold_loss":0.0,"damage_taken":0.0},{"damage_healed":0.0,"max_hp_gain":0.0,"max_hp_loss":0.0,"gold_gain":0.0,"event_name":"Forgotten Altar","player_choice":"Gave Idol","floor":22.0,"relics_lost":["Golden Idol"],"gold_loss":0.0,"damage_taken":0.0,"relics_obtained":["Bloody Idol"]},{"damage_healed":0.0,"max_hp_gain":0.0,"max_hp_loss":0.0,"gold_gain":0.0,"event_name":"Duplicator","player_choice":"Copied","floor":27.0,"gold_loss":0.0,"damage_taken":0.0,"cards_obtained":["Demon Form"]},{"damage_healed":0.0,"max_hp_gain":0.0,"max_hp_loss":0.0,"gold_gain":0.0,"event_name":"Mysterious Sphere","player_choice":"Fight","floor":46.0,"gold_loss":0.0,"damage_taken":0.0}],"is_beta":false,"boss_relics":[{"not_picked":["Tiny House","Black Star"],"picked":"Velvet Choker"},{"not_picked":["Busted Crown","Philosopher\u0027s Stone"],"picked":"Black Blood"}],"items_purged_floors":[11,37,48],"is_endless":false,"potions_floor_spawned":[1,8,18,21,28,29,38,39,41],"killed_by":"The Heart","ascension_level":4}}