{"host":"ufl0k2so27eic2iy","time":1608329862,"event":{"mods":["BaseMod","Minty Spire (QoL Compilation)","StSLib","The Animator"],"gold_per_floor":[109,109,125,125,156,156,211,211,211,248,248,263,139,163,163,272,272,298,120,120,120,153,201,248,248,275,354,354,418,40,58,58,171,171,194,222,257,109,109,109,178,178,201,51,76,76,105,150,150,174,174,174,125,133,133],"floor_reached":54,"playtime":3335,"items_purged":["animator:Strike","animator:Strike","animator:Strike","animator:Strike_AccelWorld"],"score":1254,"play_id":"f291c733-c001-4858-a86e-ee9d6d1158a8","local_time":"20201218221742","is_ascension_mode":true,"campfire_choices":[{"data":"animator:HidekiHinata","floor":6,"key":"SMITH"},{"data":"animator:LeleiLaLalena","floor":8,"key":"SMITH"},{"data":"animator:Witch","floor":11,"key":"SMITH"},{"data":"animator:Layla","floor":15,"key":"SMITH"},{"data":"animator:Aqua","floor":25,"key":"SMITH"},{"data":"animator:Nanami","floor":28,"key":"SMITH"},{"data":"animator:Darkness","floor":32,"key":"SMITH"},{"floor":40,"key":"RECALL"},{"data":"animator:Emilia","floor":42,"key":"SMITH"},{"data":"animator:Arpeggio","floor":49,"key":"SMITH"},{"floor":52,"key":"REST"}],"circlet_count":0,"master_deck":["AscendersBane","animator:Defend_AccelWorld","animator:Defend","animator:Defend","animator:Defend","animator:Kuroyukihime+1","animator:LimeBell","animator:HidekiHinata+1","animator:Witch+1","animator:Nanami+1","animator:LeleiLaLalena+1","animator:Verdia","animator:Chris","animator:YaoHaDucy+1","animator:Layla+1","animator:PinaCoLada","animator:ChaikaTrabant+1","animator:GuildGirl","animator:YuriNakamura","animator:Aqua+1","animator:TukaLunaMarceau","animator:Gillette","animator:Darkness+1","animator:CowGirl","CurseOfTheBell","animator:Emilia+1","animator:MisaKurobane","animator:LimeBell","animator:Aqua+1","animator:Bozes","animator:Arpeggio+1"],"relics":["animator:LivingPicture","animator:TheMissingPiece","Golden Idol","InkBottle","Letter Opener","Philosopher\u0027s Stone","Thread and Needle","Toy Ornithopter","Akabeko","Whetstone","Bag of Preparation","Calling Bell","Blood Vial","Shuriken","Calipers","Medical Kit","Bronze Scales"],"acts_visited":["Exordium","TheCity","TheBeyond","TheEnding"],"potions_floor_usage":[7,12,24,27,29,33,50],"damage_taken":[{"damage":1,"enemies":"Cultist","floor":1,"turns":6},{"damage":2,"enemies":"Jaw Worm","floor":3,"turns":3},{"damage":0,"enemies":"2 Louse","floor":5,"turns":2},{"damage":3,"enemies":"Gremlin Nob","floor":7,"turns":3},{"damage":0,"enemies":"Red Slaver","floor":10,"turns":4},{"damage":0,"enemies":"Lots of Slimes","floor":12,"turns":1},{"damage":4,"enemies":"Looter","floor":14,"turns":2},{"damage":20,"enemies":"Slime Boss","floor":16,"turns":18},{"damage":5,"enemies":"Shell Parasite","floor":18,"turns":5},{"damage":4,"enemies":"2 Thieves","floor":22,"turns":4},{"damage":9,"enemies":"Centurion and Healer","floor":23,"turns":8},{"damage":8,"enemies":"Gremlin Leader","floor":24,"turns":7},{"damage":10,"enemies":"animator:HornedBat","floor":27,"turns":6},{"damage":9,"enemies":"Slavers","floor":29,"turns":6},{"damage":0,"enemies":"Snake Plant","floor":31,"turns":4},{"damage":11,"enemies":"Collector","floor":33,"turns":10},{"damage":0,"enemies":"3 Shapes","floor":35,"turns":4},{"damage":0,"enemies":"Orb Walker","floor":36,"turns":5},{"damage":0,"enemies":"Maw","floor":37,"turns":6},{"damage":11,"enemies":"Giant Head","floor":41,"turns":11},{"damage":0,"enemies":"Spire Growth","floor":45,"turns":4},{"damage":0,"enemies":"4 Shapes","floor":47,"turns":3},{"damage":9,"enemies":"Maw","floor":48,"turns":6},{"damage":67,"enemies":"Donu and Deca","floor":50,"turns":12},{"damage":81,"enemies":"Shield and Spear","floor":54,"turns":5}],"seed_played":"-8747443224084993956","potions_obtained":[{"floor":3,"key":"Fire Potion"},{"floor":5,"key":"DistilledChaos"},{"floor":7,"key":"Explosive Potion"},{"floor":12,"key":"Weak Potion"},{"floor":22,"key":"Block Potion"},{"floor":27,"key":"animator:FalseLifePotion"},{"floor":29,"key":"SteroidPotion"},{"floor":33,"key":"Weak Potion"},{"floor":37,"key":"ColorlessPotion"},{"floor":45,"key":"LiquidBronze"}],"is_trial":false,"path_per_floor":["M","?","M","?","M","R","E","R","T","M","R","M","$","M","R","B",null,"M","$","?","$","M","M","E","R","T","E","R","E","$","M","R","B",null,"M","M","M","$","?","R","E","R","T","$","M","T","M","M","R","B",null,"R","$","E"],"character_chosen":"THE_ANIMATOR","items_purchased":["animator:YaoHaDucy","animator:GuildGirl","animator:Darkness","animator:CowGirl","Bag of Preparation","Medical Kit","Dexterity Potion"],"campfire_rested":1,"item_purchase_floors":[13,19,30,30,30,38,53],"current_hp_per_floor":[59,59,57,57,57,57,54,54,54,54,54,55,55,51,51,32,55,50,50,50,50,46,37,31,31,31,47,47,46,46,52,52,51,59,62,62,62,62,52,52,46,46,46,46,57,57,63,60,60,6,49,63,63,0,0],"gold":133,"neow_bonus":"TEN_PERCENT_HP_BONUS","is_daily":false,"chose_seed":true,"campfire_upgraded":9,"win_rate":0.0,"timestamp":1608329862,"path_taken":["M","?","M","?","M","R","E","R","T","M","R","M","$","M","R","BOSS","M","$","?","$","M","M","E","R","T","E","R","E","?","?","R","BOSS","M","M","M","$","?","R","E","R","T","$","M","?","M","?","R","BOSS","R","$","E"],"items_purchased_type":["Card","Card","Card","Card","Relic","Relic","Potion"],"build_version":"2020-12-13","purchased_purges":4,"victory":false,"max_hp_per_floor":[66,66,66,60,60,60,60,60,60,60,60,61,61,61,61,62,62,62,62,62,62,62,62,62,62,62,62,62,62,62,62,62,62,62,62,62,62,62,62,62,62,62,62,62,62,62,63,63,63,63,63,63,63,63,63],"card_choices":[{"not_picked":["animator:Mitsurugi","animator:Guy"],"picked":"animator:HidekiHinata","floor":1},{"not_picked":["animator:Spearman","animator:Mitsurugi"],"picked":"animator:Witch","floor":3},{"not_picked":["animator:RoryMercury","animator:ZankiKiguchi"],"picked":"animator:Nanami","floor":5},{"not_picked":["animator:RoryMercury","animator:TukaLunaMarceau"],"picked":"animator:LeleiLaLalena","floor":7},{"not_picked":["animator:HighElfArcher","animator:Kazuma"],"picked":"animator:Verdia","floor":10},{"not_picked":["animator:Aqua","animator:MasamiIwasawa"],"picked":"animator:Chris","floor":12},{"not_picked":["animator:Darkness","animator:Kazuma"],"picked":"animator:Layla","floor":14},{"not_picked":["animator:Wiz","animator:Biyorigo"],"picked":"animator:PinaCoLada","floor":16},{"not_picked":["animator:ChaikaBohdan","animator:Guy"],"picked":"animator:ChaikaTrabant","floor":18},{"not_picked":["animator:AcuraTooru","animator:Noda"],"picked":"animator:YuriNakamura","floor":22},{"not_picked":["animator:Yusa","animator:Layla"],"picked":"animator:Aqua","floor":23},{"not_picked":["animator:Spearman","animator:YuzuruOtonashi","animator:Kuribayashi+1"],"picked":"SKIP","floor":24},{"not_picked":["animator:Bozes","animator:RoryMercury"],"picked":"animator:TukaLunaMarceau","floor":27},{"not_picked":["animator:HidekiHinata","animator:LizardPriest+1"],"picked":"animator:Gillette","floor":29},{"not_picked":["animator:Vanir","animator:HighElfArcher","animator:SuzuneAmano"],"picked":"SKIP","floor":31},{"not_picked":["animator:Yusa+1","animator:Mitsurugi","animator:AcuraAkari"],"picked":"SKIP","floor":35},{"not_picked":["animator:Verdia","animator:OrikoMikuni","animator:LizardPriest"],"picked":"SKIP","floor":37},{"not_picked":["animator:Patchouli","animator:Magilou"],"picked":"animator:Emilia","floor":39},{"not_picked":["animator:TanyaDegurechaff","animator:Shimakaze"],"picked":"animator:MisaKurobane","floor":39},{"not_picked":["animator:HarukoHaruhara","animator:HououinKyouma"],"picked":"animator:LimeBell","floor":39},{"not_picked":["animator:Witch","animator:SayakaMiki"],"picked":"animator:Aqua+1","floor":41},{"not_picked":["animator:ZankiKiguchi","animator:Mitsurugi","animator:Layla"],"picked":"SKIP","floor":45},{"not_picked":["animator:Kuribayashi","animator:LeleiLaLalena"],"picked":"animator:Bozes","floor":47},{"not_picked":["animator:MasamiIwasawa","animator:Aqua"],"picked":"animator:Arpeggio","floor":48}],"player_experience":2310928,"relics_obtained":[{"floor":7,"key":"InkBottle"},{"floor":9,"key":"Letter Opener"},{"floor":24,"key":"Thread and Needle"},{"floor":26,"key":"Toy Ornithopter"},{"floor":27,"key":"Akabeko"},{"floor":29,"key":"Whetstone"},{"floor":34,"key":"Blood Vial"},{"floor":34,"key":"Shuriken"},{"floor":34,"key":"Calipers"},{"floor":41,"key":"Bronze Scales"}],"event_choices":[{"damage_healed":0,"gold_gain":0,"player_choice":"Grow","damage_taken":0,"max_hp_gain":0,"max_hp_loss":0,"event_name":"Living Wall","floor":2,"gold_loss":0,"cards_upgraded":["animator:Kuroyukihime"]},{"damage_healed":0,"gold_gain":0,"player_choice":"Lose Max HP","damage_taken":0,"relics_obtained":["Golden Idol"],"max_hp_gain":0,"max_hp_loss":6,"event_name":"Golden Idol","floor":4,"gold_loss":0},{"damage_healed":0,"gold_gain":0,"player_choice":"Got Potions","damage_taken":0,"max_hp_gain":0,"max_hp_loss":0,"event_name":"Lab","floor":20,"gold_loss":0},{"damage_healed":0,"gold_gain":0,"player_choice":"Memory 3","damage_taken":10,"max_hp_gain":0,"max_hp_loss":0,"event_name":"SensoryStone","floor":39,"gold_loss":0}],"is_beta":false,"boss_relics":[{"not_picked":["Fusion Hammer","SacredBark"],"picked":"Philosopher\u0027s Stone"},{"not_picked":["animator:CursedBlade","Mark of Pain"],"picked":"Calling Bell"}],"items_purged_floors":[13,19,30,44],"is_endless":false,"potions_floor_spawned":[3,5,7,12,14,22,27,29,33,36,37,45,47],"killed_by":"Shield and Spear","ascension_level":15}}