{"host":"6azrrw3tf7wb0f4b","time":1608262140,"event":{"mods":["BaseMod","DeckTracker","Minty Spire (QoL Compilation)","SuperFastMode"],"gold_per_floor":[111,121,121,121,121,121,148,166,191,191,210,210,230,249,249,372,372,396,427,427,450,450,450],"floor_reached":22,"playtime":419,"items_purged":[],"score":248,"play_id":"e020fa50-edd9-4d12-bb64-176d75bd66df","local_time":"20201218122900","is_ascension_mode":true,"campfire_choices":[{"data":"Hello World","floor":6,"key":"SMITH"},{"data":"Hyperbeam","floor":15,"key":"SMITH"}],"circlet_count":0,"master_deck":["Strike_B","Strike_B","Strike_B","Defend_B","Defend_B","Defend_B","Defend_B","Zap","Dualcast","Deep Breath","Conserve Battery","Hello World+1","Hyperbeam+1","Heatsinks","Undo","Stack","FTL","Creative AI","Chaos+1","Go for the Eyes+1"],"relics":["Cracked Core","Pocketwatch","Dream Catcher","Juzu Bracelet","FaceOfCleric","Golden Idol","Busted Crown","Red Mask","DataDisk","MealTicket"],"acts_visited":["Exordium","TheCity"],"potions_floor_usage":[16,16],"damage_taken":[{"damage":2,"enemies":"Jaw Worm","floor":1,"turns":3},{"damage":2,"enemies":"2 Louse","floor":2,"turns":3},{"damage":23,"enemies":"Lagavulin","floor":7,"turns":7},{"damage":0,"enemies":"Cultist","floor":8,"turns":2},{"damage":0,"enemies":"3 Louse","floor":11,"turns":1},{"damage":0,"enemies":"Looter","floor":13,"turns":4},{"damage":4,"enemies":"Blue Slaver","floor":14,"turns":3},{"damage":15,"enemies":"Hexaghost","floor":16,"turns":9},{"damage":7,"enemies":"3 Byrds","floor":18,"turns":4},{"damage":58,"enemies":"Masked Bandits","floor":19,"turns":5},{"damage":0,"enemies":"Shell Parasite","floor":22,"turns":1}],"seed_played":"2972853259636850731","potions_obtained":[{"floor":1,"key":"LiquidMemories"},{"floor":8,"key":"Swift Potion"},{"floor":19,"key":"PotionOfCapacity"}],"is_trial":false,"path_per_floor":["M","M","?","?","T","R","E","M","T","?","M","?","M","M","R","B",null,"M","?","?","T","M"],"character_chosen":"DEFECT","items_purchased":[],"campfire_rested":0,"item_purchase_floors":[],"current_hp_per_floor":[66,64,64,69,69,69,46,46,46,46,47,47,48,45,45,31,66,60,3,3,3,3,3],"gold":450,"neow_bonus":"RANDOM_COLORLESS","is_daily":false,"chose_seed":false,"campfire_upgraded":2,"win_rate":0.0,"timestamp":1608262140,"path_taken":["M","M","?","?","?","R","E","M","T","?","M","?","M","M","R","BOSS","M","?","?","?","M"],"items_purchased_type":[],"build_version":"2020-12-13","purchased_purges":0,"victory":false,"max_hp_per_floor":[75,75,75,80,80,80,80,80,80,80,81,75,76,77,77,78,78,79,80,80,80,80,80],"card_choices":[{"not_picked":["Blind","Dark Shackles"],"picked":"Deep Breath","floor":0},{"not_picked":["Streamline","Stack"],"picked":"Conserve Battery","floor":1},{"not_picked":["Conserve Battery","Turbo"],"picked":"Hello World","floor":2},{"not_picked":["BootSequence","White Noise"],"picked":"Heatsinks","floor":7},{"not_picked":["Steam","Streamline"],"picked":"Undo","floor":8},{"not_picked":["Sweeping Beam","Coolheaded"],"picked":"Stack","floor":11},{"not_picked":["Compile Driver","Reinforced Body","Streamline"],"picked":"SKIP","floor":13},{"not_picked":["Streamline","Tempest"],"picked":"FTL","floor":14},{"not_picked":["Electrodynamics","Rainbow"],"picked":"Creative AI","floor":16},{"not_picked":[],"picked":"Chaos+1","floor":18},{"not_picked":[],"picked":"Go for the Eyes+1","floor":19}],"player_experience":602130,"relics_obtained":[{"floor":5,"key":"Pocketwatch"},{"floor":7,"key":"Dream Catcher"},{"floor":9,"key":"Juzu Bracelet"},{"floor":19,"key":"Red Mask"},{"floor":21,"key":"MealTicket"}],"event_choices":[{"damage_healed":0,"gold_gain":0,"cards_transformed":["Strike_B"],"player_choice":"Change","damage_taken":0,"max_hp_gain":0,"max_hp_loss":0,"event_name":"Living Wall","floor":3,"gold_loss":0,"cards_obtained":["Hyperbeam"]},{"damage_healed":0,"gold_gain":0,"player_choice":"Donut","damage_taken":0,"max_hp_gain":5,"max_hp_loss":0,"event_name":"Big Fish","floor":4,"gold_loss":0},{"damage_healed":0,"gold_gain":0,"player_choice":"Trade","damage_taken":0,"relics_obtained":["FaceOfCleric"],"max_hp_gain":0,"max_hp_loss":0,"event_name":"FaceTrader","floor":10,"gold_loss":0},{"damage_healed":0,"gold_gain":0,"player_choice":"Lose Max HP","damage_taken":0,"relics_obtained":["Golden Idol"],"max_hp_gain":0,"max_hp_loss":6,"event_name":"Golden Idol","floor":12,"gold_loss":0},{"damage_healed":0,"gold_gain":0,"player_choice":"Fought Bandits","damage_taken":0,"max_hp_gain":0,"max_hp_loss":0,"event_name":"Masked Bandits","floor":19,"gold_loss":0},{"damage_healed":0,"gold_gain":0,"player_choice":"Opened","damage_taken":0,"relics_obtained":["DataDisk"],"max_hp_gain":0,"max_hp_loss":0,"event_name":"The Mausoleum","floor":20,"gold_loss":0}],"is_beta":false,"boss_relics":[{"not_picked":["SacredBark","Runic Dome"],"picked":"Busted Crown"}],"items_purged_floors":[],"is_endless":false,"potions_floor_spawned":[1,8,19],"killed_by":"Shell Parasite","ascension_level":7}}