{"host":"zi8o4akxlgxypwgb","time":1608284884,"event":{"mods":["BaseMod","Minty Spire (QoL Compilation)","Replay The Spire","StSLib","SuperFastMode"],"gold_per_floor":[144,144,189,234,279,134,134,179,204,249,294,339,339,384,384,684,684,729,142,142,187,232,322,322,367,367,367,412,412,412,412,412,712,712,757,757,802,224,269,269,314,314,339,339,384,429,474,124,124,124,124],"floor_reached":50,"playtime":4140,"items_purged":["Decay","WindmillStrike","Voices","JustLucky"],"score":687,"play_id":"16484e53-11a2-4a2c-b5fa-221ddf16cae2","local_time":"20201218174804","daily_mods":["Draft","Colorless Cards","Midas"],"is_ascension_mode":false,"campfire_choices":[{"floor":7.0,"key":"REST"},{"floor":15.0,"key":"DIG"},{"floor":29.0,"key":"REST"},{"floor":32.0,"key":"REST"},{"floor":40.0,"key":"DIG"},{"floor":42,"key":"DIG"},{"floor":49,"key":"REST"}],"circlet_count":1,"master_deck":["Nirvana","Evaluate","CrushJoints","Replay:ManipulateFuture","Conclude","ClearTheMind","ReachHeaven","Crescendo","Replay:ManipulateFuture","Swivel","ThirdEye","Replay:ManipulateFuture","CutThroughFate","FollowUp","FollowUp","Crescendo","Wireheading","Conclude","Replay:BasicMightCard","Tantrum","BattleHymn","CutThroughFate","Panache","CurseOfTheBell","Replay:BluntJabs","Replay:BluntJabs","Replay:BluntJabs","Mind Blast+1","ForeignInfluence","JustLucky+1","Replay:BluntJabs","Tantrum+1","Thinking Ahead","Dramatic Entrance+1","ReachHeaven","CarveReality","Apotheosis","Impatience","Metamorphosis","EmptyFist+1","LessonLearned","Mind Blast+1","Madness+1","ThirdEye+1","Injury"],"relics":["PureWater","PreservedInsect","TungstenRod","Replay:Grab Bag","Sozu","Fusion Hammer","Black Star","Calling Bell","Centennial Puzzle","Letter Opener","Lizard Tail","Sling","Durian","Singing Bowl","Unceasing Top","Kunai","ReplayTheSpireMod:Ring of Collecting","Circlet","Nilry\u0027s Codex","Replay:Ancient Bell","Vajra","Shuriken","Shovel","ReplayTheSpireMod:ShopPack","Frozen Egg 2","Bag of Marbles","Gremlin Food","Smiling Mask","Ring of Panic","GoldenEye","ReplayTheSpireMod:CursedCoin","Bronze Scales"],"acts_visited":["Exordium","TheCity","TheBeyond"],"potions_floor_usage":[50],"damage_taken":[{"damage":0.0,"enemies":"Small Slimes","floor":1.0,"turns":2.0},{"damage":1.0,"enemies":"Cultist","floor":3.0,"turns":3.0},{"damage":0.0,"enemies":"2 Louse","floor":4.0,"turns":3.0},{"damage":9.0,"enemies":"Blue Slaver","floor":5.0,"turns":4.0},{"damage":7.0,"enemies":"Exordium Thugs","floor":8.0,"turns":3.0},{"damage":0.0,"enemies":"Large Slime","floor":10.0,"turns":2.0},{"damage":14.0,"enemies":"Blue Slaver","floor":11.0,"turns":3.0},{"damage":0.0,"enemies":"Gremlin Gang","floor":12.0,"turns":1.0},{"damage":20.0,"enemies":"Red Slaver","floor":14.0,"turns":4.0},{"damage":0.0,"enemies":"Slime Boss","floor":16.0,"turns":3.0},{"damage":37.0,"enemies":"2 Thieves","floor":18.0,"turns":3.0},{"damage":0.0,"enemies":"3 Byrds","floor":21.0,"turns":3.0},{"damage":14.0,"enemies":"Snake Plant","floor":22.0,"turns":3.0},{"damage":0.0,"enemies":"Replay:Snechameleon","floor":23.0,"turns":1.0},{"damage":0.0,"enemies":"Centurion and Healer","floor":25.0,"turns":3.0},{"damage":3.0,"enemies":"3 Cultists","floor":28.0,"turns":3.0},{"damage":17.0,"enemies":"Collector","floor":33.0,"turns":5.0},{"damage":0.0,"enemies":"Orb Walker","floor":35.0,"turns":1.0},{"damage":0.0,"enemies":"3 Darklings","floor":37.0,"turns":1.0},{"damage":14.0,"enemies":"4 Shapes","floor":39.0,"turns":2.0},{"damage":19.0,"enemies":"Writhing Mass","floor":41.0,"turns":2.0},{"damage":5,"enemies":"Maw","floor":45,"turns":5},{"damage":13,"enemies":"Sphere and 2 Shapes","floor":46,"turns":2},{"damage":12,"enemies":"4 Shapes","floor":47,"turns":3},{"damage":95,"enemies":"Time Eater","floor":50,"turns":6}],"seed_played":"4511563792049188764","potions_obtained":[{"floor":1.0,"key":"Strength Potion"},{"floor":4.0,"key":"Weak Potion"},{"floor":11.0,"key":"Languid Potion"},{"floor":12.0,"key":"SkillPotion"}],"is_trial":false,"path_per_floor":["M","?","M","M","M","$","R","M","T","M","M","M","?","M","R","B",null,"M","$","?","M","M","E","?","M","T","?","M","R","?","?","R","B",null,"M","?","M","$","M","R","M","R","T","?","M","M","M","$","R","B"],"character_chosen":"WATCHER","items_purchased":["Wireheading","Sling","Dead Branch","Replay:BluntJabs","ReplayTheSpireMod:ShopPack","CarveReality","Frozen Egg 2","GoldenEye","ReplayTheSpireMod:CursedCoin","Bronze Scales"],"campfire_rested":4,"item_purchase_floors":[6,19,19,19,38,38,38,48,48,48],"current_hp_per_floor":[72,72,71,71,62,62,72,65,65,65,51,51,51,31,31,31,72,35,35,35,35,21,26,26,28,28,28,25,48,36,36,59,42,85,85,85,85,85,71,71,52,52,52,52,47,34,22,22,47,0,0],"gold":124,"neow_bonus":"","is_daily":true,"chose_seed":false,"campfire_upgraded":0,"win_rate":0.0,"timestamp":1608284884,"path_taken":["M","?","M","M","?","$","R","M","T","M","M","M","?","M","R","BOSS","M","$","?","?","M","E","?","?","T","?","M","R","?","?","R","BOSS","M","?","M","$","M","R","?","R","T","?","M","M","M","$","R","BOSS"],"items_purchased_type":["Card","Relic","Relic","Card","Relic","Card","Relic","Relic","Relic","Relic"],"build_version":"2020-12-13","purchased_purges":4,"victory":false,"max_hp_per_floor":[72,72,72,72,72,72,72,72,72,72,72,72,72,72,72,72,72,72,72,72,72,72,77,77,79,79,79,79,79,79,79,79,79,85,85,85,85,85,85,85,85,85,85,85,85,85,85,85,85,85,85],"card_choices":[{"not_picked":["Replay:Anticipation","Survey Options"],"picked":"Nirvana","floor":0.0},{"not_picked":["SashWhip","Specialist"],"picked":"Evaluate","floor":0.0},{"not_picked":["Replay:AtTheReady","Halt"],"picked":"CrushJoints","floor":0.0},{"not_picked":["Protect","Swivel"],"picked":"Replay:ManipulateFuture","floor":0.0},{"not_picked":["TalkToTheHand","Flash of Steel"],"picked":"Conclude","floor":0.0},{"not_picked":["Swivel","SashWhip"],"picked":"ClearTheMind","floor":0.0},{"not_picked":["Protect","JustLucky"],"picked":"ReachHeaven","floor":0.0},{"not_picked":["Replay:Vibes","Replay:Bootleg Shield Generator"],"picked":"Crescendo","floor":0.0},{"not_picked":["Protect","Halt"],"picked":"Replay:ManipulateFuture","floor":0.0},{"not_picked":["EmptyBody","Protect"],"picked":"Swivel","floor":0.0},{"not_picked":["EmptyFist","ClearTheMind"],"picked":"ThirdEye","floor":0.0},{"not_picked":["FlurryOfBlows","FearNoEvil"],"picked":"Replay:ManipulateFuture","floor":0.0},{"not_picked":["Prostrate","ClearTheMind"],"picked":"CutThroughFate","floor":0.0},{"not_picked":["JustLucky","Evaluate"],"picked":"FollowUp","floor":0.0},{"not_picked":["Forethought","Dark Shackles"],"picked":"FollowUp","floor":0.0},{"not_picked":["Prostrate","Trip"],"picked":"JustLucky","floor":1.0},{"not_picked":["FollowUp","Consecrate"],"picked":"Replay:AtTheReady","floor":3.0},{"not_picked":["Adaptation","Replay:AtTheReady"],"picked":"WindmillStrike","floor":4.0},{"not_picked":["Replay:Sssssssssshield","SandsOfTime"],"picked":"Crescendo","floor":5.0},{"not_picked":["Evaluate","Consecrate"],"picked":"Conclude","floor":8.0},{"not_picked":["FlurryOfBlows","Finesse"],"picked":"Replay:BasicMightCard","floor":10.0},{"not_picked":["EmptyBody","Replay:ManipulateFuture"],"picked":"Tantrum","floor":11.0},{"not_picked":["ReplayTheSpireMod:Private Reserves","EmptyBody"],"picked":"BattleHymn","floor":12.0},{"not_picked":["Replay:ManipulateFuture","FlyingSleeves"],"picked":"CutThroughFate","floor":14.0},{"not_picked":["Wish","SpiritShield"],"picked":"Panache","floor":16.0},{"not_picked":["Replay:AtTheReady","ReplayTheSpireMod:Necrogeddon"],"picked":"Replay:BluntJabs","floor":18.0},{"not_picked":["LikeWater","FollowUp"],"picked":"Mind Blast+1","floor":21.0},{"not_picked":["Meditate","Protect+1"],"picked":"ForeignInfluence","floor":22.0},{"not_picked":["ClearTheMind","Replay:AtTheReady"],"picked":"JustLucky+1","floor":23.0},{"not_picked":["WaveOfTheHand+1","SashWhip","ClearTheMind"],"picked":"Singing Bowl","floor":25.0},{"not_picked":["Halt+1","ClearTheMind"],"picked":"Replay:BluntJabs","floor":28.0},{"not_picked":["ReplayUltimateDefense","Sadistic Nature"],"picked":"Thinking Ahead","floor":33.0},{"not_picked":["Parasite","Voices","Amnesia"],"picked":"Singing Bowl","floor":34.0},{"not_picked":["Replay:Hysterical Blindness","CurseOfTheBell","ReplayTheSpireMod:Restless Dread"],"picked":"Singing Bowl","floor":34.0},{"not_picked":["Injury","Hallucinations","Voices"],"picked":"Singing Bowl","floor":34.0},{"not_picked":["Judgement","Collect+1"],"picked":"Dramatic Entrance+1","floor":35.0},{"not_picked":["Replay:AtTheReady","Replay:ManipulateFuture"],"picked":"ReachHeaven","floor":37.0},{"not_picked":["Transmutation","Panache"],"picked":"Apotheosis","floor":38.0},{"not_picked":["Replay:BasicMightCard","Specialist"],"picked":"Impatience","floor":38.0},{"not_picked":["Panacea","Bandage Up"],"picked":"Metamorphosis","floor":38.0},{"not_picked":["Protect","Replay:ManipulateFuture"],"picked":"EmptyFist+1","floor":39.0},{"not_picked":["Vengeance+1","Mind Blast+1"],"picked":"LessonLearned","floor":41.0},{"not_picked":["Replay:AtTheReady+1","Replay:ManipulateFuture"],"picked":"Mind Blast+1","floor":45},{"not_picked":["CutThroughFate","FlyingSleeves"],"picked":"Madness+1","floor":46},{"not_picked":["Halt+1","FearNoEvil"],"picked":"ThirdEye+1","floor":47}],"player_experience":350043,"relics_obtained":[{"floor":9.0,"key":"PreservedInsect"},{"floor":15.0,"key":"TungstenRod"},{"floor":17.0,"key":"Centennial Puzzle"},{"floor":17.0,"key":"Letter Opener"},{"floor":17.0,"key":"Lizard Tail"},{"floor":23.0,"key":"Durian"},{"floor":23.0,"key":"Singing Bowl"},{"floor":26.0,"key":"Kunai"},{"floor":27.0,"key":"ReplayTheSpireMod:Ring of Collecting"},{"floor":30.0,"key":"Nilry\u0027s Codex"},{"floor":40.0,"key":"Bag of Marbles"},{"floor":42,"key":"Gremlin Food"},{"floor":43,"key":"Smiling Mask"},{"floor":43,"key":"Ring of Panic"}],"event_choices":[{"damage_healed":0.0,"max_hp_gain":0.0,"max_hp_loss":0.0,"gold_gain":0.0,"event_name":"Wheel of Change","player_choice":"Cursed","floor":2.0,"gold_loss":0.0,"damage_taken":0.0,"cards_obtained":["Decay"]},{"damage_healed":0.0,"max_hp_gain":0.0,"max_hp_loss":0.0,"gold_gain":0.0,"cards_transformed":["Replay:AtTheReady"],"event_name":"Living Wall","player_choice":"Change","floor":13.0,"gold_loss":0.0,"damage_taken":0.0,"cards_obtained":["Alpha"]},{"cards_removed":["Alpha"],"damage_healed":0.0,"max_hp_gain":0.0,"max_hp_loss":0.0,"gold_gain":0.0,"event_name":"Wheel of Change","player_choice":"Card Removal","floor":20.0,"gold_loss":0.0,"damage_taken":0.0},{"damage_healed":0.0,"max_hp_gain":0.0,"max_hp_loss":0.0,"gold_gain":0.0,"event_name":"Cursed Tome","player_choice":"Obtained Book","floor":30.0,"gold_loss":0.0,"damage_taken":16.0},{"damage_healed":0.0,"max_hp_gain":0.0,"max_hp_loss":0.0,"gold_gain":0.0,"event_name":"The Library","player_choice":"Read","floor":31.0,"gold_loss":0.0,"damage_taken":0.0,"cards_obtained":["Tantrum"]},{"cards_removed":["ReplayTheSpireMod:Restless Dread"],"damage_healed":0.0,"max_hp_gain":0.0,"max_hp_loss":0.0,"gold_gain":0.0,"event_name":"Purifier","player_choice":"Purged","floor":36.0,"gold_loss":0.0,"damage_taken":0.0},{"cards_removed":["Voices","CommonCold"],"damage_healed":0,"gold_gain":0,"player_choice":"Removed Curses","damage_taken":0,"max_hp_gain":0,"max_hp_loss":0,"event_name":"Fountain of Cleansing","floor":44,"gold_loss":0}],"is_beta":false,"boss_relics":[{"not_picked":["Ring of Chaos","Empty Cage"],"picked":"Replay:Grab Bag"},{"not_picked":["Runic Dome","Velvet Choker"],"picked":"Sozu"},{"not_picked":["ChewingGum","Philosopher\u0027s Stone"],"picked":"Fusion Hammer"},{"not_picked":["Runic Pyramid","Tiny House"],"picked":"Black Star"},{"not_picked":["Honey Jar","Kintsugi"],"picked":"Calling Bell"},{"not_picked":["Replay:Bronze Core","Abe\u0027s Treasure"],"picked":"Replay:Ancient Bell"},{"not_picked":["Blood Vial","Pet Ghost"],"picked":"Vajra"},{"not_picked":["Meat on the Bone","ReplayTheSpireMod:Shallot"],"picked":"Shuriken"},{"not_picked":["Replay:Arrowhead","Replay:PocketPolymizer"],"picked":"Shovel"}],"items_purged_floors":[6,19,38,48],"is_endless":false,"potions_floor_spawned":[1,4,11,12,21,22,37,41,46],"killed_by":"Time Eater","ascension_level":0}}