{"host":"jolg1n27y0xvdyb4","time":1608268884,"event":{"mods":["2.2 Compatiblity","AchievementEnabler","Act Like it!","BaseMod","Better Altar","Better Match","Better Note","Better Sensory Stone","Better Skull","Better Third Choice","Better Vampires","Block Reminder","Colored Map","Downfall","Gremlin Mod","Hermit","Jorbs\u0027s Wanderer Trilogy","Minty Spire (QoL Compilation)","SIMod","StSLib","The Blackbeard","The Blue Laboratory","The Bug Knight","The Hierophant","The Jungle","The Necromancer","The Wild Card"],"gold_per_floor":[112,122,122,47,47,47,47,58,131,131,206,216,55,75,75,179,179,191,191,204,215,115,115,115,128,128,128,147,160,35,46,46,46,46],"floor_reached":33,"playtime":1643,"items_purged":["Strike_R","Defend_R","Defend_R"],"score":275,"play_id":"80915163-9c7b-4580-afa9-9c73a6d0d31a","local_time":"20201217232124","is_ascension_mode":true,"campfire_choices":[{"data":"Anger","floor":6,"key":"SMITH"},{"data":"Anger","floor":10,"key":"SMITH"},{"data":"Armaments","floor":15,"key":"SMITH"},{"data":"Limit Break","floor":23,"key":"SMITH"},{"floor":27,"key":"REST"},{"floor":32,"key":"REST"}],"circlet_count":0,"master_deck":["Strike_R","Strike_R","Strike_R","Strike_R","Defend_R+1","Defend_R+1","Bash","Anger+1","Anger+1","theWildCard:Michael","Rampage","Limit Break+1","Armaments+1","Noxious Fumes+1","Cleave+1","Rage"],"relics":["Burning Blood","Kunai","Sozu","Mercury Hourglass"],"acts_visited":["Exordium","TheCity"],"potions_floor_usage":[18,21],"damage_taken":[{"damage":5,"enemies":"Small Slimes","floor":1,"turns":5},{"damage":5,"enemies":"2 Louse","floor":2,"turns":3},{"damage":0,"enemies":"Cultist","floor":8,"turns":2},{"damage":7,"enemies":"3 Louse","floor":12,"turns":3},{"damage":17,"enemies":"Exordium Wildlife","floor":14,"turns":4},{"damage":36,"enemies":"The Guardian","floor":16,"turns":9},{"damage":6,"enemies":"3 Byrds","floor":18,"turns":5},{"damage":12,"enemies":"Chosen","floor":20,"turns":4},{"damage":3,"enemies":"Snecko","floor":21,"turns":5},{"damage":34,"enemies":"3 Cultists","floor":25,"turns":5},{"damage":42,"enemies":"Centurion and Healer","floor":28,"turns":4},{"damage":26,"enemies":"Shelled Parasite and Fungi","floor":29,"turns":4},{"damage":8,"enemies":"Snake Plant","floor":31,"turns":4},{"damage":48,"enemies":"Champ","floor":33,"turns":5}],"seed_played":"-4279303543458897076","potions_obtained":[{"floor":2,"key":"blueLaboratory:NullPotion"},{"floor":8,"key":"SpeedPotion"},{"floor":14,"key":"champ:CounterPotion"},{"floor":16,"key":"ElixirPotion"}],"is_trial":false,"path_per_floor":["M","M","?","$","?","R","$","M","T","R","?","M","$","M","R","B",null,"M","?","M","M","$","R","?","M","T","R","M","M","$","M","R","B"],"character_chosen":"IRONCLAD","items_purchased":["Limit Break"],"campfire_rested":2,"item_purchase_floors":[13],"current_hp_per_floor":[80,80,64,64,64,64,64,70,70,70,62,61,61,50,50,20,80,80,80,74,77,77,77,77,49,49,73,37,17,17,15,39,0,0],"gold":46,"neow_bonus":"THREE_CARDS","is_daily":false,"chose_seed":false,"campfire_upgraded":4,"win_rate":0.0,"timestamp":1608268884,"path_taken":["M","M","?","$","?","R","$","M","T","R","?","M","$","M","R","BOSS","M","?","M","M","$","R","?","M","T","R","M","M","$","M","R","BOSS"],"items_purchased_type":["Card"],"build_version":"2020-12-13","purchased_purges":3,"victory":false,"max_hp_per_floor":[80,80,80,80,80,80,80,80,80,80,80,80,80,80,80,80,80,80,80,80,80,80,80,80,80,80,80,80,80,80,80,80,80,80],"card_choices":[{"not_picked":["Sword Boomerang","Thunderclap"],"picked":"Anger","floor":0},{"not_picked":["Flex","True Grit","Wild Strike"],"picked":"SKIP","floor":1},{"not_picked":["Whirlwind","Havoc"],"picked":"Anger","floor":2},{"not_picked":["Combust","Wild Strike"],"picked":"Rampage","floor":8},{"not_picked":["Flex","Second Wind","Anger"],"picked":"SKIP","floor":12},{"not_picked":["Double Tap","Wild Strike"],"picked":"Armaments","floor":14},{"not_picked":["Seeing Red","Thunderclap","Perfected Strike"],"picked":"SKIP","floor":18},{"not_picked":["Warcry","Combust","Rampage+1"],"picked":"SKIP","floor":20},{"not_picked":["Body Slam+1","Twin Strike","Iron Wave"],"picked":"SKIP","floor":21},{"not_picked":["Warcry+1","Feel No Pain"],"picked":"Cleave+1","floor":25},{"not_picked":["Inflame","Power Through","Thunderclap+1"],"picked":"SKIP","floor":28},{"not_picked":["Bloodletting","Rampage","Twin Strike"],"picked":"SKIP","floor":29},{"not_picked":["True Grit","Intimidate"],"picked":"Rage","floor":31}],"player_experience":409889,"relics_obtained":[{"floor":9,"key":"Kunai"},{"floor":26,"key":"Mercury Hourglass"}],"event_choices":[{"damage_healed":80,"gold_gain":0,"player_choice":"Upgrade","damage_taken":16,"max_hp_gain":0,"max_hp_loss":80,"event_name":"betterThird:BetterShining","floor":3,"gold_loss":0,"cards_upgraded":["Defend_R","Defend_R"]},{"damage_healed":0,"gold_gain":75,"player_choice":"Touch","damage_taken":8,"max_hp_gain":0,"max_hp_loss":0,"event_name":"FaceTrader","floor":11,"gold_loss":0},{"damage_healed":0,"gold_gain":0,"player_choice":"Ignored","damage_taken":0,"max_hp_gain":0,"max_hp_loss":0,"event_name":"N\u0027loth","floor":19,"gold_loss":0},{"cards_removed":["Limit Break"],"damage_healed":0,"gold_gain":0,"player_choice":"Take \u0026 Give","damage_taken":0,"max_hp_gain":0,"max_hp_loss":0,"event_name":"betterNote:BetterNote","floor":24,"gold_loss":0,"cards_obtained":["Noxious Fumes"]}],"is_beta":false,"boss_relics":[{"not_picked":["Mark of Pain","Pandora\u0027s Box"],"picked":"Sozu"}],"items_purged_floors":[4,22,30],"is_endless":false,"potions_floor_spawned":[2,8,14,16,21,25,31],"killed_by":"Champ","ascension_level":3}}