{"host":"vh33hu3wddwn6yt6","time":1608318742,"event":{"mods":["AchievementEnabler","Act Like it!","Aspiration","BaseMod","Better Altar","Better Match","Better Note","Better Sensory Stone","Better Skull","Better Third Choice","BetterRewards","Downfall","Hubris","Minty Spire (QoL Compilation)","Permanent Neow","Replay The Spire","Shade Mod","Shop Mod","Spicy Shops","StSLib","SuperFastMode","The Blackbeard","The Necromancer","The Poker Player","The Servant 0.9.4","Wandering Minibosses"],"gold_per_floor":[99,41,41,41,41,74,98,109,135,60,60,77,87,87,99,204,204,54,86,0,26,39,65,91,91,91,123,123,143,159,25,37,142,242,242,572,572,601,650,650,675,707,707,741,841,857,875,875,892,892,892,892,892],"floor_reached":52,"playtime":1728,"items_purged":["hexamod:Haunted"],"score":1096,"play_id":"4612395b-7825-46ba-ad92-976abe6efd4f","local_time":"20201218201222","is_ascension_mode":true,"campfire_choices":[{"floor":1,"key":"RECALL"},{"data":"Summon_Undead","floor":5,"key":"SMITH"},{"data":"Summon_Lich","floor":10,"key":"SMITH"},{"data":"Summon_Death_Knight","floor":18,"key":"SMITH"},{"floor":25,"key":"REST"},{"data":"Negative_Energy_Arrows","floor":35,"key":"SMITH"},{"data":"Negative_Energy_Mist","floor":40,"key":"SMITH"},{"floor":43,"key":"REST"}],"circlet_count":0,"master_deck":["Strike_W","Strike_W","Strike_W","Defend_W","Defend_W","Defend_W","Defend_W","Negative_Energy_Arrows+1","Bone_Wall","Stop_Heart","Summon_Lich+1","Summon_Lich","Negative_Energy_Mist","Summon_Undead+1","Negative_Energy_Javelin","expansioncontent:Corrupt","Negative_Energy_Mist+1","Negative_Energy_Sphere","Summon_Death_Knight+1","Summon_Undead+1","Negative_Energy_Sphere+1","Negative_Energy_Sphere+1","Negative_Energy_Mist+1"],"relics":["Vampire_Amulet","downfall:HeartsMalice","ReplayTheSpireMod:TigerMarble","Blue Doll","downfall:HeartBlessingRed","aspiration:StickyExplosives_weak","Philosopher\u0027s Stone","downfall:HeartBlessingGreen","downfall:HeartBlessingBlue","aspiration:Stabinomicon","ReplayTheSpireMod:CursedCoin","Replay:Wax Seal","White Beast Statue","Centennial Puzzle","Ginger","aspiration:SeaSaltIceCream","m_ScarletBlood","Replay:Grab Bag","Replay:Bronze Core","Replay:Wanted Poster","aspiration:IroncladSkillbook","Ring of Chaos","hubris:Potato","Red Skull","Smiling Mask","Molten Egg 2","ReplayTheSpireMod:Ninjato"],"acts_visited":["Exordium","TheCity","TheBeyond","TheEnding"],"potions_floor_usage":[9,9,15,23,27,33,33,39,39,42,44,50,50,50],"damage_taken":[{"damage":0,"enemies":"downfall:FleeingMerchant","floor":2,"turns":1},{"damage":0,"enemies":"Cultist","floor":3,"turns":1},{"damage":0,"enemies":"2 Louse","floor":4,"turns":1},{"damage":14,"enemies":"Replay:BlueRogue","floor":6,"turns":5},{"damage":1,"enemies":"Jaw Worm","floor":8,"turns":3},{"damage":30,"enemies":"3 Sentries","floor":9,"turns":6},{"damage":8,"enemies":"3 Louse","floor":12,"turns":3},{"damage":0,"enemies":"Exordium Wildlife","floor":13,"turns":1},{"damage":0,"enemies":"Gremlin Gang","floor":15,"turns":4},{"damage":35,"enemies":"downfall:Ironclad","floor":16,"turns":8},{"damage":23,"enemies":"Book of Stabbing","floor":19,"turns":5},{"damage":16,"enemies":"downfall:FleeingMerchant","floor":20,"turns":4},{"damage":3,"enemies":"Replay:Snechameleon","floor":21,"turns":5},{"damage":5,"enemies":"Shell Parasite","floor":22,"turns":5},{"damage":19,"enemies":"Book of Stabbing","floor":23,"turns":5},{"damage":15,"enemies":"Slavers","floor":27,"turns":4},{"damage":9,"enemies":"3 Cultists","floor":29,"turns":3},{"damage":12,"enemies":"Centurion and Healer","floor":30,"turns":5},{"damage":0,"enemies":"downfall:FleeingMerchant","floor":31,"turns":4},{"damage":5,"enemies":"Chosen and Byrds","floor":32,"turns":4},{"damage":15,"enemies":"downfall:Watcher","floor":33,"turns":6},{"damage":0,"enemies":"downfall:FleeingMerchant","floor":36,"turns":1},{"damage":2,"enemies":"R_Hoarder","floor":38,"turns":7},{"damage":28,"enemies":"2 Orb Walkers","floor":39,"turns":5},{"damage":30,"enemies":"Nemesis","floor":42,"turns":7},{"damage":53,"enemies":"Reptomancer","floor":44,"turns":6},{"damage":1,"enemies":"3 Shapes","floor":46,"turns":4},{"damage":0,"enemies":"3 Darklings","floor":47,"turns":4},{"damage":0,"enemies":"4 Shapes","floor":49,"turns":4},{"damage":31,"enemies":"downfall:Defect","floor":50,"turns":7},{"damage":122,"enemies":"downfall:CharBossMerchant","floor":52,"turns":7}],"seed_played":"-7905825265147508351","potions_obtained":[{"floor":6,"key":"Adrenaline Potion"},{"floor":8,"key":"Regen Potion"},{"floor":9,"key":"Block Potion"},{"floor":23,"key":"Strength Potion"},{"floor":27,"key":"EssenceOfSteel"},{"floor":29,"key":"DuplicationPotion"},{"floor":32,"key":"LifebloodPotion"},{"floor":33,"key":"BlessingOfTheForge"},{"floor":36,"key":"sneckomod:MuddlingPotion"},{"floor":39,"key":"Swift Potion"},{"floor":42,"key":"SteroidPotion"},{"floor":44,"key":"Milkshake"},{"floor":46,"key":"SkillPotion"},{"floor":47,"key":"ColorlessPotion"}],"is_trial":false,"path_per_floor":["R","$","M","M","R","E","T","M","E","R","?","M","M","T","M","B",null,"R","E","$","E","M","E","T","R","?","E","?","M","M","$","M","B",null,"R","$","?","E","?","R","T","E","R","E","?","M","M","?","M","B",null,"E"],"character_chosen":"NECROMANCER","items_purchased":["Summon_Lich","ReplayTheSpireMod:CursedCoin","DuplicationPotion","aspiration:SeaSaltIceCream"],"campfire_rested":2,"item_purchase_floors":[2,20,20,31],"current_hp_per_floor":[75,75,75,75,75,63,63,64,68,68,68,66,70,70,75,42,75,85,64,48,53,50,42,42,67,67,64,64,67,68,68,67,54,85,85,85,88,88,70,70,70,48,74,37,37,51,63,63,77,72,88,0,0],"gold":892,"neow_bonus":"THREE_ENEMY_KILL","is_daily":false,"chose_seed":false,"campfire_upgraded":5,"win_rate":0.0,"timestamp":1608318742,"path_taken":["R","?","M","?","R","E","T","M","E","R","?","M","M","?","M","BOSS","R","E","$","E","M","E","T","R","?","E","?","M","?","$","M","BOSS","R","$","?","E","?","R","T","E","R","E","?","M","?","?","M","BOSS","E"],"items_purchased_type":["Card","Relic","Potion","Relic"],"build_version":"2020-12-13","purchased_purges":1,"victory":false,"max_hp_per_floor":[75,75,75,75,75,75,75,75,75,75,75,75,75,75,75,75,75,85,85,85,85,85,85,85,85,85,85,85,85,85,85,85,85,85,85,85,88,88,88,88,88,88,88,88,88,88,88,88,88,88,88,88,88],"card_choices":[{"not_picked":["Spectral_Walk","Flesh_Made_Foul"],"picked":"Stop_Heart","floor":2},{"not_picked":["Plague_Bolt","Exploit"],"picked":"Negative_Energy_Mist","floor":3},{"not_picked":["Flesh_Made_Foul","Toxic_Smoke_Screen"],"picked":"Summon_Undead","floor":4},{"not_picked":["Bone_Shift","Vampiric_Strike"],"picked":"Negative_Energy_Javelin","floor":6},{"not_picked":["Blood_Curse","Blood_Is_Power","Scare"],"picked":"SKIP","floor":8},{"not_picked":["Bones_to_Steel","Finger_Of_Death","Bone_Armor"],"picked":"SKIP","floor":9},{"not_picked":["Mind Blast","Deep Breath"],"picked":"expansioncontent:Corrupt","floor":11},{"not_picked":["Toxic_Smoke_Screen","Necromantic_Selection"],"picked":"Negative_Energy_Mist","floor":12},{"not_picked":["Negative_Energy_Javelin","Scare"],"picked":"Negative_Energy_Sphere","floor":13},{"not_picked":["Chill_Blood","Pandemic","Bone_Spikes"],"picked":"SKIP","floor":15},{"not_picked":["Grasp_Heart","Blood_Wake"],"picked":"Summon_Death_Knight","floor":16},{"not_picked":["Bone_Shift","Blood_Is_Power","Bone_Spikes"],"picked":"SKIP","floor":19},{"not_picked":["Consume_Illness","Negative_Energy_Burst","Necrotic_Claws"],"picked":"SKIP","floor":20},{"not_picked":["Cloudkill","Scare"],"picked":"Summon_Undead+1","floor":21},{"not_picked":["Death_March_Dance+1","Stop_Heart","Bone_Bullets"],"picked":"SKIP","floor":22},{"not_picked":["Life_Drain","Death_Knell","Blood_Is_Power"],"picked":"SKIP","floor":23},{"not_picked":["Flesh_Made_Foul","Strike_from_Beyond","Vampiric_Strike"],"picked":"SKIP","floor":27},{"not_picked":["Blood_Shield","Finger_Of_Death+1"],"picked":"Negative_Energy_Sphere+1","floor":29},{"not_picked":["Stop_Heart","Scare","Strike_from_Beyond"],"picked":"SKIP","floor":30},{"not_picked":["Vampiric_Strike","Reap_The_Weak","Scare"],"picked":"SKIP","floor":31},{"not_picked":["Deaths_Shadow","Whirlwind_of_Bones","Flex"],"picked":"SKIP","floor":32},{"not_picked":["Bone_Armor","Blood_Whip+1","Bones_to_Steel","Limit Break"],"picked":"SKIP","floor":36},{"not_picked":["ReplayTheSpireMod:LeadingStrike+1","Bones_to_Steel+1","Bone_Prison","Violent_Necrosis+1"],"picked":"SKIP","floor":38},{"not_picked":["Bone_Bullets+1","Bone_Prison","Negative_Energy_Javelin+1"],"picked":"Negative_Energy_Sphere+1","floor":42},{"not_picked":["Pandemic+1","Warcry","Intimidate+1","Iron Wave+1"],"picked":"SKIP","floor":44},{"not_picked":["Uncharnel","Replay:Undeath\u0027s Touch+1","Chill_Blood+1"],"picked":"Negative_Energy_Mist+1","floor":46},{"not_picked":["Hemogenesis+1","Vampiric_Strike+1","Death_March_Dance+1","Bone_Spikes+1"],"picked":"SKIP","floor":47},{"not_picked":["Vampiric_Strike+1","Pommel Strike+1","Violent_Necrosis","Armaments"],"picked":"SKIP","floor":49}],"player_experience":523606,"relics_obtained":[{"floor":6,"key":"ReplayTheSpireMod:TigerMarble"},{"floor":9,"key":"Blue Doll"},{"floor":14,"key":"aspiration:StickyExplosives_weak"},{"floor":19,"key":"aspiration:Stabinomicon"},{"floor":21,"key":"Replay:Wax Seal"},{"floor":23,"key":"White Beast Statue"},{"floor":24,"key":"Centennial Puzzle"},{"floor":27,"key":"Ginger"},{"floor":38,"key":"hubris:Potato"},{"floor":39,"key":"Red Skull"},{"floor":41,"key":"Smiling Mask"},{"floor":42,"key":"Molten Egg 2"},{"floor":44,"key":"ReplayTheSpireMod:Ninjato"}],"event_choices":[{"damage_healed":0,"gold_gain":1,"player_choice":"1","damage_taken":0,"max_hp_gain":0,"max_hp_loss":0,"event_name":"betterStone:BetterStone","floor":11,"gold_loss":0},{"damage_healed":0,"gold_gain":0,"player_choice":"Ignored","damage_taken":0,"max_hp_gain":0,"max_hp_loss":0,"event_name":"betterNote:BetterNote","floor":26,"gold_loss":0,"cards_obtained":["Defend_S"]},{"cards_removed":["Strike_W"],"damage_healed":0,"gold_gain":0,"player_choice":"Offered Basic","damage_taken":0,"max_hp_gain":0,"max_hp_loss":0,"event_name":"Bonfire Elementals","floor":28,"gold_loss":0},{"damage_healed":0,"gold_gain":0,"player_choice":"Fight","damage_taken":0,"max_hp_gain":0,"max_hp_loss":0,"event_name":"Mysterious Sphere","floor":39,"gold_loss":0}],"is_beta":false,"boss_relics":[{"not_picked":["ChewingGum","aspiration:SilentSkillbook"],"picked":"Philosopher\u0027s Stone"},{"not_picked":["Fusion Hammer","hubris:ScarierMask"],"picked":"Replay:Grab Bag"},{"not_picked":["hubris:CrackedHourglass","aspiration:FutureDiary"],"picked":"Replay:Bronze Core"},{"not_picked":["hubris:RunicObelisk","Velvet Choker"],"picked":"Replay:Wanted Poster"},{"not_picked":["Kintsugi","Snecko Eye"],"picked":"aspiration:IroncladSkillbook"},{"not_picked":["Runic Pyramid","Pandora\u0027s Box"],"picked":"Ring of Chaos"}],"items_purged_floors":[20],"is_endless":false,"potions_floor_spawned":[6,8,9,23,27,29,30,31,32,33,36,38,39,42,44,46,47,49],"killed_by":"downfall:CharBossMerchant","ascension_level":1}}