{"host":"6ko66ogg91i6g7xq","time":1608287876,"event":{"mods":["AchievementEnabler","Act Like it!","BaseMod","Colored Map","Colored Powertips","Downfall","Hermit","Minty Spire (QoL Compilation)","Quick Restart","Relic Stats","StSLib","The Jungle","everything is the same but u backflip on backflip"],"gold_per_floor":[109,123,123,123,53,82,82,95,173,173,186,35,67,80,80,176,226,241,241,156,173,173,200,200,211,235,255,102,113,147,159,159,260,260,270,20,70,0,10,43,56,56,56],"floor_reached":42,"playtime":1986,"items_purged":[],"score":554,"play_id":"dc78c6e6-057b-4a3d-b825-15caa423e8e8","local_time":"20201218053756","is_ascension_mode":true,"campfire_choices":[{"floor":7,"key":"RECALL"},{"data":"Storm of Steel","floor":15,"key":"SMITH"},{"data":"Malaise","floor":24,"key":"SMITH"},{"data":"Adrenaline","floor":32,"key":"SMITH"}],"circlet_count":0,"master_deck":["Strike_G","Strike_G","Strike_G","Strike_G","Strike_G","Defend_G+1","Defend_G","Defend_G","Defend_G","Defend_G","Survivor","Neutralize","Finisher+1","Storm of Steel+1","Dagger Spray","Dodge and Roll+1","Infinite Blades","Backstab","Sucker Punch","Malaise+1","Sucker Punch","Cloak And Dagger","Cloak And Dagger+1","Dagger Spray","Adrenaline+1","Leg Sweep+1","Blur","Glass Knife","Heel Hook+1","Heel Hook","Finisher+1"],"relics":["Ring of the Snake","NeowsBlessing","White Beast Statue","MealTicket","HornCleat","Chemical X","Gambling Chip","Tiny House","Pen Nib","Ninja Scroll","Bag of Preparation","Anchor","Vajra","SacredBark","Toy Ornithopter","Calipers","Red Mask","Prayer Wheel"],"acts_visited":["Exordium","TheCity","TheBeyond"],"potions_floor_usage":[11,13,16,18,21,21,23,23,30,30,33,33,33,37,37,37,40,40,42,42],"damage_taken":[{"damage":0,"enemies":"Cultist","floor":1,"turns":1},{"damage":0,"enemies":"2 Louse","floor":2,"turns":1},{"damage":0,"enemies":"3 Sentries","floor":6,"turns":1},{"damage":1,"enemies":"Jaw Worm","floor":8,"turns":3},{"damage":2,"enemies":"Exordium Thugs","floor":11,"turns":6},{"damage":12,"enemies":"Lagavulin","floor":13,"turns":6},{"damage":2,"enemies":"Looter","floor":14,"turns":3},{"damage":8,"enemies":"Hexaghost","floor":16,"turns":6},{"damage":0,"enemies":"Shell Parasite","floor":18,"turns":3},{"damage":3,"enemies":"2 Thieves","floor":21,"turns":3},{"damage":16,"enemies":"Slavers","floor":23,"turns":8},{"damage":0,"enemies":"3 Cultists","floor":25,"turns":4},{"damage":2,"enemies":"Snecko","floor":27,"turns":4},{"damage":0,"enemies":"Snake Plant","floor":29,"turns":6},{"damage":0,"enemies":"Book of Stabbing","floor":30,"turns":2},{"damage":0,"enemies":"3 Cultists","floor":31,"turns":1},{"damage":32,"enemies":"Automaton","floor":33,"turns":11},{"damage":0,"enemies":"3 Shapes","floor":35,"turns":3},{"damage":0,"enemies":"Mind Bloom Boss Battle","floor":37,"turns":6},{"damage":0,"enemies":"3 Darklings","floor":39,"turns":3},{"damage":1,"enemies":"Nemesis","floor":40,"turns":5},{"damage":2,"enemies":"4 Shapes","floor":41,"turns":5},{"damage":82,"enemies":"Giant Head","floor":42,"turns":10}],"seed_played":"7108609274459960031","potions_obtained":[{"floor":1,"key":"Dexterity Potion"},{"floor":6,"key":"CultistPotion"},{"floor":8,"key":"Energy Potion"},{"floor":11,"key":"ColorlessPotion"},{"floor":13,"key":"AttackPotion"},{"floor":14,"key":"PowerPotion"},{"floor":16,"key":"Explosive Potion"},{"floor":18,"key":"Energy Potion"},{"floor":21,"key":"Fire Potion"},{"floor":23,"key":"Guardian:BlockOnCardUsePotion"},{"floor":25,"key":"Energy Potion"},{"floor":27,"key":"Weak Potion"},{"floor":30,"key":"Swift Potion"},{"floor":31,"key":"SpeedPotion"},{"floor":33,"key":"Swift Potion"},{"floor":35,"key":"champ:CounterPotion"},{"floor":40,"key":"SpeedPotion"},{"floor":41,"key":"Swift Potion"}],"is_trial":false,"path_per_floor":["M","M","?","T","$","E","R","M","T","?","M","$","E","M","R","B",null,"M","?","?","M","?","E","R","M","T","M","$","M","E","M","R","B",null,"M","$","?","?","M","E","M","E"],"character_chosen":"THE_SILENT","items_purchased":["Storm of Steel","Chemical X","Anchor","Toy Ornithopter","EntropicBrew"],"campfire_rested":0,"item_purchase_floors":[5,12,28,36,36],"current_hp_per_floor":[70,70,56,56,56,56,56,55,55,55,53,68,56,54,54,46,75,75,75,75,72,72,56,56,56,56,54,69,69,69,69,69,37,75,75,75,75,75,75,74,72,0,0],"gold":56,"neow_bonus":"THREE_ENEMY_KILL","is_daily":false,"chose_seed":false,"campfire_upgraded":3,"win_rate":0.0,"timestamp":1608287876,"path_taken":["M","?","?","?","$","E","R","?","T","?","M","$","E","?","R","BOSS","M","?","?","M","?","E","R","M","T","M","$","M","E","M","R","BOSS","M","$","?","?","M","E","M","E"],"items_purchased_type":["Card","Relic","Relic","Relic","Potion"],"build_version":"2020-12-13","purchased_purges":0,"victory":false,"max_hp_per_floor":[70,70,70,70,70,70,70,70,70,70,70,70,70,70,70,70,75,75,75,75,75,75,75,75,75,75,75,75,75,75,75,75,75,75,75,75,75,75,75,75,75,75,75],"relic_stats":{"counters":[23,101],"Gambling Chip":[55],"MealTicket":30,"Prayer Wheel":1,"Pen Nib":[27],"Bag of Preparation":[0],"Chemical X":[11],"obtain_stats":[{"Tiny House":17,"Calipers":37,"NeowsBlessing":0,"SacredBark":34,"Vajra":30,"Pen Nib":20,"Bag of Preparation":26,"White Beast Statue":4,"Anchor":28,"HornCleat":9,"Ninja Scroll":23,"Gambling Chip":13,"MealTicket":6,"Prayer Wheel":40,"Red Mask":38,"Chemical X":12,"Toy Ornithopter":36,"Ring of the Snake":0},{"Tiny House":8,"Calipers":19,"NeowsBlessing":0,"SacredBark":17,"Vajra":15,"Pen Nib":9,"Bag of Preparation":12,"White Beast Statue":2,"Anchor":13,"HornCleat":4,"Ninja Scroll":11,"Gambling Chip":6,"MealTicket":3,"Prayer Wheel":21,"Red Mask":19,"Chemical X":5,"Toy Ornithopter":18,"Ring of the Snake":0},{"Tiny House":27,"Calipers":78,"NeowsBlessing":0,"SacredBark":69,"Vajra":57,"Pen Nib":30,"Bag of Preparation":45,"White Beast Statue":2,"Anchor":49,"HornCleat":6,"Ninja Scroll":41,"Gambling Chip":18,"MealTicket":3,"Prayer Wheel":86,"Red Mask":78,"Chemical X":12,"Toy Ornithopter":72,"Ring of the Snake":0}],"Toy Ornithopter":8,"Ring of the Snake":[46]},"card_choices":[{"not_picked":["Escape Plan","Prepared","Quick Slash"],"picked":"SKIP","floor":1},{"not_picked":["Backflip","Skewer"],"picked":"Finisher","floor":2},{"not_picked":["Choke","Prepared"],"picked":"Dagger Spray","floor":6},{"not_picked":["Dagger Throw","Riddle With Holes"],"picked":"Dodge and Roll","floor":8},{"not_picked":["Eviscerate","Dash"],"picked":"Infinite Blades","floor":11},{"not_picked":["Underhanded Strike","Blade Dance"],"picked":"Backstab","floor":13},{"not_picked":["Quick Slash","Flying Knee"],"picked":"Sucker Punch","floor":14},{"not_picked":["Glass Knife","Tools of the Trade"],"picked":"Malaise","floor":16},{"not_picked":["Expertise","Bane"],"picked":"Sucker Punch","floor":17},{"not_picked":["Flying Knee","Footwork"],"picked":"Cloak And Dagger","floor":18},{"not_picked":["PiercingWail+1","Expertise"],"picked":"Cloak And Dagger+1","floor":21},{"not_picked":["Dagger Throw+1","PiercingWail","Prepared+1"],"picked":"SKIP","floor":23},{"not_picked":["Bane","Dagger Throw"],"picked":"Adrenaline","floor":25},{"not_picked":["Bouncing Flask+1","Cloak And Dagger"],"picked":"Leg Sweep+1","floor":27},{"not_picked":["Crippling Poison","Concentrate","Calculated Gamble"],"picked":"SKIP","floor":29},{"not_picked":["Bane","Distraction"],"picked":"Blur","floor":30},{"not_picked":["Prepared","Bane","Deadly Poison"],"picked":"SKIP","floor":31},{"not_picked":["Storm of Steel","Bullet Time"],"picked":"Glass Knife","floor":33},{"not_picked":["Outmaneuver","Bouncing Flask"],"picked":"Heel Hook+1","floor":35},{"not_picked":["Blade Dance","Prepared+1"],"picked":"Heel Hook","floor":37},{"not_picked":["Slice","Predator","Dodge and Roll+1"],"picked":"SKIP","floor":39},{"not_picked":["Endless Agony+1","Deadly Poison","Noxious Fumes+1"],"picked":"SKIP","floor":40},{"not_picked":["Riddle With Holes","Dagger Throw+1"],"picked":"Finisher+1","floor":41},{"not_picked":["Choke+1","Setup","All Out Attack"],"picked":"SKIP","floor":41}],"player_experience":286463,"relics_obtained":[{"floor":4,"key":"White Beast Statue"},{"floor":6,"key":"MealTicket"},{"floor":9,"key":"HornCleat"},{"floor":13,"key":"Gambling Chip"},{"floor":23,"key":"Ninja Scroll"},{"floor":26,"key":"Bag of Preparation"},{"floor":30,"key":"Vajra"},{"floor":37,"key":"Calipers"},{"floor":40,"key":"Prayer Wheel"}],"event_choices":[{"damage_healed":0,"gold_gain":0,"player_choice":"Entered Light","damage_taken":14,"max_hp_gain":0,"max_hp_loss":0,"event_name":"Shining Light","floor":3,"gold_loss":0,"cards_upgraded":["Finisher","Defend_G"]},{"damage_healed":0,"gold_gain":0,"player_choice":"Ignored","damage_taken":0,"max_hp_gain":0,"max_hp_loss":0,"event_name":"NoteForYourself","floor":10,"gold_loss":0},{"damage_healed":0,"gold_gain":0,"player_choice":"Ignored","damage_taken":0,"max_hp_gain":0,"max_hp_loss":0,"event_name":"Ghosts","floor":19,"gold_loss":0},{"damage_healed":0,"gold_gain":0,"player_choice":"Obtained Relic","damage_taken":0,"relics_obtained":["Pen Nib"],"max_hp_gain":0,"max_hp_loss":0,"event_name":"Addict","floor":20,"gold_loss":85},{"damage_healed":0,"gold_gain":0,"player_choice":"Read","damage_taken":0,"max_hp_gain":0,"max_hp_loss":0,"event_name":"The Library","floor":22,"gold_loss":0,"cards_obtained":["Dagger Spray"]},{"damage_healed":0,"gold_gain":0,"player_choice":"Fight","damage_taken":0,"max_hp_gain":0,"max_hp_loss":0,"event_name":"MindBloom","floor":37,"gold_loss":0},{"damage_healed":0,"gold_gain":0,"player_choice":"Paid","damage_taken":0,"relics_obtained":["Red Mask"],"max_hp_gain":0,"max_hp_loss":0,"event_name":"Tomb of Lord Red Mask","floor":38,"gold_loss":70}],"is_beta":false,"boss_relics":[{"not_picked":["Sozu","Coffee Dripper"],"picked":"Tiny House"},{"not_picked":["Empty Cage","Black Star"],"picked":"SacredBark"}],"items_purged_floors":[],"is_endless":false,"potions_floor_spawned":[1,6,8,11,13,14,16,18,21,23,25,27,29,30,31,33,35,37,39,40,41],"killed_by":"Giant Head","ascension_level":1}}