{"host":"9tzam4717zt8ei1o","time":1608308841,"event":{"mods":["BaseMod","Colored Map","Keyboard Shortcuts","Minty Spire (QoL Compilation)","Quick Restart","StSLib","SuperFastMode"],"gold_per_floor":[117,117,117,29,40,40,69,69,69,69,79,79,94,105,105,183,183,198,168,168,182,182,182],"floor_reached":22,"playtime":337,"items_purged":[],"score":411,"play_id":"a62eb752-f4ae-4bb8-bb98-e546dc9cd6fd","local_time":"20201219012721","is_ascension_mode":true,"campfire_choices":[{"data":"Footwork","floor":6.0,"key":"SMITH"},{"data":"Neutralize","floor":8.0,"key":"SMITH"},{"data":"Backstab","floor":10.0,"key":"SMITH"},{"data":"Cloak And Dagger","floor":12.0,"key":"SMITH"},{"data":"Dagger Throw","floor":15.0,"key":"SMITH"}],"circlet_count":0,"master_deck":["AscendersBane","Strike_G","Strike_G","Strike_G","Strike_G","Strike_G","Defend_G","Defend_G","Defend_G","Defend_G","Defend_G","Survivor","Neutralize+1","Backstab+1","Footwork+1","Cloak And Dagger+1","Backflip","Dagger Throw+1","Grand Finale","Blade Dance","Grand Finale","Backstab"],"relics":["Ring of the Snake","NeowsBlessing","Bottled Flame","Pear","WristBlade"],"acts_visited":["Exordium","TheCity"],"potions_floor_usage":[],"damage_taken":[{"damage":0.0,"enemies":"Small Slimes","floor":1.0,"turns":1.0},{"damage":0.0,"enemies":"Cultist","floor":5.0,"turns":1.0},{"damage":0.0,"enemies":"Lagavulin","floor":7.0,"turns":1.0},{"damage":0.0,"enemies":"2 Louse","floor":11.0,"turns":2.0},{"damage":5.0,"enemies":"Red Slaver","floor":13.0,"turns":5.0},{"damage":7.0,"enemies":"Gremlin Gang","floor":14.0,"turns":5.0},{"damage":58.0,"enemies":"Slime Boss","floor":16.0,"turns":14.0},{"damage":0.0,"enemies":"Spheric Guardian","floor":18.0,"turns":3.0},{"damage":14.0,"enemies":"2 Thieves","floor":19.0,"turns":4.0},{"damage":35,"enemies":"Cultist and Chosen","floor":21,"turns":7},{"damage":13,"enemies":"Snake Plant","floor":22,"turns":2}],"seed_played":"-8531723781475861392","potions_obtained":[{"floor":1.0,"key":"ColorlessPotion"},{"floor":3.0,"key":"Block Potion"},{"floor":11.0,"key":"Fire Potion"}],"is_trial":false,"path_per_floor":["M","?","?","$","M","R","E","R","T","R","M","R","M","M","R","B",null,"M","M","?","M","M"],"character_chosen":"THE_SILENT","items_purchased":["Footwork"],"campfire_rested":0,"item_purchase_floors":[4],"current_hp_per_floor":[59,64,64,64,64,64,64,64,74,74,74,74,69,62,62,4,62,62,48,48,13,0,0],"gold":182,"neow_bonus":"THREE_ENEMY_KILL","is_daily":false,"chose_seed":false,"campfire_upgraded":5,"win_rate":0.0,"timestamp":1608308841,"path_taken":["M","?","?","$","M","R","E","R","T","R","?","R","M","M","R","BOSS","M","?","?","M","M"],"items_purchased_type":["Card"],"build_version":"2020-12-13","purchased_purges":0,"victory":false,"max_hp_per_floor":[66,71,71,71,71,71,71,71,81,81,81,81,81,81,81,81,81,81,81,81,81,81,81],"card_choices":[{"not_picked":["Tactician","Acrobatics"],"picked":"Backstab","floor":1.0},{"not_picked":["Sucker Punch","Quick Slash","Outmaneuver"],"picked":"SKIP","floor":5.0},{"not_picked":["Flechettes","Corpse Explosion","Quick Slash"],"picked":"SKIP","floor":7.0},{"not_picked":["Bouncing Flask","Sucker Punch"],"picked":"Cloak And Dagger","floor":11.0},{"not_picked":["Backstab","Poisoned Stab"],"picked":"Backflip","floor":13.0},{"not_picked":["Dash","Endless Agony"],"picked":"Dagger Throw","floor":14.0},{"not_picked":["Burst","After Image"],"picked":"Grand Finale","floor":16.0},{"not_picked":["Sucker Punch","Expertise","Underhanded Strike"],"picked":"SKIP","floor":18.0},{"not_picked":["Poisoned Stab","Deflect"],"picked":"Blade Dance","floor":19.0},{"not_picked":["Masterful Stab","Dodge and Roll"],"picked":"Backstab","floor":21}],"player_experience":86058,"relics_obtained":[{"floor":7.0,"key":"Bottled Flame"},{"floor":9.0,"key":"Pear"}],"event_choices":[{"damage_healed":0.0,"max_hp_gain":5.0,"max_hp_loss":0.0,"gold_gain":0.0,"event_name":"Big Fish","player_choice":"Donut","floor":2.0,"gold_loss":0.0,"damage_taken":0.0},{"damage_healed":0.0,"max_hp_gain":0.0,"max_hp_loss":0.0,"gold_gain":0.0,"event_name":"Lab","player_choice":"Got Potions","floor":3.0,"gold_loss":0.0,"damage_taken":0.0},{"damage_healed":0,"gold_gain":0,"player_choice":"1 cards matched","damage_taken":0,"max_hp_gain":0,"max_hp_loss":0,"event_name":"Match and Keep!","floor":20,"gold_loss":0,"cards_obtained":["Grand Finale"]}],"is_beta":false,"boss_relics":[{"not_picked":["Philosopher\u0027s Stone","Ectoplasm"],"picked":"WristBlade"}],"items_purged_floors":[],"is_endless":false,"potions_floor_spawned":[1,11],"killed_by":"Snake Plant","ascension_level":19}}