{"host":"awiss","time":1608310825,"event":{"mods":["Aspiration","BaseMod","Better Vampires","Colored Powertips","Downfall","Friendly Minions","GungeonMod","Highlight Path","KinomotoSakuraMod(木之本樱)","Kiyohime（清姬）","Marisa（F雨　魔理沙）","Minty Spire (QoL Compilation)","Quick Restart","Remilia（蕾米莉亚）","Replay The Spire","SOS（斯巴达之子）","StSLib","Td1madao Mod","The Administrix","The Bug Knight","The Cursed","The Gatherer","The Runesmith","The Senshi","The Servant 0.9.4","The Wild Card","Youmu（魂魄妖梦）"],"gold_per_floor":[118,118,42,42,42,56,56,56,56,86,86,96,96,114,114,219,219,232,232,232,157,4,4,17,29,29,46,66,79,79,198,198,301,301,312,330,347,47,65,93,93,93,116,15,26,26,26,42,42,42],"floor_reached":51,"playtime":3296,"items_purged":[],"score":877,"play_id":"77029ff3-4644-44df-bebc-24ebf983f449","local_time":"20201219010025","is_ascension_mode":false,"campfire_choices":[{"data":"AdministrixMod:TrickOfTheLight","floor":7,"key":"SMITH"},{"data":"AdministrixMod:BlueCloak","floor":11,"key":"SMITH"},{"data":"AdministrixMod:RedCloak","floor":15,"key":"SMITH"},{"data":"AdministrixMod:AmassedMasks","floor":23,"key":"SMITH"},{"floor":30,"key":"REST"},{"floor":32,"key":"REST"},{"floor":41,"key":"REST"},{"floor":46,"key":"REST"},{"floor":49,"key":"REST"}],"circlet_count":0,"master_deck":["AdministrixMod:Strike_Administrix","AdministrixMod:Strike_Administrix","AdministrixMod:RedCloak+1","AdministrixMod:Defend_Administrix","AdministrixMod:Defend_Administrix","AdministrixMod:Defend_Administrix","AdministrixMod:BlueCloak+1","AdministrixMod:CrackingPangu+1","AdministrixMod:NoblePath+1","AdministrixMod:TrickOfTheLight+1","Injury","AdministrixMod:ReachToHeaven+1","AdministrixMod:PassageOfAges+1","AdministrixMod:DiversionaryTactic+1","AdministrixMod:ChooseYourEnd+1","AdministrixMod:RebukeDesires+1","AdministrixMod:AmassedMasks+1","AdministrixMod:SipOfSparks","AdministrixMod:HarmonicReverence","AdministrixMod:CenturiesAscent","AdministrixMod:DiversionaryTactic+1","AdministrixMod:ExtolVirtue+1","AdministrixMod:RisingSunPrince+1","AdministrixMod:GirlsDoItBetter+1","AdministrixMod:LifeforceNet+1","AdministrixMod:QuietConspiracy+1","AdministrixMod:Katabasis","AdministrixMod:FaithfulFlames+1","AdministrixMod:PlateOfAntiquity+1","AdministrixMod:ImmortalPurity","AdministrixMod:RegentEdict+1","AdministrixMod:JustRewards+1"],"relics":["AdministrixMod:ConductorRitualBaton","NeowsBlessing","Molten Egg 2","aspiration:HatOfInfinitePower","InkBottle","Runesmith:UraniumAnvil","aspiration:RitualStick","AdministrixMod:DragonsEyeCharm","Unceasing Top","AdministrixMod:GoldenChickadee","Runic Pyramid","Happy Flower","ClockworkSouvenir","Simple Rune"],"acts_visited":["Exordium","TheCity","TheBeyond"],"potions_floor_usage":[16,16,25,25,39,39,50],"damage_taken":[{"damage":0,"enemies":"2 Louse","floor":1,"turns":1},{"damage":0,"enemies":"Cultist","floor":6,"turns":1},{"damage":0,"enemies":"Gremlin Nob","floor":10,"turns":1},{"damage":0,"enemies":"Small Slimes","floor":12,"turns":3},{"damage":2,"enemies":"Blue Slaver","floor":14,"turns":3},{"damage":45,"enemies":"The Guardian","floor":16,"turns":7},{"damage":20,"enemies":"Chosen","floor":18,"turns":5},{"damage":0,"enemies":"3 Byrds","floor":24,"turns":3},{"damage":6,"enemies":"Snake Plant","floor":25,"turns":3},{"damage":0,"enemies":"Snecko","floor":27,"turns":2},{"damage":0,"enemies":"Cultist and Chosen","floor":28,"turns":3},{"damage":10,"enemies":"Snake Plant","floor":29,"turns":3},{"damage":14,"enemies":"Pondfish","floor":33,"turns":8},{"damage":10,"enemies":"3 Darklings","floor":35,"turns":3},{"damage":1,"enemies":"Orb Walker","floor":36,"turns":2},{"damage":15,"enemies":"3 Darklings","floor":37,"turns":4},{"damage":63,"enemies":"4 Shapes","floor":39,"turns":4},{"damage":48,"enemies":"Nemesis","floor":40,"turns":7},{"damage":6,"enemies":"Maw","floor":45,"turns":5},{"damage":1,"enemies":"3 Darklings","floor":48,"turns":3},{"damage":47,"enemies":"Awakened One","floor":50,"turns":7}],"seed_played":"-1410335193116243945","potions_obtained":[{"floor":10,"key":"Fire Potion"},{"floor":12,"key":"champ:CounterPotion"},{"floor":16,"key":"SteroidPotion"},{"floor":18,"key":"AttackPotion"},{"floor":25,"key":"Block Potion"},{"floor":36,"key":"LifebloodPotion"},{"floor":40,"key":"Energy Potion"},{"floor":48,"key":"Strength Potion"}],"is_trial":false,"path_per_floor":["M","?","$","?","$","M","R","?","T","E","R","M","?","M","R","B",null,"M","?","?","?","$","R","M","M","T","M","M","M","R","T","R","B",null,"M","M","M","$","M","E","R","?","T","$","M","R","?","M","R","B",null],"character_chosen":"TheAdministrix","items_purchased":["AdministrixMod:NoblePath","AdministrixMod:TrickOfTheLight","AdministrixMod:DragonsEyeCharm","Happy Flower","ClockworkSouvenir","AdministrixMod:PlateOfAntiquity+1","AdministrixMod:ImmortalPurity"],"campfire_rested":5,"item_purchase_floors":[3,3,22,38,38,44,44],"current_hp_per_floor":[65,65,65,65,65,65,65,65,65,65,65,65,65,63,63,18,65,45,45,32,32,32,32,32,26,26,26,26,16,35,35,54,40,65,55,54,39,39,19,2,21,21,21,21,15,34,34,33,51,4],"gold":42,"neow_bonus":"THREE_ENEMY_KILL","is_daily":false,"chose_seed":false,"campfire_upgraded":4,"win_rate":0.0,"timestamp":1608310825,"path_taken":["M","?","$","?","$","M","R","?","T","E","R","?","?","M","R","BOSS","M","?","?","?","$","R","M","?","T","M","M","M","R","?","R","BOSS","M","M","M","$","M","E","R","?","T","$","?","R","?","M","R","BOSS"],"items_purchased_type":["Card","Card","Relic","Relic","Relic","Card","Card"],"build_version":"2020-12-17","purchased_purges":0,"victory":true,"max_hp_per_floor":[65,65,65,65,65,65,65,65,65,65,65,65,65,65,65,65,65,65,65,65,65,65,65,65,65,65,65,65,65,65,65,65,65,65,65,65,65,65,65,65,65,65,65,65,65,65,62,62,62,62],"card_choices":[{"not_picked":["AdministrixMod:DiversionaryTactic","AdministrixMod:PlateOfAntiquity"],"picked":"AdministrixMod:CrackingPangu","floor":1},{"not_picked":["AdministrixMod:QuietConspiracy","AdministrixMod:RebukeDesires+1"],"picked":"AdministrixMod:ReachToHeaven+1","floor":6},{"not_picked":["AdministrixMod:Transition","AdministrixMod:LightOfYourLife"],"picked":"AdministrixMod:PassageOfAges+1","floor":10},{"not_picked":["AdministrixMod:FeastOfDew","AdministrixMod:BegetEternity+1"],"picked":"AdministrixMod:DiversionaryTactic+1","floor":12},{"not_picked":["AdministrixMod:BegetEternity+1","AdministrixMod:BrewingCloister"],"picked":"AdministrixMod:RebukeDesires+1","floor":14},{"not_picked":["AdministrixMod:FearOfDeath","AdministrixMod:Mastermind"],"picked":"AdministrixMod:AmassedMasks","floor":16},{"not_picked":["AdministrixMod:CrackingPangu+1","AdministrixMod:FiendishCrimson+1"],"picked":"AdministrixMod:SipOfSparks","floor":18},{"not_picked":["AdministrixMod:QuietConspiracy+1","AdministrixMod:TouchOfCinnabar"],"picked":"AdministrixMod:HarmonicReverence","floor":24},{"not_picked":["AdministrixMod:ChooseYourEnd+1","AdministrixMod:GuanyinBlessing"],"picked":"AdministrixMod:CenturiesAscent","floor":25},{"not_picked":["AdministrixMod:NoblePath+1","AdministrixMod:CastOffRegrets+1"],"picked":"AdministrixMod:DiversionaryTactic+1","floor":27},{"not_picked":["AdministrixMod:NoblePath+1","AdministrixMod:Overdrive"],"picked":"AdministrixMod:ExtolVirtue+1","floor":28},{"not_picked":["AdministrixMod:LightOfYourLife","AdministrixMod:CenturiesAscent"],"picked":"AdministrixMod:RisingSunPrince+1","floor":29},{"not_picked":["AdministrixMod:LuminaryPath","AdministrixMod:DeathByGlamour"],"picked":"AdministrixMod:GirlsDoItBetter+1","floor":33},{"not_picked":["AdministrixMod:UnstableVigor+1","AdministrixMod:RebukeDesires+1"],"picked":"AdministrixMod:LifeforceNet+1","floor":35},{"not_picked":["AdministrixMod:BegetEternity+1","AdministrixMod:PassageOfAges+1"],"picked":"AdministrixMod:BloodBargain+1","floor":36},{"not_picked":["AdministrixMod:ExtolVirtue+1","AdministrixMod:RebukeDesires+1"],"picked":"AdministrixMod:QuietConspiracy+1","floor":37},{"not_picked":["AdministrixMod:QuietConspiracy+1","AdministrixMod:FeastOfDew","AdministrixMod:TouchOfCinnabar+1"],"picked":"SKIP","floor":39},{"not_picked":["AdministrixMod:ExtolVirtue+1","AdministrixMod:NoblePath+1"],"picked":"AdministrixMod:Katabasis","floor":40},{"not_picked":["AdministrixMod:DiversionaryTactic+1","AdministrixMod:LightOfYourLife"],"picked":"AdministrixMod:RegentEdict+1","floor":45},{"not_picked":["AdministrixMod:ArmillarySphere","AdministrixMod:SealAway+1"],"picked":"AdministrixMod:JustRewards+1","floor":48}],"player_experience":168104,"relics_obtained":[{"floor":9,"key":"aspiration:HatOfInfinitePower"},{"floor":10,"key":"InkBottle"},{"floor":26,"key":"Unceasing Top"},{"floor":31,"key":"AdministrixMod:GoldenChickadee"},{"floor":40,"key":"Simple Rune"}],"event_choices":[{"damage_healed":0,"gold_gain":0,"player_choice":"Upgraded","damage_taken":0,"max_hp_gain":0,"max_hp_loss":0,"event_name":"Upgrade Shrine","floor":8,"gold_loss":0,"cards_upgraded":["AdministrixMod:NoblePath"]},{"cards_removed":["AdministrixMod:Defend_Administrix"],"damage_healed":0,"gold_gain":0,"player_choice":"Elegance","damage_taken":0,"max_hp_gain":0,"max_hp_loss":0,"event_name":"Back to Basics","floor":19,"gold_loss":0},{"cards_removed":["AdministrixMod:Strike_Administrix"],"damage_healed":0,"gold_gain":0,"player_choice":"Gave Gold","damage_taken":0,"max_hp_gain":0,"max_hp_loss":0,"event_name":"Beggar","floor":21,"gold_loss":75},{"damage_healed":0,"gold_gain":0,"cards_transformed":["AdministrixMod:BloodBargain"],"player_choice":"Transformed","damage_taken":0,"max_hp_gain":0,"max_hp_loss":0,"event_name":"Transmorgrifier","floor":42,"gold_loss":0,"cards_obtained":["AdministrixMod:FaithfulFlames"]},{"damage_healed":0,"gold_gain":0,"player_choice":"Max HP","damage_taken":0,"max_hp_gain":0,"max_hp_loss":3,"event_name":"Winding Halls","floor":47,"gold_loss":0}],"is_beta":true,"boss_relics":[{"not_picked":["Astrolabe","Pandora\u0027s Box"],"picked":"Runesmith:UraniumAnvil"},{"not_picked":["Velvet Choker","Replay:Grab Bag"],"picked":"Runic Pyramid"}],"items_purged_floors":[],"is_endless":false,"potions_floor_spawned":[10,12,16,18,25,36,37,40,48],"ascension_level":0}}