{"host":"hn9kwncajibu2nw8","time":1608277996,"event":{"mods":["AchievementEnabler","BaseMod","Block Reminder","Colored Powertips","DeckTracker","Highlight Path","KOR Keyword Fix","Minty Spire (QoL Compilation)","Quick Restart","Rare Cards Sparkle"],"gold_per_floor":[119,119,133,208,224,253,253,70,93,112,144,144,159,187,187,283,283,294,204,215,130,30,55,55,105,176,176,189,189,202,214,214,318,318,328,328,203,203,214,239,239,265,265,265,118,145,156,191,191,191,191,191,41,66,66],"floor_reached":56,"playtime":2255,"items_purged":["Strike_R","Flex","Strike_R","Strike_R"],"score":1870,"play_id":"fbf894c1-7683-405d-bfb1-bf4188b7d231","local_time":"20201218165316","is_ascension_mode":true,"campfire_choices":[{"floor":7.0,"key":"REST"},{"data":"Evolve","floor":12.0,"key":"SMITH"},{"data":"Fire Breathing","floor":15.0,"key":"SMITH"},{"floor":24.0,"key":"REST"},{"data":"Barricade","floor":27.0,"key":"SMITH"},{"floor":29.0,"key":"REST"},{"data":"Entrench","floor":32.0,"key":"SMITH"},{"data":"Body Slam","floor":41.0,"key":"SMITH"},{"data":"Body Slam","floor":44.0,"key":"SMITH"},{"floor":49,"key":"RECALL"},{"data":"Entrench","floor":52,"key":"SMITH"}],"circlet_count":0,"master_deck":["Strike_R","Strike_R+1","Defend_R","Defend_R","Defend_R","Defend_R","Bash","Power Through+1","Shrug It Off","Feel No Pain","Fire Breathing+1","Evolve+1","Second Wind","Shrug It Off","Entrench+1","Shrug It Off","Barricade+1","Body Slam+1","Power Through+1","Body Slam+1","Havoc+1","Shrug It Off+1","True Grit+1","Impervious","Entrench+1","Sentinel+1"],"relics":["Burning Blood","Dream Catcher","Vajra","Du-Vu Doll","PreservedInsect","SlaversCollar","Potion Belt","Charon\u0027s Ashes","Mark of Pain","Pear","Centennial Puzzle","Gremlin Horn","Thread and Needle","Molten Egg 2","Ginger"],"acts_visited":["Exordium","TheCity","TheBeyond","TheEnding"],"potions_floor_usage":[48,55,55,55],"damage_taken":[{"damage":0.0,"enemies":"2 Louse","floor":1.0,"turns":3.0},{"damage":12.0,"enemies":"Small Slimes","floor":3.0,"turns":4.0},{"damage":0.0,"enemies":"Cultist","floor":5.0,"turns":3.0},{"damage":51.0,"enemies":"Lagavulin","floor":6.0,"turns":8.0},{"damage":0.0,"enemies":"3 Louse","floor":10.0,"turns":5.0},{"damage":0.0,"enemies":"3 Sentries","floor":11.0,"turns":5.0},{"damage":2.0,"enemies":"Gremlin Gang","floor":13.0,"turns":7.0},{"damage":1.0,"enemies":"Lagavulin","floor":14.0,"turns":9.0},{"damage":17.0,"enemies":"Slime Boss","floor":16.0,"turns":7.0},{"damage":23.0,"enemies":"3 Byrds","floor":18.0,"turns":6.0},{"damage":33.0,"enemies":"2 Thieves","floor":19.0,"turns":5.0},{"damage":47.0,"enemies":"Snecko","floor":20.0,"turns":8.0},{"damage":0.0,"enemies":"Book of Stabbing","floor":23.0,"turns":7.0},{"damage":18.0,"enemies":"Sentry and Sphere","floor":28.0,"turns":6.0},{"damage":12.0,"enemies":"Cultist and Chosen","floor":30.0,"turns":7.0},{"damage":7.0,"enemies":"Centurion and Healer","floor":31.0,"turns":6.0},{"damage":52.0,"enemies":"Collector","floor":33.0,"turns":7.0},{"damage":35.0,"enemies":"3 Shapes","floor":35.0,"turns":5.0},{"damage":0.0,"enemies":"3 Darklings","floor":39.0,"turns":6.0},{"damage":0.0,"enemies":"Nemesis","floor":40.0,"turns":5.0},{"damage":5.0,"enemies":"Giant Head","floor":42.0,"turns":6.0},{"damage":0.0,"enemies":"Nemesis","floor":46.0,"turns":1.0},{"damage":0.0,"enemies":"Maw","floor":47.0,"turns":5.0},{"damage":0,"enemies":"Reptomancer","floor":48,"turns":4},{"damage":4,"enemies":"Time Eater","floor":50,"turns":6},{"damage":12,"enemies":"Shield and Spear","floor":54,"turns":5},{"damage":17,"enemies":"The Heart","floor":55,"turns":6}],"seed_played":"-8918988828979109660","potions_obtained":[{"floor":1.0,"key":"SpeedPotion"},{"floor":3.0,"key":"BloodPotion"},{"floor":10.0,"key":"BloodPotion"},{"floor":11.0,"key":"ElixirPotion"},{"floor":16.0,"key":"Weak Potion"},{"floor":20.0,"key":"ElixirPotion"},{"floor":30.0,"key":"DuplicationPotion"},{"floor":31.0,"key":"HeartOfIron"},{"floor":33.0,"key":"FearPotion"},{"floor":39.0,"key":"Swift Potion"},{"floor":42.0,"key":"FearPotion"}],"is_trial":false,"path_per_floor":["M","?","M","?","M","E","R","$","T","M","E","R","M","E","R","B",null,"M","M","M","?","$","E","R","?","T","R","M","R","M","M","R","B",null,"M","?","$","?","M","E","R","E","T","R","$","E","M","E","R","B",null,"R","$","E","B",null],"character_chosen":"IRONCLAD","items_purchased":["Evolve","Second Wind","Impervious"],"campfire_rested":3,"item_purchase_floors":[8,8,45],"current_hp_per_floor":[86,68,62,51,57,29,55,55,55,61,67,67,71,76,76,65,82,82,55,14,14,14,20,46,46,46,46,34,60,54,53,53,7,68,39,39,39,39,45,61,61,62,62,62,62,68,74,80,80,82,94,94,94,88,77],"gold":66,"neow_bonus":"TEN_PERCENT_HP_BONUS","is_daily":false,"chose_seed":false,"campfire_upgraded":7,"win_rate":0.0,"timestamp":1608277996,"path_taken":["M","?","M","?","M","E","R","$","T","M","E","R","M","E","R","BOSS","M","M","M","?","$","E","R","?","T","R","M","R","M","M","R","BOSS","M","?","$","?","M","E","R","E","T","R","$","E","?","E","R","BOSS","R","$","E","BOSS"],"items_purchased_type":["Card","Card","Card"],"build_version":"2020-12-13","purchased_purges":4,"victory":true,"max_hp_per_floor":[88,88,88,88,88,88,88,88,88,88,88,88,88,88,88,88,88,88,88,88,88,88,88,88,88,88,88,88,88,88,88,88,88,88,88,88,88,88,88,98,98,98,98,98,98,98,98,98,98,98,98,98,98,98,98],"card_choices":[{"not_picked":["Metallicize","Heavy Blade"],"picked":"Power Through","floor":1.0},{"not_picked":["Sword Boomerang","Heavy Blade"],"picked":"Flex","floor":3.0},{"not_picked":["Heavy Blade","Twin Strike"],"picked":"Shrug It Off","floor":5.0},{"not_picked":["Dark Embrace","Havoc"],"picked":"Feel No Pain","floor":6.0},{"not_picked":["Iron Wave","True Grit"],"picked":"Fire Breathing","floor":7.0},{"not_picked":["Armaments","Sword Boomerang"],"picked":"Shrug It Off","floor":10.0},{"not_picked":["Warcry","Blood for Blood"],"picked":"Entrench","floor":11.0},{"not_picked":["Clash","Headbutt","Pommel Strike"],"picked":"SKIP","floor":13.0},{"not_picked":["Rupture","Reckless Charge"],"picked":"Shrug It Off","floor":14.0},{"not_picked":["Bludgeon","Double Tap"],"picked":"Barricade","floor":16.0},{"not_picked":["Twin Strike","Pummel","Sword Boomerang+1"],"picked":"SKIP","floor":18.0},{"not_picked":["Armaments","Barricade"],"picked":"Body Slam","floor":19.0},{"not_picked":["Pommel Strike","Sword Boomerang"],"picked":"Power Through+1","floor":20.0},{"not_picked":["Wild Strike+1","Havoc","Sword Boomerang+1"],"picked":"SKIP","floor":23.0},{"not_picked":["Warcry","Wild Strike","Shockwave"],"picked":"SKIP","floor":28.0},{"not_picked":["Searing Blow+1","Spot Weakness"],"picked":"Body Slam","floor":29.0},{"not_picked":["Seeing Red","Body Slam","Intimidate"],"picked":"SKIP","floor":30.0},{"not_picked":["Clash","Combust"],"picked":"Havoc+1","floor":31.0},{"not_picked":["Reckless Charge+1","Uppercut"],"picked":"Shrug It Off+1","floor":35.0},{"not_picked":["Shrug It Off+1","Reckless Charge+1","Uppercut+1"],"picked":"SKIP","floor":39.0},{"not_picked":["Pommel Strike","Shrug It Off"],"picked":"True Grit+1","floor":40.0},{"not_picked":["Anger+1","Reaper","Flex"],"picked":"SKIP","floor":42.0},{"not_picked":["Body Slam+1","Carnage"],"picked":"Entrench","floor":46.0},{"not_picked":["Body Slam","Intimidate","Carnage+1"],"picked":"SKIP","floor":47.0},{"not_picked":["Shockwave+1","Fire Breathing+1"],"picked":"Sentinel+1","floor":48},{"not_picked":["Rupture","Rage+1","Combust"],"picked":"SKIP","floor":54}],"player_experience":467887,"relics_obtained":[{"floor":6.0,"key":"Dream Catcher"},{"floor":9.0,"key":"Vajra"},{"floor":11.0,"key":"Du-Vu Doll"},{"floor":14.0,"key":"PreservedInsect"},{"floor":23.0,"key":"Charon\u0027s Ashes"},{"floor":40.0,"key":"Pear"},{"floor":42.0,"key":"Centennial Puzzle"},{"floor":43.0,"key":"Gremlin Horn"},{"floor":46.0,"key":"Thread and Needle"},{"floor":48,"key":"Molten Egg 2"},{"floor":54,"key":"Ginger"}],"event_choices":[{"damage_healed":0.0,"max_hp_gain":0.0,"max_hp_loss":0.0,"gold_gain":0.0,"event_name":"Shining Light","player_choice":"Entered Light","floor":2.0,"gold_loss":0.0,"damage_taken":18.0,"cards_upgraded":["Strike_R","Power Through"]},{"damage_healed":0.0,"max_hp_gain":0.0,"max_hp_loss":0.0,"gold_gain":75.0,"event_name":"World of Goop","player_choice":"Gather Gold","floor":4.0,"gold_loss":0.0,"damage_taken":11.0},{"damage_healed":0.0,"max_hp_gain":0.0,"max_hp_loss":0.0,"gold_gain":0.0,"event_name":"Addict","player_choice":"Obtained Relic","floor":21.0,"gold_loss":85.0,"damage_taken":0.0,"relics_obtained":["Potion Belt"]},{"damage_healed":0.0,"max_hp_gain":0.0,"max_hp_loss":0.0,"gold_gain":100.0,"event_name":"The Joust","player_choice":"Bet on Murderer","floor":25.0,"gold_loss":50.0,"damage_taken":0.0},{"damage_healed":0.0,"max_hp_gain":0.0,"max_hp_loss":0.0,"gold_gain":0.0,"event_name":"Tomb of Lord Red Mask","player_choice":"Ignored","floor":36.0,"gold_loss":0.0,"damage_taken":0.0},{"damage_healed":0.0,"max_hp_gain":0.0,"max_hp_loss":0.0,"gold_gain":0.0,"event_name":"SecretPortal","player_choice":"Ignored","floor":38.0,"gold_loss":0.0,"damage_taken":0.0}],"is_beta":false,"boss_relics":[{"not_picked":["Snecko Eye","Busted Crown"],"picked":"SlaversCollar"},{"not_picked":["Calling Bell","Coffee Dripper"],"picked":"Mark of Pain"}],"items_purged_floors":[8,22,37,53],"is_endless":false,"potions_floor_spawned":[1,3,10,11,16,20,30,31,33,39,42],"ascension_level":7}}