{"host":"aj7el8l5kufbk20z","time":1608260262,"event":{"mods":["AchievementEnabler","BaseMod","Colored Map","Colored Powertips","Curses Come First","Highlight Path","Minty Spire (QoL Compilation)","Quick Restart","Rare Cards Sparkle","Relic Stats","StSLib","SuperFastMode"],"gold_per_floor":[113,126,140,66,66,66,86,86,166,166,191,120,191,205,205,302,302,312,338,253,264,264,297,297,90,90,107,107,126,126,143,143,243,243,256,267,184,184,184,219,219,231,254,254,254,273,186,198,198,198,198],"floor_reached":50,"playtime":3736,"items_purged":["Strike_G","Strike_G","Defend_G"],"score":736,"play_id":"55588264-fb99-41cd-977e-8ad8a96f9b83","local_time":"20201218105742","is_ascension_mode":true,"campfire_choices":[{"data":"Footwork","floor":6.0,"key":"SMITH"},{"data":"Footwork","floor":8.0,"key":"SMITH"},{"data":"Infinite Blades","floor":10.0,"key":"SMITH"},{"data":"A Thousand Cuts","floor":15.0,"key":"SMITH"},{"floor":24.0,"key":"REST"},{"data":"Accuracy","floor":28.0,"key":"SMITH"},{"floor":32.0,"key":"REST"},{"data":"Well Laid Plans","floor":41.0,"key":"SMITH"},{"data":"Tactician","floor":45.0,"key":"SMITH"},{"floor":49,"key":"REST"}],"circlet_count":0,"master_deck":["Strike_G+1","Strike_G+1","Strike_G","Defend_G","Defend_G","Defend_G","Defend_G","Survivor","Neutralize","Finesse","Backflip","Infinite Blades+1","Slice","Footwork+1","Footwork+1","Dodge and Roll","A Thousand Cuts+1","Tactician+1","Venomology","Slice","Dagger Spray","Blur+1","Accuracy+1","Deadly Poison","Blade Dance","Slice","Blade Dance","Well Laid Plans+1","Envenom+1","Blade Dance+1","Tactician+1","Masterful Stab","Acrobatics+1","Transmutation","Prepared","Footwork","Parasite","Dodge and Roll+1"],"relics":["Ring of the Snake","Smiling Mask","White Beast Statue","Du-Vu Doll","Shuriken","WristBlade","Red Mask","Pantograph","StoneCalendar","Whetstone","Ginger","SlaversCollar","Strawberry","Toy Ornithopter"],"acts_visited":["Exordium","TheCity","TheBeyond"],"potions_floor_usage":[50,50,50],"damage_taken":[{"damage":1.0,"enemies":"Cultist","floor":1.0,"turns":5.0},{"damage":2.0,"enemies":"Jaw Worm","floor":2.0,"turns":6.0},{"damage":1.0,"enemies":"2 Louse","floor":3.0,"turns":3.0},{"damage":1.0,"enemies":"Looter","floor":7.0,"turns":5.0},{"damage":26.0,"enemies":"3 Sentries","floor":11.0,"turns":10.0},{"damage":0.0,"enemies":"3 Louse","floor":14.0,"turns":6.0},{"damage":7.0,"enemies":"Slime Boss","floor":16.0,"turns":11.0},{"damage":0.0,"enemies":"Spheric Guardian","floor":18.0,"turns":5.0},{"damage":15.0,"enemies":"Masked Bandits","floor":19.0,"turns":4.0},{"damage":11.0,"enemies":"Chosen","floor":21.0,"turns":5.0},{"damage":40.0,"enemies":"Slavers","floor":23.0,"turns":9.0},{"damage":1.0,"enemies":"Snake Plant","floor":27.0,"turns":6.0},{"damage":19.0,"enemies":"Snecko","floor":29.0,"turns":4.0},{"damage":9.0,"enemies":"Chosen and Byrds","floor":31.0,"turns":7.0},{"damage":26.0,"enemies":"Champ","floor":33.0,"turns":9.0},{"damage":14.0,"enemies":"3 Shapes","floor":35.0,"turns":5.0},{"damage":27.0,"enemies":"3 Darklings","floor":36.0,"turns":7.0},{"damage":16.0,"enemies":"Nemesis","floor":40.0,"turns":5.0},{"damage":3.0,"enemies":"Jaw Worm Horde","floor":42.0,"turns":3.0},{"damage":45.0,"enemies":"Transient","floor":46.0,"turns":5.0},{"damage":18,"enemies":"Writhing Mass","floor":48,"turns":5},{"damage":124,"enemies":"Time Eater","floor":50,"turns":6}],"seed_played":"3137388979890956076","potions_obtained":[{"floor":2.0,"key":"SneckoOil"},{"floor":3.0,"key":"GamblersBrew"},{"floor":7.0,"key":"SneckoOil"},{"floor":11.0,"key":"PowerPotion"},{"floor":14.0,"key":"PowerPotion"},{"floor":16.0,"key":"Fire Potion"},{"floor":18.0,"key":"DuplicationPotion"},{"floor":23.0,"key":"SpeedPotion"},{"floor":27.0,"key":"Explosive Potion"},{"floor":29.0,"key":"PowerPotion"},{"floor":31.0,"key":"Strength Potion"},{"floor":33.0,"key":"Dexterity Potion"},{"floor":35.0,"key":"Fire Potion"},{"floor":40.0,"key":"CunningPotion"},{"floor":42.0,"key":"EntropicBrew"},{"floor":46.0,"key":"SkillPotion"},{"floor":48,"key":"CunningPotion"}],"is_trial":false,"path_per_floor":["M","M","M","$","?","R","M","R","T","R","E","$","T","M","R","B",null,"M","?","?","M","?","E","R","$","T","M","R","M","T","M","R","B",null,"M","M","$","?","?","E","R","M","T","?","R","M","$","M","R","B"],"character_chosen":"THE_SILENT","items_purchased":["Footwork","A Thousand Cuts","Accuracy","Deadly Poison","Blade Dance","Masterful Stab","Footwork"],"campfire_rested":3,"item_purchase_floors":[4,12,25,25,25,37,47],"current_hp_per_floor":[62,60,59,59,59,59,58,58,58,58,32,32,32,32,32,25,59,59,44,44,33,56,16,37,37,37,36,36,17,17,8,29,28,60,46,19,19,19,19,70,70,67,67,67,67,22,22,4,27,0,0],"gold":198,"neow_bonus":"RANDOM_COLORLESS","is_daily":false,"chose_seed":false,"campfire_upgraded":7,"win_rate":0.0,"timestamp":1608260262,"path_taken":["M","M","?","$","?","R","M","R","T","R","E","$","?","?","R","BOSS","M","?","?","M","?","E","R","$","T","M","R","M","?","M","R","BOSS","M","M","$","?","?","E","R","?","T","?","R","M","$","M","R","BOSS"],"items_purchased_type":["Card","Card","Card","Card","Card","Card","Card"],"build_version":"2020-12-13","purchased_purges":3,"victory":false,"max_hp_per_floor":[70,70,70,70,70,70,70,70,70,70,70,70,70,70,70,70,70,70,70,70,70,70,70,70,70,70,70,70,70,70,70,70,70,70,70,70,70,70,70,77,77,77,77,77,77,77,77,77,77,77,77],"relic_stats":{"counters":[22,131],"Shuriken":[47],"Pantograph":50,"StoneCalendar":[77],"Whetstone":["Strike_G","Strike_G"],"Ginger":[14],"Smiling Mask":150,"obtain_stats":[{"StoneCalendar":23,"Whetstone":26,"Ginger":30,"Smiling Mask":5,"White Beast Statue":9,"Du-Vu Doll":11,"SlaversCollar":34,"WristBlade":17,"Shuriken":13,"Pantograph":20,"Strawberry":40,"Red Mask":19,"Toy Ornithopter":43,"Ring of the Snake":0},{"StoneCalendar":11,"Whetstone":11,"Ginger":13,"Smiling Mask":3,"White Beast Statue":4,"Du-Vu Doll":5,"SlaversCollar":15,"WristBlade":7,"Shuriken":5,"Pantograph":9,"Strawberry":18,"Red Mask":9,"Toy Ornithopter":19,"Ring of the Snake":0},{"StoneCalendar":69,"Whetstone":69,"Ginger":79,"Smiling Mask":14,"White Beast Statue":19,"Du-Vu Doll":29,"SlaversCollar":95,"WristBlade":46,"Shuriken":29,"Pantograph":55,"Strawberry":112,"Red Mask":55,"Toy Ornithopter":115,"Ring of the Snake":0}],"Toy Ornithopter":15,"Ring of the Snake":[44]},"card_choices":[{"not_picked":["Good Instincts","Swift Strike"],"picked":"Finesse","floor":0.0},{"not_picked":["Acrobatics","Poisoned Stab"],"picked":"Backflip","floor":1.0},{"not_picked":["Cloak And Dagger","Blade Dance"],"picked":"Infinite Blades","floor":2.0},{"not_picked":["Bane","Poisoned Stab"],"picked":"Slice","floor":3.0},{"not_picked":["Die Die Die","Calculated Gamble"],"picked":"Footwork","floor":7.0},{"not_picked":["Poisoned Stab","Dagger Spray"],"picked":"Dodge and Roll","floor":11.0},{"not_picked":["Distraction","Underhanded Strike"],"picked":"Tactician","floor":14.0},{"not_picked":["Die Die Die","Doppelganger"],"picked":"Venomology","floor":16.0},{"not_picked":["Underhanded Strike","Predator+1"],"picked":"Slice","floor":18.0},{"not_picked":["Outmaneuver","Sucker Punch"],"picked":"Dagger Spray","floor":19.0},{"not_picked":["Choke","Flechettes","Riddle With Holes"],"picked":"SKIP","floor":21.0},{"not_picked":["Crippling Poison","Calculated Gamble"],"picked":"Blur+1","floor":23.0},{"not_picked":["Tools of the Trade","Underhanded Strike"],"picked":"Slice","floor":27.0},{"not_picked":["Deflect","All Out Attack"],"picked":"Blade Dance","floor":29.0},{"not_picked":["Deadly Poison","Slice+1"],"picked":"Well Laid Plans","floor":31.0},{"not_picked":["Malaise","Burst"],"picked":"Envenom","floor":33.0},{"not_picked":["Dagger Throw","Dagger Spray"],"picked":"Blade Dance+1","floor":35.0},{"not_picked":["Predator+1","Flying Knee+1"],"picked":"Tactician+1","floor":36.0},{"not_picked":["Dodge and Roll","Bouncing Flask+1"],"picked":"Acrobatics+1","floor":40.0},{"not_picked":["Deadly Poison+1","Expertise","Bane+1"],"picked":"SKIP","floor":42.0},{"not_picked":["Trip","Madness"],"picked":"Transmutation","floor":44.0},{"not_picked":["Quick Slash+1","Concentrate+1"],"picked":"Prepared","floor":46.0},{"not_picked":["Quick Slash","Outmaneuver"],"picked":"Dodge and Roll+1","floor":48}],"player_experience":261746,"relics_obtained":[{"floor":9.0,"key":"White Beast Statue"},{"floor":11.0,"key":"Du-Vu Doll"},{"floor":13.0,"key":"Shuriken"},{"floor":19.0,"key":"Red Mask"},{"floor":23.0,"key":"StoneCalendar"},{"floor":26.0,"key":"Whetstone"},{"floor":30.0,"key":"Ginger"},{"floor":40.0,"key":"Strawberry"},{"floor":43.0,"key":"Toy Ornithopter"}],"event_choices":[{"damage_healed":0.0,"max_hp_gain":0.0,"max_hp_loss":0.0,"gold_gain":0.0,"event_name":"WeMeetAgain","player_choice":"Gave Potion","floor":5.0,"gold_loss":0.0,"damage_taken":0.0,"relics_obtained":["Smiling Mask"]},{"damage_healed":0.0,"max_hp_gain":0.0,"max_hp_loss":0.0,"gold_gain":0.0,"event_name":"Masked Bandits","player_choice":"Fought Bandits","floor":19.0,"gold_loss":0.0,"damage_taken":0.0},{"damage_healed":0.0,"max_hp_gain":0.0,"max_hp_loss":0.0,"gold_gain":0.0,"event_name":"Addict","player_choice":"Obtained Relic","floor":20.0,"gold_loss":85.0,"damage_taken":0.0,"relics_obtained":["Pantograph"]},{"damage_healed":23.0,"max_hp_gain":0.0,"max_hp_loss":0.0,"gold_gain":0.0,"event_name":"The Library","player_choice":"Heal","floor":22.0,"gold_loss":0.0,"damage_taken":0.0},{"damage_healed":0.0,"max_hp_gain":0.0,"max_hp_loss":0.0,"gold_gain":0.0,"event_name":"Mysterious Sphere","player_choice":"Ignored","floor":38.0,"gold_loss":0.0,"damage_taken":0.0},{"damage_healed":0.0,"max_hp_gain":0.0,"max_hp_loss":0.0,"gold_gain":0.0,"event_name":"Upgrade Shrine","player_choice":"Upgraded","floor":39.0,"gold_loss":0.0,"damage_taken":0.0,"cards_upgraded":["Envenom"]},{"damage_healed":0.0,"max_hp_gain":0.0,"max_hp_loss":0.0,"gold_gain":0.0,"event_name":"SensoryStone","player_choice":"Memory 1","floor":44.0,"gold_loss":0.0,"damage_taken":0.0}],"is_beta":false,"boss_relics":[{"not_picked":["Runic Dome","Empty Cage"],"picked":"WristBlade"},{"not_picked":["Fusion Hammer","Astrolabe"],"picked":"SlaversCollar"}],"items_purged_floors":[25,37,47],"is_endless":false,"potions_floor_spawned":[2,3,7,11,14,16,18,19,21,23,27,29,31,33,35,36,40,42,46,48],"killed_by":"Time Eater","ascension_level":9}}