{"host":"87fdiiwflhrwsj8a","time":1608315723,"event":{"mods":["Aspiration","BaseMod","Better Match","Better Third Choice","BetterRewards","Colored Map","Downfall","GifTheSpireLib","Infinite Spire","Minty Spire (QoL Compilation)","Relic Sorter","Replay The Spire","Robot Space Explorer","StSLib","Stuff the Spire","The Cursed"],"gold_per_floor":[119,119,216,144,144,144,173,190,237,272,285,285,297,314,314,411,411,425,425,441,455,455,455],"floor_reached":22,"playtime":875,"items_purged":[],"score":433,"play_id":"3b1ea393-3d07-4dad-93bc-d1b311d2b452","local_time":"20201218132203","is_ascension_mode":true,"campfire_choices":[{"floor":6,"key":"REST"},{"data":"TheCursedMod:CursedSpellbook","floor":15,"key":"SMITH"}],"circlet_count":0,"master_deck":["TheCursedMod:Strike_TheCursed","TheCursedMod:Strike_TheCursed","TheCursedMod:Strike_TheCursed","TheCursedMod:Strike_TheCursed","TheCursedMod:Defend_TheCursed","TheCursedMod:Defend_TheCursed","TheCursedMod:Defend_TheCursed","TheCursedMod:Defend_TheCursed","TheCursedMod:CursedWand","TheCursedMod:CleanUpWorkshop","TheCursedMod:CursedBlade+1","TheCursedMod:CircleOfWindfury","TheCursedMod:CursedBlade","TheCursedMod:CircleOfWindfury","TheCursedMod:VitalStrike","TheCursedMod:CursedSpellbook+1","TheCursedMod:RapidMovement","TheCursedMod:ShockAndAwe","TheCursedMod:SpitefulPray"],"relics":["TheCursedMod:BlackMagic101","Dead Branch","StuffTheSpire:Expresso","Membership Card","Counterbalance","aspiration:Lifesprig","Bronze Scales","Toy Ornithopter","Pen Nib","Durian","Black Star"],"acts_visited":["Exordium","TheCity"],"potions_floor_usage":[13,22,22],"damage_taken":[{"damage":0,"enemies":"Jaw Worm","floor":1,"turns":2},{"damage":0,"enemies":"3 Sentries","floor":7,"turns":6},{"damage":0,"enemies":"2 Louse","floor":8,"turns":2},{"damage":5,"enemies":"Gremlin Nob","floor":10,"turns":3},{"damage":0,"enemies":"Cultist","floor":11,"turns":2},{"damage":4,"enemies":"3 Louse","floor":13,"turns":2},{"damage":5,"enemies":"Gremlin Gang","floor":14,"turns":3},{"damage":28,"enemies":"The Guardian","floor":16,"turns":8},{"damage":19,"enemies":"Chosen","floor":18,"turns":5},{"damage":7,"enemies":"2 Thieves","floor":20,"turns":3},{"damage":13,"enemies":"Centurion and Healer","floor":21,"turns":5},{"damage":33,"enemies":"Snake Plant","floor":22,"turns":3}],"seed_played":"6141679678672370616","potions_obtained":[{"floor":7,"key":"AttackPotion"},{"floor":8,"key":"TheCursedMod:DregsPotion"},{"floor":11,"key":"DuplicationPotion"},{"floor":16,"key":"Energy Potion"}],"is_trial":false,"path_per_floor":["M","?","?","$","?","R","E","M","T","E","M","?","M","M","R","B",null,"M","?","M","M","M"],"character_chosen":"THE_CURSED","items_purchased":["TheCursedMod:CursedBlade+1","Membership Card","TheCursedMod:CircleOfWindfury","Bronze Scales"],"campfire_rested":1,"item_purchase_floors":[0,0,0,4],"current_hp_per_floor":[27,27,27,27,27,49,49,49,49,49,49,49,50,45,45,17,64,45,45,38,25,2,2],"gold":455,"neow_bonus":"","is_daily":false,"chose_seed":false,"campfire_upgraded":1,"win_rate":0.0,"timestamp":1608315723,"path_taken":["M","?","?","$","?","R","E","M","T","E","M","?","?","M","R","BOSS","M","?","M","?","M"],"items_purchased_type":["Card","Relic","Card","Relic"],"build_version":"2020-12-13","purchased_purges":0,"victory":false,"max_hp_per_floor":[75,75,75,75,75,75,75,75,75,80,80,80,80,80,80,80,80,80,80,80,80,80,80],"card_choices":[{"not_picked":["TheCursedMod:CursedMace","TheCursedMod:CircleOfFlame","TheCursedMod:CursedAmulet"],"picked":"SKIP","floor":1},{"not_picked":["TheCursedMod:Stretching","TheCursedMod:SmokeScreen"],"picked":"TheCursedMod:CursedBlade","floor":3},{"not_picked":["TheCursedMod:SmokeScreen","TheCursedMod:Wield"],"picked":"TheCursedMod:CircleOfWindfury","floor":3},{"not_picked":["TheCursedMod:ParallelWorld","TheCursedMod:SpitefulStrike","TheCursedMod:CircleOfFlame"],"picked":"SKIP","floor":7},{"not_picked":["TheCursedMod:CursedAmulet","TheCursedMod:CircleOfFlame","TheCursedMod:ManaBullet"],"picked":"SKIP","floor":8},{"not_picked":["TheCursedMod:CursedSpellbook","TheCursedMod:CircleOfFlame"],"picked":"TheCursedMod:VitalStrike","floor":10},{"not_picked":["TheCursedMod:ReleasedKnowledge","TheCursedMod:CursedStaff","TheCursedMod:SpreadPlague"],"picked":"SKIP","floor":11},{"not_picked":["TheCursedMod:Stigma","TheCursedMod:SmokeScreen"],"picked":"TheCursedMod:CursedSpellbook","floor":13},{"not_picked":["TheCursedMod:TacticalStrike","TheCursedMod:SmokeScreen"],"picked":"TheCursedMod:RapidMovement","floor":14},{"not_picked":["TheCursedMod:StunningStrike","TheCursedMod:DarkBarrier"],"picked":"TheCursedMod:ShockAndAwe","floor":16},{"not_picked":["TheCursedMod:BlessingInDisguise","TheCursedMod:CircleOfFocus+1"],"picked":"TheCursedMod:SpitefulPray","floor":18},{"not_picked":["TheCursedMod:EmpowerCircles","TheCursedMod:FleshFromBone+1","TheCursedMod:CircleOfFlame"],"picked":"SKIP","floor":20},{"not_picked":["TheCursedMod:CircleOfBlood","TheCursedMod:TacticalStrike","TheCursedMod:EmpowerCircles"],"picked":"SKIP","floor":21}],"player_experience":2574008,"relics_obtained":[{"floor":3,"key":"aspiration:Lifesprig"},{"floor":7,"key":"Toy Ornithopter"},{"floor":9,"key":"Pen Nib"},{"floor":10,"key":"Durian"}],"event_choices":[{"cards_removed":["ReplayTheSpireMod:Splinters","TheCursedMod:Dregs"],"damage_healed":0,"gold_gain":0,"player_choice":"Removed Curses","damage_taken":0,"max_hp_gain":0,"max_hp_loss":0,"event_name":"Fountain of Cleansing","floor":12,"gold_loss":0},{"damage_healed":0,"gold_gain":0,"player_choice":"Bought 0 Potions","damage_taken":0,"max_hp_gain":0,"max_hp_loss":0,"event_name":"The Woman in Blue","floor":19,"gold_loss":0}],"is_beta":false,"boss_relics":[{"not_picked":["Ectoplasm","Painkiller Herb"],"picked":"Black Star"}],"items_purged_floors":[],"is_endless":false,"potions_floor_spawned":[7,8,11,16,18],"killed_by":"Snake Plant","ascension_level":7}}