{"host":"a7kkotolxcg5vljr","time":1608317717,"event":{"mods":["2.2 Compatiblity","AchievementEnabler","Act Like it!","BaseMod","Better Altar","Better Skull","Better Third Choice","Colored Map","Colored Powertips","Downfall","Hermit","Highlight Path","Marisa????????","Minty Spire (QoL Compilation)","Quick Restart","Rare Cards Sparkle","Replay The Spire","Spicy Shops","StSLib","The Cursed","The Disciple","The Servant 0.9.4"],"gold_per_floor":[110,110,120,131,131,161,161,194,217,2,2,2],"floor_reached":11,"playtime":398,"items_purged":[],"score":81,"play_id":"1c4e286f-89e7-42b3-9c20-348bc6f0d904","local_time":"20201218135517","is_ascension_mode":false,"campfire_choices":[{"floor":7,"key":"REST"}],"circlet_count":0,"master_deck":["Strike_B","Strike_B","Strike_B","Strike_B","Defend_B","Defend_B","Defend_B","Defend_B","Zap","Dualcast","Capacitor","Melter","Crystallizer+1","Multi-Cast","Blizzard","Redo+1","ReplayTheSpireMod:IOU","ReplayTheSpireMod:IOU","Multi-Cast"],"relics":["Philosopher\u0027s Stone","Centennial Puzzle","Pen Nib","Replay:Wax Seal","Nunchaku","Medical Kit","DollysMirror"],"acts_visited":["Exordium"],"potions_floor_usage":[6,8,11],"damage_taken":[{"damage":4,"enemies":"2 Louse","floor":1,"turns":3},{"damage":6,"enemies":"Small Slimes","floor":3,"turns":4},{"damage":7,"enemies":"Jaw Worm","floor":4,"turns":2},{"damage":40,"enemies":"3 Sentries","floor":6,"turns":8},{"damage":13,"enemies":"Lagavulin","floor":8,"turns":7},{"damage":30,"enemies":"3 Sentries","floor":11,"turns":6}],"seed_played":"-8959541002924156474","potions_obtained":[{"floor":4,"key":"Adrenaline Potion"},{"floor":6,"key":"sneckomod:MuddlingPotion"},{"floor":8,"key":"AttackPotion"}],"is_trial":false,"path_per_floor":["M","?","M","M","?","E","R","E","T","$","E"],"character_chosen":"DEFECT","items_purchased":["Redo+1","Replay:Wax Seal","Nunchaku","Medical Kit","DollysMirror"],"campfire_rested":1,"item_purchase_floors":[10,10,10,10,10],"current_hp_per_floor":[71,71,65,58,58,18,40,27,27,27,0,0],"gold":2,"neow_bonus":"BOSS_RELIC","is_daily":false,"chose_seed":false,"campfire_upgraded":0,"win_rate":0.0,"timestamp":1608317717,"path_taken":["M","?","M","M","?","E","R","E","T","?","E"],"items_purchased_type":["Card","Relic","Relic","Relic","Relic"],"build_version":"2020-12-13","purchased_purges":0,"victory":false,"max_hp_per_floor":[75,75,75,75,75,75,75,75,75,75,75,75],"card_choices":[{"not_picked":["Leap","BootSequence"],"picked":"Capacitor","floor":1},{"not_picked":["Steam","Sweeping Beam"],"picked":"Melter","floor":3},{"not_picked":["ReplayTheSpireMod:Reroute Power","Cold Snap"],"picked":"Crystallizer","floor":4},{"not_picked":["Melter","Sweeping Beam"],"picked":"Multi-Cast","floor":6},{"not_picked":["ReplayTheSpireMod:Omega Cannon","BasicCrystalCard"],"picked":"Blizzard","floor":8}],"player_experience":356944,"relics_obtained":[{"floor":6,"key":"Centennial Puzzle"},{"floor":8,"key":"Pen Nib"}],"event_choices":[{"damage_healed":0,"gold_gain":0,"player_choice":"Ignored","damage_taken":0,"max_hp_gain":0,"max_hp_loss":0,"event_name":"Golden Wing","floor":2,"gold_loss":0},{"damage_healed":0,"gold_gain":0,"player_choice":"Grow","damage_taken":0,"max_hp_gain":0,"max_hp_loss":0,"event_name":"Living Wall","floor":5,"gold_loss":0,"cards_upgraded":["Crystallizer"]}],"is_beta":false,"boss_relics":[],"items_purged_floors":[],"is_endless":false,"potions_floor_spawned":[4,6,8],"killed_by":"3 Sentries","ascension_level":0}}