{"host":"fdq5pmhluajjrf8d","time":1608310245,"event":{"mods":["BaseMod","Minty Spire (QoL Compilation)"],"gold_per_floor":[114,114,40,40,57,57,87,106,174,249,330,341,306,324,324,398,398,414,256,268,268,268,296,310,310,310,310,340,171,221,234,234,311,311,325,325,325,344,344,382,407,421,445,445,457,457,475,491,491,491,491],"floor_reached":50,"playtime":2381,"items_purged":[],"score":1068,"play_id":"41b2778f-13d3-41dd-854f-4ff94029fefc","local_time":"20201218115045","is_ascension_mode":true,"campfire_choices":[{"data":"Defragment","floor":6,"key":"SMITH"},{"data":"Zap","floor":15,"key":"SMITH"},{"data":"Recycle","floor":25,"key":"SMITH"},{"floor":27,"key":"REST"},{"floor":32,"key":"REST"},{"data":"Capacitor","floor":44,"key":"SMITH"},{"data":"Multi-Cast","floor":46,"key":"SMITH"},{"data":"Madness","floor":49,"key":"SMITH"}],"circlet_count":0,"master_deck":["AscendersBane","Strike_B","Strike_B","Strike_B","Strike_B","Defend_B","Defend_B","Zap+1","Dualcast","Recycle+1","Hello World","Defragment+1","Reinforced Body","Glacier","Ball Lightning","Electrodynamics","CurseOfTheBell","Tempest","Capacitor+1","Multi-Cast+1","Lockon+1","Reinforced Body+1","Madness+1","Madness"],"relics":["Cracked Core","Tiny Chest","StrikeDummy","Symbiotic Virus","Matryoshka","Lantern","Letter Opener","Calling Bell","Akabeko","Darkstone Periapt","CaptainsWheel","Bag of Marbles","Blood Vial","InkBottle","Pear","Incense Burner","Bird Faced Urn","Chemical X","Sozu","The Courier","CeramicFish","Art of War"],"acts_visited":["Exordium","TheCity","TheBeyond"],"potions_floor_usage":[5,7,16,23,28,28,33],"damage_taken":[{"damage":2,"enemies":"Cultist","floor":1,"turns":4},{"damage":0,"enemies":"2 Louse","floor":5,"turns":2},{"damage":11,"enemies":"Gremlin Nob","floor":7,"turns":3},{"damage":4,"enemies":"Small Slimes","floor":8,"turns":3},{"damage":3,"enemies":"Gremlin Gang","floor":12,"turns":4},{"damage":0,"enemies":"Large Slime","floor":14,"turns":4},{"damage":20,"enemies":"Slime Boss","floor":16,"turns":9},{"damage":14,"enemies":"Shell Parasite","floor":18,"turns":4},{"damage":12,"enemies":"2 Thieves","floor":20,"turns":4},{"damage":17,"enemies":"Gremlin Leader","floor":23,"turns":6},{"damage":11,"enemies":"Sentry and Sphere","floor":24,"turns":6},{"damage":0,"enemies":"Book of Stabbing","floor":28,"turns":4},{"damage":0,"enemies":"Centurion and Healer","floor":31,"turns":5},{"damage":53,"enemies":"Automaton","floor":33,"turns":11},{"damage":20,"enemies":"3 Darklings","floor":35,"turns":3},{"damage":1,"enemies":"Orb Walker","floor":38,"turns":2},{"damage":5,"enemies":"Reptomancer","floor":40,"turns":6},{"damage":0,"enemies":"4 Shapes","floor":41,"turns":2},{"damage":21,"enemies":"3 Darklings","floor":42,"turns":3},{"damage":0,"enemies":"Jaw Worm Horde","floor":45,"turns":4},{"damage":1,"enemies":"Writhing Mass","floor":48,"turns":4},{"damage":83,"enemies":"Donu and Deca","floor":50,"turns":6}],"seed_played":"2260391808146254292","potions_obtained":[{"floor":1,"key":"Fire Potion"},{"floor":5,"key":"PowerPotion"},{"floor":16,"key":"Fruit Juice"},{"floor":20,"key":"Block Potion"},{"floor":23,"key":"Block Potion"},{"floor":24,"key":"PowerPotion"},{"floor":31,"key":"CultistPotion"}],"is_trial":false,"path_per_floor":["M","?","$","T","M","R","E","M","T","?","T","M","?","M","R","B",null,"M","$","M","?","T","E","M","R","T","R","E","$","?","M","R","B",null,"M","?","T","M","?","E","M","M","T","R","M","R","?","M","R","B"],"character_chosen":"DEFECT","items_purchased":["Hello World","Bag of Marbles","Chemical X"],"campfire_rested":2,"item_purchase_floors":[3,19,29],"current_hp_per_floor":[62,62,62,62,62,62,51,47,47,36,36,33,50,50,50,35,66,52,52,40,34,34,29,20,20,20,45,47,47,47,55,80,35,73,59,59,59,64,64,69,77,64,64,64,70,70,55,62,62,0,0],"gold":491,"neow_bonus":"RANDOM_COMMON_RELIC","is_daily":false,"chose_seed":false,"campfire_upgraded":6,"win_rate":0.0,"timestamp":1608310245,"path_taken":["M","?","$","?","M","R","E","M","T","?","?","?","?","M","R","BOSS","M","$","M","?","?","E","?","R","T","R","E","$","?","M","R","BOSS","M","?","?","?","?","E","M","M","T","R","M","R","?","M","R","BOSS"],"items_purchased_type":["Card","Relic","Relic"],"build_version":"2020-12-13","purchased_purges":0,"victory":false,"max_hp_per_floor":[71,71,71,71,71,71,71,71,71,71,71,71,71,71,71,76,76,76,76,76,76,76,86,86,86,86,86,86,86,86,86,86,86,86,86,86,86,86,86,86,86,86,86,86,86,86,86,86,86,86,86],"card_choices":[{"not_picked":["Compile Driver","Steam"],"picked":"Recycle","floor":1},{"not_picked":["Redo","Leap"],"picked":"Defragment","floor":5},{"not_picked":["Conserve Battery","Compile Driver"],"picked":"Reinforced Body","floor":7},{"not_picked":["Streamline","Self Repair"],"picked":"Glacier","floor":8},{"not_picked":["Storm","Reprogram","Hologram"],"picked":"SKIP","floor":12},{"not_picked":["Auto Shields","Force Field"],"picked":"Ball Lightning","floor":14},{"not_picked":["Rainbow","Hyperbeam"],"picked":"Electrodynamics","floor":16},{"not_picked":["Doom and Gloom","Ball Lightning","Rebound"],"picked":"SKIP","floor":18},{"not_picked":["Sunder+1","Force Field+1"],"picked":"Tempest","floor":20},{"not_picked":["Consume+1","Self Repair","BootSequence"],"picked":"SKIP","floor":23},{"not_picked":["Steam Power","BootSequence","Hologram"],"picked":"SKIP","floor":24},{"not_picked":["Turbo","Steam Power+1"],"picked":"Capacitor","floor":28},{"not_picked":["Stack","Coolheaded","Chill"],"picked":"SKIP","floor":31},{"not_picked":["Core Surge","Biased Cognition"],"picked":"Multi-Cast","floor":33},{"not_picked":["Steam Power+1","Genetic Algorithm","Go for the Eyes"],"picked":"SKIP","floor":35},{"not_picked":["Sweeping Beam","Go for the Eyes","Glacier"],"picked":"SKIP","floor":38},{"not_picked":["Beam Cell","Hologram"],"picked":"Lockon+1","floor":40},{"not_picked":["Leap","Undo"],"picked":"Reinforced Body+1","floor":41},{"not_picked":["Rebound","Beam Cell","Cold Snap"],"picked":"SKIP","floor":42},{"not_picked":["Undo","Aggregate","Steam"],"picked":"SKIP","floor":45},{"not_picked":["Darkness","Turbo+1","Recycle"],"picked":"SKIP","floor":48}],"player_experience":1882282,"relics_obtained":[{"floor":4,"key":"StrikeDummy"},{"floor":7,"key":"Symbiotic Virus"},{"floor":9,"key":"Matryoshka"},{"floor":11,"key":"Lantern"},{"floor":11,"key":"Letter Opener"},{"floor":17,"key":"Akabeko"},{"floor":17,"key":"Darkstone Periapt"},{"floor":17,"key":"CaptainsWheel"},{"floor":22,"key":"Blood Vial"},{"floor":22,"key":"InkBottle"},{"floor":23,"key":"Pear"},{"floor":26,"key":"Incense Burner"},{"floor":28,"key":"Bird Faced Urn"},{"floor":37,"key":"The Courier"},{"floor":40,"key":"CeramicFish"},{"floor":43,"key":"Art of War"}],"event_choices":[{"cards_removed":["Defend_B"],"damage_healed":0,"gold_gain":0,"player_choice":"Purged","damage_taken":0,"max_hp_gain":0,"max_hp_loss":0,"event_name":"Purifier","floor":2,"gold_loss":0},{"damage_healed":0,"gold_gain":75,"player_choice":"Gather Gold","damage_taken":11,"max_hp_gain":0,"max_hp_loss":0,"event_name":"World of Goop","floor":10,"gold_loss":0},{"damage_healed":17,"gold_gain":0,"player_choice":"Healed","damage_taken":0,"max_hp_gain":0,"max_hp_loss":0,"event_name":"The Cleric","floor":13,"gold_loss":35},{"damage_healed":0,"gold_gain":0,"player_choice":"","damage_taken":6,"max_hp_gain":0,"max_hp_loss":0,"event_name":"Knowing Skull","floor":21,"potions_obtained":[],"gold_loss":0,"cards_obtained":[]},{"damage_healed":0,"gold_gain":50,"player_choice":"Stole From Cult","damage_taken":0,"max_hp_gain":0,"max_hp_loss":0,"event_name":"Nest","floor":30,"gold_loss":0},{"cards_removed":["Defend_B"],"damage_healed":0,"gold_gain":0,"player_choice":"Removed Skill","damage_taken":0,"max_hp_gain":0,"max_hp_loss":0,"event_name":"Falling","floor":36,"gold_loss":0},{"damage_healed":0,"gold_gain":0,"player_choice":"Ignored","damage_taken":0,"max_hp_gain":0,"max_hp_loss":0,"event_name":"Tomb of Lord Red Mask","floor":39,"gold_loss":0},{"damage_healed":0,"gold_gain":0,"player_choice":"Embrace Madness","damage_taken":15,"max_hp_gain":0,"max_hp_loss":0,"event_name":"Winding Halls","floor":47,"gold_loss":0,"cards_obtained":["Madness","Madness"]}],"is_beta":false,"boss_relics":[{"not_picked":["Ectoplasm","SlaversCollar"],"picked":"Calling Bell"},{"not_picked":["Philosopher\u0027s Stone","Pandora\u0027s Box"],"picked":"Sozu"}],"items_purged_floors":[],"is_endless":false,"potions_floor_spawned":[1,5,16,20,23,24,31,35,45,48],"killed_by":"Donu and Deca","ascension_level":19}}