{"host":"19kf8tqwqindyscq","time":1608304795,"event":{"mods":["2.2 Compatiblity","BaseMod","Colored Map","Colored Powertips","Conspire","Downfall","Hermit","Hubris","Infinite Spire","Minty Spire (QoL Compilation)","Quick Restart","Rare Cards Sparkle","Replay The Spire","StSLib","SuperFastMode","The Bladedancer","The Bug Knight","The Construct","The Cursed","The Disciple","The Hierophant","The Mystic","The Necromancer","The Runesmith","The Servant 0.9.4"],"gold_per_floor":[111,111,131,64,82,82,116,116,116,143,198,198,214,241,241,354,354,383,383,383,27,64,106,106,126,126,126,152,177,177,201,201,315,315,350,363,55,55,67,67],"floor_reached":39,"playtime":2382,"items_purged":[],"score":501,"play_id":"dfdad262-9b44-40de-85fd-3443ca50aebd","local_time":"20201218131955","is_ascension_mode":false,"campfire_choices":[{"data":"blademaster:SharpBlades","floor":6,"key":"SMITH"},{"floor":8,"key":"REST"},{"floor":12,"key":"DIG"},{"floor":15,"key":"REST"},{"floor":24,"key":"REST"},{"floor":27,"key":"REST"},{"floor":32,"key":"REST"}],"circlet_count":0,"master_deck":["blademaster:Strike","blademaster:Strike+1","blademaster:Strike","blademaster:Strike","blademaster:Defend","blademaster:Defend+1","blademaster:Defend","blademaster:Defend","blademaster:RagingBlow","blademaster:HighVoltage+1","blademaster:Flurry+1","blademaster:CullingStrike","blademaster:SharpBlades+1","blademaster:Blockade","blademaster:Quickstep+1","blademaster:RagingBlow+1","blademaster:Momentum","blademaster:LightningDraw+1","blademaster:BloodyBlow+1","blademaster:Havoc","blademaster:DaggerAndCloak","blademaster:Meditate+1","blademaster:ThreePointStrike+1","blademaster:AwakeningStrike+1","blademaster:Sharpen","blademaster:Havoc","blademaster:UnrelentingWind","blademaster:FuriousStrike+1","blademaster:Rupture","blademaster:Meditate","blademaster:Meditate"],"relics":["blademaster:DancersAmulet","White Beast Statue","Shovel","Odd Mushroom","Replay:Bandana","Molten Egg 2","conspire:RoyalGoblet","hubris:EmptyBottle","Gremlin Food","ReplayTheSpireMod:Shallot","Replay:Bottled Steam","Philosopher\u0027s Stone","hubris:DisguiseKit"],"acts_visited":["Exordium","TheCity","TheBeyond"],"potions_floor_usage":[13,16,18,22,22,22,23,23,23,25,25,28,28,29,29,33,33,33,33,36,36],"damage_taken":[{"damage":0,"enemies":"Jaw Worm","floor":1,"turns":5},{"damage":0,"enemies":"Cultist","floor":3,"turns":2},{"damage":11,"enemies":"Small Slimes","floor":5,"turns":3},{"damage":6,"enemies":"Lagavulin","floor":7,"turns":6},{"damage":17,"enemies":"The Mushroom Lair","floor":10,"turns":6},{"damage":10,"enemies":"Gremlin Nob","floor":11,"turns":4},{"damage":0,"enemies":"Exordium Wildlife","floor":13,"turns":2},{"damage":12,"enemies":"Blue Slaver","floor":14,"turns":3},{"damage":0,"enemies":"Fading Forest","floor":16,"turns":11},{"damage":38,"enemies":"Spheric Guardian","floor":18,"turns":6},{"damage":14,"enemies":"2 Thieves","floor":22,"turns":3},{"damage":5,"enemies":"Nightmare","floor":23,"turns":6},{"damage":59,"enemies":"Cultist and Chosen","floor":25,"turns":6},{"damage":20,"enemies":"Snake Plant","floor":28,"turns":5},{"damage":21,"enemies":"Centurion and Healer","floor":29,"turns":6},{"damage":13,"enemies":"Sentry and Sphere","floor":31,"turns":5},{"damage":47,"enemies":"Automaton","floor":33,"turns":8},{"damage":80,"enemies":"3 Darklings","floor":35,"turns":6},{"damage":45,"enemies":"3 Shapes","floor":36,"turns":5},{"damage":94,"enemies":"Transient","floor":39,"turns":4}],"seed_played":"3862803065480105797","potions_obtained":[{"floor":1,"key":"Toxic Potion"},{"floor":5,"key":"Strength Potion"},{"floor":10,"key":"FairyPotion"},{"floor":11,"key":"Explosive Potion"},{"floor":13,"key":"DistilledChaos"},{"floor":14,"key":"Fire Potion"},{"floor":16,"key":"Adrenaline Potion"},{"floor":18,"key":"Languid Potion"},{"floor":22,"key":"Adrenaline Potion"},{"floor":23,"key":"Death Potion"},{"floor":25,"key":"EssenceOfSteel"},{"floor":28,"key":"Block Potion"},{"floor":29,"key":"SteroidPotion"},{"floor":31,"key":"Fire Potion"},{"floor":33,"key":"sneckomod:MuddlingPotion"},{"floor":35,"key":"SkillPotion"},{"floor":36,"key":"FearPotion"}],"is_trial":false,"path_per_floor":["M","?","M","$","M","R","E","R","T","?","?","R","M","M","R","B",null,"M","?","?","$","M","NM","R","M","T","R","M","M","?","M","R","B",null,"M","M","$","?","M"],"character_chosen":"THE_BLADEMASTER","items_purchased":["blademaster:SharpBlades","hubris:EmptyBottle","blademaster:DaggerAndCloak","Gremlin Food","blademaster:Meditate","hubris:DisguiseKit"],"campfire_rested":5,"item_purchase_floors":[4,21,21,21,37,37],"current_hp_per_floor":[82,66,66,66,55,55,49,73,73,56,46,46,46,34,58,68,82,44,44,44,44,30,37,61,5,5,29,15,41,41,31,55,26,82,17,14,14,92,0,0],"gold":67,"neow_bonus":"TEN_PERCENT_HP_BONUS","is_daily":false,"chose_seed":false,"campfire_upgraded":1,"win_rate":0.0,"timestamp":1608304795,"path_taken":["M","?","M","?","M","R","E","R","T","?","?","R","M","M","R","BOSS","M","?","?","$","M","NM","R","?","T","R","M","M","?","M","R","BOSS","M","M","$","?","M"],"items_purchased_type":["Card","Relic","Card","Relic","Card","Relic"],"build_version":"2020-12-13","purchased_purges":0,"victory":false,"max_hp_per_floor":[82,82,82,82,82,82,82,82,82,82,82,82,82,82,82,82,82,82,82,82,82,82,82,82,82,82,82,82,82,82,82,82,82,82,82,82,82,92,92,92],"card_choices":[{"not_picked":["blademaster:ParryingStrike","blademaster:Safeguard"],"picked":"blademaster:Flurry","floor":1},{"not_picked":["blademaster:ChargingUp","blademaster:AirSlash"],"picked":"blademaster:CullingStrike","floor":3},{"not_picked":["blademaster:CombatPrep","blademaster:SlyStabs"],"picked":"blademaster:Blockade","floor":5},{"not_picked":["blademaster:Sharpen","blademaster:DragonStrike","blademaster:Reversal"],"picked":"SKIP","floor":7},{"not_picked":["blademaster:KiBarrier","blademaster:FuriousStrike"],"picked":"blademaster:Quickstep","floor":11},{"not_picked":["blademaster:Stormstrike+1","blademaster:CombatPrep"],"picked":"blademaster:RagingBlow+1","floor":13},{"not_picked":["blademaster:AirSlash+1","blademaster:DaggerAndCloak"],"picked":"blademaster:Momentum","floor":14},{"not_picked":["blademaster:UnrelentingWind","blademaster:BladeDance"],"picked":"blademaster:LightningDraw+1","floor":16},{"not_picked":["blademaster:ChargingUp","blademaster:AirSlash+1"],"picked":"blademaster:BloodyBlow+1","floor":18},{"not_picked":["blademaster:Stability","blademaster:Discharge"],"picked":"blademaster:Meditate+1","floor":22},{"not_picked":["blademaster:Breeze+1","blademaster:HighVoltage"],"picked":"blademaster:ThreePointStrike+1","floor":23},{"not_picked":["blademaster:AwakeningDefend","blademaster:DragonStrike+1"],"picked":"blademaster:AwakeningStrike+1","floor":25},{"not_picked":["blademaster:AirSlash+1","blademaster:Overcharge"],"picked":"blademaster:Sharpen","floor":28},{"not_picked":["blademaster:WindSlash+1","blademaster:Flurry"],"picked":"blademaster:Havoc","floor":29},{"not_picked":["blademaster:ChargingUp","blademaster:OneTrickPony","blademaster:KiBarrier+1"],"picked":"SKIP","floor":31},{"not_picked":["blademaster:LightningDraw+1","blademaster:Blindside+1"],"picked":"blademaster:UnrelentingWind","floor":33},{"not_picked":["blademaster:DragonStrike+1","blademaster:AwakeningDefend+1"],"picked":"blademaster:FuriousStrike+1","floor":35},{"not_picked":["blademaster:AirSlash+1","blademaster:Quickstep"],"picked":"blademaster:Rupture","floor":36}],"player_experience":150891,"relics_obtained":[{"floor":7,"key":"White Beast Statue"},{"floor":7,"key":"blademaster:BleedingLaceratePerk"},{"floor":9,"key":"Shovel"},{"floor":10,"key":"Odd Mushroom"},{"floor":11,"key":"Replay:Bandana"},{"floor":11,"key":"blademaster:BleedingMoreDamagePerk"},{"floor":12,"key":"Molten Egg 2"},{"floor":23,"key":"ReplayTheSpireMod:Shallot"},{"floor":23,"key":"blademaster:BonusFuryPerk"},{"floor":26,"key":"Replay:Bottled Steam"}],"event_choices":[{"damage_healed":0,"gold_gain":0,"player_choice":"Entered Light","damage_taken":16,"max_hp_gain":0,"max_hp_loss":0,"event_name":"Shining Light","floor":2,"gold_loss":0,"cards_upgraded":["blademaster:Strike","blademaster:Flurry"]},{"damage_healed":0,"gold_gain":0,"player_choice":"Fought Mushrooms","damage_taken":0,"max_hp_gain":0,"max_hp_loss":0,"event_name":"Mushrooms","floor":10,"gold_loss":0},{"damage_healed":0,"gold_gain":0,"player_choice":"Searched \u00272\u0027 times","damage_taken":0,"max_hp_gain":0,"max_hp_loss":0,"event_name":"Dead Adventurer","floor":11,"gold_loss":0},{"damage_healed":0,"gold_gain":0,"player_choice":"Leave","damage_taken":0,"max_hp_gain":0,"max_hp_loss":0,"event_name":"conspire:Investor","floor":19,"gold_loss":0},{"damage_healed":0,"gold_gain":0,"player_choice":"2 cards matched","damage_taken":0,"max_hp_gain":0,"max_hp_loss":0,"event_name":"Match and Keep!","floor":20,"gold_loss":0,"cards_obtained":["blademaster:FlockOfBlades","blademaster:Havoc"]},{"cards_removed":["blademaster:FlockOfBlades"],"damage_healed":68,"gold_gain":0,"player_choice":"Offered Rare","damage_taken":0,"max_hp_gain":10,"max_hp_loss":0,"event_name":"Bonfire Elementals","floor":38,"gold_loss":0}],"is_beta":false,"boss_relics":[{"not_picked":["hubris:RunicObelisk","Runic Dome"],"picked":"conspire:RoyalGoblet"},{"not_picked":["construct:WeddingRing","hubris:BlackHole"],"picked":"Philosopher\u0027s Stone"}],"items_purged_floors":[],"is_endless":true,"potions_floor_spawned":[1,5,10,11,13,14,16,18,22,23,25,28,29,31,33,35,36],"killed_by":"Transient","ascension_level":0}}