{"host":"Qube","time":1608327957,"event":{"mods":["AchievementEnabler","BaseMod","Colored Powertips","Minty Spire (QoL Compilation)","Quick Restart","Random Character Button"],"gold_per_floor":[114,132,143,160,160,160,185,185,185,197,208,208,308,343,343,420,420,432,447,417,427,526,526,72,72,72,72,88,100,133,133,133,133,133],"floor_reached":33,"playtime":1184,"items_purged":["Strike_R"],"score":471,"play_id":"ed6a7aac-4a62-4498-8888-f087a771aa29","local_time":"20201218134557","is_ascension_mode":true,"campfire_choices":[{"data":"Searing Blow+1","floor":6.0,"key":"SMITH"},{"data":"Searing Blow+2","floor":8.0,"key":"SMITH"},{"floor":12.0,"key":"REST"},{"data":"Searing Blow+3","floor":15.0,"key":"SMITH"},{"data":"Searing Blow+4","floor":23.0,"key":"SMITH"},{"data":"Searing Blow+5","floor":25.0,"key":"SMITH"},{"data":"Searing Blow+6","floor":27.0,"key":"SMITH"},{"data":"Searing Blow+7","floor":32,"key":"SMITH"}],"circlet_count":0,"master_deck":["AscendersBane","Strike_R","Strike_R","Strike_R","Strike_R","Defend_R","Defend_R","Defend_R","Defend_R","Bash","Body Slam","Uppercut+1","Wild Strike","Searing Blow+8","Evolve","Power Through","Headbutt","Corruption","Madness","Power Through"],"relics":["Black Blood","NeowsBlessing","Eternal Feather","Bottled Tornado","Letter Opener","Sling","Omamori","Singing Bowl","Bottled Flame"],"acts_visited":["Exordium","TheCity"],"potions_floor_usage":[29,30],"damage_taken":[{"damage":0.0,"enemies":"2 Louse","floor":1.0,"turns":1.0},{"damage":0.0,"enemies":"Cultist","floor":2.0,"turns":1.0},{"damage":0.0,"enemies":"Jaw Worm","floor":3.0,"turns":1.0},{"damage":10.0,"enemies":"2 Fungi Beasts","floor":4.0,"turns":4.0},{"damage":45.0,"enemies":"3 Sentries","floor":7.0,"turns":8.0},{"damage":17.0,"enemies":"Exordium Thugs","floor":10.0,"turns":4.0},{"damage":14.0,"enemies":"3 Louse","floor":11.0,"turns":3.0},{"damage":11.0,"enemies":"Gremlin Nob","floor":14.0,"turns":4.0},{"damage":10.0,"enemies":"Slime Boss","floor":16.0,"turns":8.0},{"damage":8.0,"enemies":"Chosen","floor":18.0,"turns":3.0},{"damage":18.0,"enemies":"Shell Parasite","floor":19.0,"turns":7.0},{"damage":31.0,"enemies":"Snake Plant","floor":21.0,"turns":4.0},{"damage":26.0,"enemies":"Cultist and Chosen","floor":28.0,"turns":5.0},{"damage":26,"enemies":"Shelled Parasite and Fungi","floor":29,"turns":6},{"damage":17,"enemies":"Gremlin Leader","floor":30,"turns":4},{"damage":44,"enemies":"Collector","floor":33,"turns":3}],"seed_played":"8923641100987637040","potions_obtained":[{"floor":4.0,"key":"AttackPotion"},{"floor":10.0,"key":"SpeedPotion"},{"floor":11.0,"key":"EssenceOfSteel"},{"floor":14.0,"key":"Regen Potion"},{"floor":18.0,"key":"HeartOfIron"},{"floor":20.0,"key":"SteroidPotion"},{"floor":20.0,"key":"BlessingOfTheForge"},{"floor":21.0,"key":"Ancient Potion"},{"floor":28.0,"key":"ColorlessPotion"}],"is_trial":false,"path_per_floor":["M","M","M","M","?","R","E","R","T","M","M","R","?","E","R","B",null,"M","M","?","M","?","R","$","R","T","R","M","M","E","?","R","B"],"character_chosen":"IRONCLAD","items_purchased":["Madness","Sling","Omamori"],"campfire_rested":1,"item_purchase_floors":[24,24,24],"current_hp_per_floor":[74,75,75,71,56,56,17,26,26,15,7,38,38,33,42,53,70,74,68,68,49,49,58,58,67,67,75,63,51,46,31,43,0,0],"gold":133,"neow_bonus":"THREE_ENEMY_KILL","is_daily":false,"chose_seed":false,"campfire_upgraded":7,"win_rate":0.0,"timestamp":1608327957,"path_taken":["M","M","M","M","?","R","E","R","T","M","M","R","?","E","R","BOSS","M","?","?","?","?","R","$","R","T","R","M","M","E","?","R","BOSS"],"items_purchased_type":["Card","Relic","Relic"],"build_version":"2020-12-17","purchased_purges":1,"victory":false,"max_hp_per_floor":[75,75,75,75,75,75,75,75,75,75,75,75,75,75,75,75,75,75,75,75,75,75,75,75,75,75,75,77,79,79,84,84,84,84],"card_choices":[{"not_picked":["Armaments","Rage"],"picked":"Body Slam","floor":1.0},{"not_picked":["Sword Boomerang","Pommel Strike"],"picked":"Uppercut","floor":2.0},{"not_picked":["Bloodletting","Thunderclap"],"picked":"Wild Strike","floor":3.0},{"not_picked":["Rage","Armaments"],"picked":"Searing Blow","floor":4.0},{"not_picked":["Rampage","Cleave"],"picked":"Evolve","floor":7.0},{"not_picked":["Wild Strike","Uppercut","Rupture"],"picked":"SKIP","floor":10.0},{"not_picked":["Iron Wave","Bludgeon"],"picked":"Power Through","floor":11.0},{"not_picked":["Sword Boomerang","Havoc"],"picked":"Headbutt","floor":14.0},{"not_picked":["Immolate","Impervious"],"picked":"Corruption","floor":16.0},{"not_picked":["Twin Strike","Battle Trance","Disarm"],"picked":"SKIP","floor":18.0},{"not_picked":["Sword Boomerang","Shrug It Off","Seeing Red"],"picked":"SKIP","floor":19.0},{"not_picked":["Anger+1","Body Slam","Clothesline"],"picked":"SKIP","floor":21.0},{"not_picked":["Twin Strike","Sentinel","Body Slam"],"picked":"Singing Bowl","floor":28.0},{"not_picked":["Spot Weakness","Sentinel","Twin Strike"],"picked":"Singing Bowl","floor":29},{"not_picked":["Flex","Fire Breathing"],"picked":"Power Through","floor":30}],"player_experience":712671,"relics_obtained":[{"floor":7.0,"key":"Eternal Feather"},{"floor":9.0,"key":"Bottled Tornado"},{"floor":14.0,"key":"Letter Opener"},{"floor":26.0,"key":"Singing Bowl"},{"floor":30,"key":"Bottled Flame"}],"event_choices":[{"damage_healed":0.0,"max_hp_gain":0.0,"max_hp_loss":0.0,"gold_gain":0.0,"event_name":"Shining Light","player_choice":"Entered Light","floor":5.0,"gold_loss":0.0,"damage_taken":15.0,"cards_upgraded":["Uppercut","Searing Blow"]},{"damage_healed":0.0,"max_hp_gain":0.0,"max_hp_loss":0.0,"gold_gain":100.0,"event_name":"Golden Shrine","player_choice":"Pray","floor":13.0,"gold_loss":0.0,"damage_taken":0.0},{"damage_healed":0.0,"max_hp_gain":0.0,"max_hp_loss":0.0,"gold_gain":0.0,"event_name":"The Woman in Blue","player_choice":"Bought 2 Potions","floor":20.0,"gold_loss":0.0,"damage_taken":0.0},{"damage_healed":0.0,"max_hp_gain":0.0,"max_hp_loss":0.0,"gold_gain":99.0,"event_name":"Nest","player_choice":"Stole From Cult","floor":22.0,"gold_loss":0.0,"damage_taken":0.0},{"damage_healed":0,"gold_gain":0,"player_choice":"Shed Blood","damage_taken":20,"max_hp_gain":5,"max_hp_loss":0,"event_name":"Forgotten Altar","floor":31,"gold_loss":0}],"is_beta":true,"boss_relics":[{"not_picked":["Empty Cage","Black Star"],"picked":"Black Blood"}],"items_purged_floors":[24],"is_endless":false,"potions_floor_spawned":[4,10,11,14,18,21,28],"killed_by":"Collector","ascension_level":14}}