{"host":"1kq2ingo3j45gyyp","time":1608330937,"event":{"mods":["BaseMod","Better Note","Better Third Choice","Minty Spire (QoL Compilation)","Shade Mod","StSLib"],"gold_per_floor":[118,118,118,136,155,183,39,4,4,20,20,100,112,112,112,213,213,226,226,236,67,67,100,100,100,100,100,113,113,17,32,32,127,177,177,177],"floor_reached":35,"playtime":1622,"items_purged":[],"score":398,"play_id":"62d5e1aa-6f31-43dc-bcd2-18749ba5720a","local_time":"20201218173537","is_ascension_mode":false,"campfire_choices":[{"data":"Shade:DangerousRitual","floor":11,"key":"SMITH"},{"data":"Shade:Bonestorm","floor":15,"key":"SMITH"},{"data":"Shade:TouchOfTheGrave","floor":24,"key":"SMITH"},{"floor":32,"key":"REST"}],"circlet_count":0,"master_deck":["Shade:Strike_Shade","Shade:Strike_Shade","Shade:Strike_Shade","Shade:Defend_Shade","Shade:Defend_Shade","Shade:Defend_Shade","Shade:AnimateDead","Shade:CarefulCut","Clumsy","Shade:ScuttlingHand","Shade:Bonestorm+1","Shade:DangerousRitual+1","Shade:FuneraryArmor","Shade:ScuttlingHand","Shade:TouchOfTheGrave+1","Shade:CloudOfShrapnel","Shade:CloudOfShrapnel","Shade:OminousRitual","CurseOfTheBell","Shade:ClawBack+1","Shade:FuneraryJewels","Shade:AncientSpear","Shade:FuneraryJewels","Shade:MadHubris","Shade:Coordination","Shade:ExtraLimbs","Insight+1","Shade:ClawBack+1","Shade:StitchTogether","Shade:UnbarTheGrave+1","Shade:FuneraryArmor+1","Shade:LastGasp+1","Shade:AncientSpear"],"relics":["Shade:YorickSkull","InkBottle","Thread and Needle","Mummified Hand","Calling Bell","Omamori","The Courier","Shovel","Membership Card","Toxic Egg 2","Girya","Tiny House"],"acts_visited":["Exordium","TheCity","TheBeyond"],"potions_floor_usage":[16,18,23,29,33],"damage_taken":[{"damage":2,"enemies":"Jaw Worm","floor":1,"turns":4},{"damage":0,"enemies":"2 Louse","floor":4,"turns":2},{"damage":4,"enemies":"Cultist","floor":5,"turns":4},{"damage":23,"enemies":"Lagavulin","floor":6,"turns":6},{"damage":13,"enemies":"Large Slime","floor":10,"turns":4},{"damage":0,"enemies":"Exordium Wildlife","floor":13,"turns":4},{"damage":17,"enemies":"Hexaghost","floor":16,"turns":9},{"damage":4,"enemies":"Spheric Guardian","floor":18,"turns":6},{"damage":0,"enemies":"Shell Parasite","floor":20,"turns":5},{"damage":30,"enemies":"Slavers","floor":23,"turns":3},{"damage":0,"enemies":"Chosen and Byrds","floor":28,"turns":5},{"damage":13,"enemies":"Colosseum Slavers","floor":29,"turns":4},{"damage":14,"enemies":"Snake Plant","floor":31,"turns":6},{"damage":39,"enemies":"Champ","floor":33,"turns":10},{"damage":46,"enemies":"3 Darklings","floor":35,"turns":4}],"seed_played":"-6865483055363180743","potions_obtained":[{"floor":1,"key":"SpeedPotion"},{"floor":4,"key":"LiquidBronze"},{"floor":6,"key":"Strength Potion"},{"floor":16,"key":"Explosive Potion"},{"floor":20,"key":"Fire Potion"},{"floor":31,"key":"Block Potion"},{"floor":33,"key":"Energy Potion"},{"floor":34,"key":"FearPotion"}],"is_trial":false,"path_per_floor":["M","?","?","M","M","E","$","?","T","M","R","T","M","?","R","B",null,"M","?","M","$","?","E","R","$","T","?","M","?","$","M","R","B",null,"M"],"character_chosen":"SHADE","items_purchased":["Shade:ScuttlingHand","Shade:TouchOfTheGrave","Membership Card","Shade:AncientSpear","Shade:FuneraryJewels","Shade:StitchTogether","Shade:UnbarTheGrave+1"],"campfire_rested":1,"item_purchase_floors":[7,7,21,21,21,30,30],"current_hp_per_floor":[75,75,77,77,73,50,50,69,69,56,56,56,56,56,56,39,77,73,73,73,73,73,43,43,43,43,43,43,30,30,16,39,7,82,36,36],"gold":177,"neow_bonus":"TWENTY_PERCENT_HP_BONUS","is_daily":false,"chose_seed":false,"campfire_upgraded":3,"win_rate":0.0,"timestamp":1608330937,"path_taken":["M","?","?","?","M","E","$","?","T","M","R","?","?","?","R","BOSS","M","?","M","$","?","E","R","$","T","?","?","?","?","M","R","BOSS","M"],"items_purchased_type":["Card","Card","Relic","Card","Card","Card","Card"],"build_version":"2020-12-13","purchased_purges":0,"victory":false,"max_hp_per_floor":[77,77,77,77,77,77,77,77,77,77,77,77,77,77,77,77,77,77,77,77,77,77,77,77,77,77,77,77,77,77,77,77,77,82,82,82],"card_choices":[{"not_picked":["Shade:AuraOfUnlife","Shade:AncientSpear"],"picked":"Shade:ScuttlingHand","floor":1},{"not_picked":["Shade:PressTheAttack","Shade:GraveStillness"],"picked":"Shade:Bonestorm","floor":4},{"not_picked":["Shade:CallOfTheGrave","Shade:FingerOfDeath"],"picked":"Shade:DangerousRitual","floor":5},{"not_picked":["Shade:PotionOfRestlessness","Shade:SelfBurial"],"picked":"Shade:FuneraryArmor","floor":6},{"not_picked":["Shade:Brains","Shade:SkeletonHug"],"picked":"Shade:CloudOfShrapnel","floor":10},{"not_picked":["Shade:WallOfFlesh","Shade:SoulToxin"],"picked":"Shade:CloudOfShrapnel","floor":13},{"not_picked":["Shade:LoseControl","Shade:OfferingToTheBeyond"],"picked":"Shade:OminousRitual","floor":16},{"not_picked":["Shade:Bonestorm","Shade:Brains"],"picked":"Shade:ClawBack+1","floor":18},{"not_picked":["Shade:Premonition","Shade:ClawBack"],"picked":"Shade:FuneraryJewels","floor":20},{"not_picked":["Shade:AncientSpear","Shade:GoDigging+1"],"picked":"Shade:ExtraLimbs","floor":23},{"not_picked":["Shade:Bite_Shade","Shade:Frenzy+1"],"picked":"Shade:ClawBack","floor":28},{"not_picked":["Shade:OpenGraves+1","Shade:FleshLikeOak+1"],"picked":"Shade:FuneraryArmor+1","floor":31},{"not_picked":["Shade:Coordination","Shade:LichForm"],"picked":"Shade:LastGasp+1","floor":33},{"not_picked":["Shade:Premonition+1","Shade:CoffinDance"],"picked":"Shade:AncientSpear","floor":34}],"player_experience":800604,"relics_obtained":[{"floor":6,"key":"InkBottle"},{"floor":9,"key":"Thread and Needle"},{"floor":12,"key":"Mummified Hand"},{"floor":17,"key":"Omamori"},{"floor":17,"key":"The Courier"},{"floor":17,"key":"Shovel"},{"floor":23,"key":"Toxic Egg 2"},{"floor":26,"key":"Girya"}],"event_choices":[{"damage_healed":75,"gold_gain":0,"player_choice":"Embrace Burn","damage_taken":0,"max_hp_gain":0,"max_hp_loss":77,"event_name":"betterThird:BetterShining","floor":2,"gold_loss":0},{"cards_removed":["Burn"],"damage_healed":5,"gold_gain":0,"player_choice":"Offered Common","damage_taken":0,"max_hp_gain":0,"max_hp_loss":0,"event_name":"Bonfire Elementals","floor":3,"gold_loss":0},{"cards_removed":["Burn"],"damage_healed":5,"gold_gain":0,"player_choice":"Offered Special","damage_taken":0,"max_hp_gain":0,"max_hp_loss":0,"event_name":"Bonfire Elementals","floor":3,"gold_loss":0},{"damage_healed":19,"gold_gain":0,"player_choice":"Healed","damage_taken":0,"max_hp_gain":0,"max_hp_loss":0,"event_name":"The Cleric","floor":8,"gold_loss":35},{"damage_healed":0,"gold_gain":0,"player_choice":"Searched \u00271\u0027 times","damage_taken":0,"max_hp_gain":0,"max_hp_loss":0,"event_name":"Dead Adventurer","floor":14,"gold_loss":0},{"damage_healed":0,"gold_gain":0,"player_choice":"Ignored","damage_taken":0,"max_hp_gain":0,"max_hp_loss":0,"event_name":"betterNote:BetterNote","floor":19,"gold_loss":0,"cards_obtained":["Blind"]},{"damage_healed":0,"gold_gain":0,"cards_transformed":["Shade:Strike_Shade","Shade:Defend_Shade"],"player_choice":"Became Test Subject","damage_taken":0,"max_hp_gain":0,"max_hp_loss":0,"event_name":"Drug Dealer","floor":22,"gold_loss":0,"cards_obtained":["Shade:MadHubris","Shade:Coordination"]},{"damage_healed":0,"gold_gain":0,"player_choice":"Insight","damage_taken":0,"max_hp_gain":0,"max_hp_loss":0,"event_name":"betterThird:BetterWriting","floor":27,"gold_loss":0,"cards_obtained":["Insight"]},{"damage_healed":0,"gold_gain":0,"player_choice":"Fight","damage_taken":0,"max_hp_gain":0,"max_hp_loss":0,"event_name":"Colosseum","floor":29,"gold_loss":0},{"damage_healed":0,"gold_gain":0,"player_choice":"Fled From Nobs","damage_taken":0,"max_hp_gain":0,"max_hp_loss":0,"event_name":"Colosseum","floor":29,"gold_loss":0}],"is_beta":false,"boss_relics":[{"not_picked":["Busted Crown","Black Star"],"picked":"Calling Bell"},{"not_picked":["SacredBark","Pandora\u0027s Box"],"picked":"Tiny House"}],"items_purged_floors":[],"is_endless":false,"potions_floor_spawned":[1,4,6,16,20,31,33],"killed_by":"3 Darklings","ascension_level":0}}