{"host":"e1pm3b7xpcm97e5w","time":1608253329,"event":{"mods":["BaseMod","Better Skull","Googly Eyes","Minty Spire (QoL Compilation)","Relic Stats","Shop Mod","Spicy Shops","StSLib"],"gold_per_floor":[210,210,285,298,373,406,406,439,439,439,457,474,484,503,503,601,601,618,224,224,242,242,272,284,39,118,135,155,174,273,304,304,405,405,422,441,122,141,141,141,156,156,156,166,216,117,150,160,160,160],"floor_reached":51,"playtime":2875,"items_purged":["Decay","Streamline"],"score":1003,"play_id":"70b801a7-487c-4142-a633-ef0c58fc2eb1","local_time":"20201217200209","is_ascension_mode":true,"campfire_choices":[{"floor":7.0,"key":"REST"},{"data":"Defragment","floor":10.0,"key":"SMITH"},{"floor":15.0,"key":"REST"},{"data":"Echo Form","floor":32,"key":"SMITH"},{"data":"Defragment","floor":40,"key":"SMITH"},{"data":"Seek","floor":49,"key":"SMITH"}],"circlet_count":0,"master_deck":["Strike_B+1","Defend_B+1","Defend_B","Defend_B","Defend_B","Zap","Dualcast","Defragment+1","Ball Lightning","Chill","Leap","Electrodynamics","Rebound","Core Surge","Seek+1","Self Repair+1","Stack+1","Multi-Cast+1","Loop","Echo Form+1","FTL","Forethought","Coolheaded","Conserve Battery+1","Defragment+1","Buffer","Core Surge","Capacitor+1","Buffer","Madness","Madness","Static Discharge+1","Undo+1","Discovery"],"relics":["Cracked Core","Prayer Wheel","Toy Ornithopter","InkBottle","Astrolabe","HandDrill","Shovel","MealTicket","White Beast Statue","Cables","Thread and Needle","SlaversCollar","Membership Card","FossilizedHelix","ClockworkSouvenir","Bottled Lightning","Lizard Tail","Lantern"],"acts_visited":["Exordium","TheCity","TheBeyond"],"potions_floor_usage":[31,33,33,36,38,38,41,47,50,50,50],"damage_taken":[{"damage":0.0,"enemies":"2 Louse","floor":1.0,"turns":3.0},{"damage":7.0,"enemies":"Jaw Worm","floor":4.0,"turns":4.0},{"damage":17.0,"enemies":"Gremlin Nob","floor":6.0,"turns":4.0},{"damage":17.0,"enemies":"3 Sentries","floor":8.0,"turns":6.0},{"damage":0.0,"enemies":"Cultist","floor":11.0,"turns":2.0},{"damage":2.0,"enemies":"Looter","floor":12.0,"turns":3.0},{"damage":9.0,"enemies":"Exordium Thugs","floor":13.0,"turns":3.0},{"damage":9.0,"enemies":"Red Slaver","floor":14.0,"turns":2.0},{"damage":11.0,"enemies":"Hexaghost","floor":16.0,"turns":9.0},{"damage":1.0,"enemies":"Spheric Guardian","floor":18.0,"turns":4.0},{"damage":27.0,"enemies":"2 Thieves","floor":21.0,"turns":4.0},{"damage":65.0,"enemies":"Slavers","floor":23.0,"turns":7.0},{"damage":14.0,"enemies":"Centurion and Healer","floor":24.0,"turns":8.0},{"damage":13,"enemies":"Cultist and Chosen","floor":27,"turns":8},{"damage":10,"enemies":"Snecko","floor":28,"turns":4},{"damage":3,"enemies":"3 Cultists","floor":29,"turns":3},{"damage":7,"enemies":"Gremlin Leader","floor":31,"turns":5},{"damage":2,"enemies":"Collector","floor":33,"turns":8},{"damage":0,"enemies":"3 Shapes","floor":35,"turns":7},{"damage":10,"enemies":"Orb Walker","floor":36,"turns":5},{"damage":0,"enemies":"Transient","floor":38,"turns":5},{"damage":48,"enemies":"4 Shapes","floor":41,"turns":4},{"damage":0,"enemies":"Sphere and 2 Shapes","floor":44,"turns":5},{"damage":0,"enemies":"Mind Bloom Boss Battle","floor":45,"turns":8},{"damage":0,"enemies":"Nemesis","floor":47,"turns":9},{"damage":34,"enemies":"Jaw Worm Horde","floor":48,"turns":7},{"damage":54,"enemies":"Awakened One","floor":50,"turns":12}],"seed_played":"-8380281600063320507","potions_obtained":[{"floor":6.0,"key":"Block Potion"},{"floor":11.0,"key":"Swift Potion"},{"floor":13.0,"key":"FearPotion"},{"floor":21.0,"key":"PotionOfCapacity"},{"floor":27,"key":"GamblersBrew"},{"floor":28,"key":"Block Potion"},{"floor":29,"key":"FocusPotion"},{"floor":31,"key":"Strength Potion"},{"floor":33,"key":"Strength Potion"},{"floor":35,"key":"GamblersBrew"},{"floor":36,"key":"Fire Potion"},{"floor":38,"key":"Weak Potion"},{"floor":41,"key":"SneckoOil"},{"floor":44,"key":"BlessingOfTheForge"},{"floor":47,"key":"FocusPotion"}],"is_trial":false,"path_per_floor":["M","?","?","M","?","E","R","E","T","R","M","M","M","M","R","B",null,"M","$","?","M","?","E","M","$","T","M","M","M","?","E","R","B",null,"M","M","$","M","?","R","M","?","T","M","?","$","E","M","R","B",null],"character_chosen":"DEFECT","items_purchased":["Loop","HandDrill","Shovel","White Beast Statue","Membership Card","FossilizedHelix","ClockworkSouvenir","Dexterity Potion","FocusPotion"],"campfire_rested":2,"item_purchase_floors":[19,19,19,25,37,37,37,46,46],"current_hp_per_floor":[68,53,42,35,35,18,40,23,23,23,23,26,17,8,30,19,61,70,70,70,53,75,30,26,41,41,38,28,35,35,43,43,51,69,75,65,75,75,66,66,23,23,23,23,43,58,73,59,59,30],"gold":160,"neow_bonus":"HUNDRED_GOLD","is_daily":false,"chose_seed":false,"campfire_upgraded":4,"win_rate":0.0,"timestamp":1608253329,"path_taken":["M","?","?","M","?","E","R","E","T","R","M","M","M","M","R","BOSS","M","$","?","?","?","E","M","?","T","M","M","?","?","E","R","BOSS","M","M","$","M","?","R","M","?","T","M","?","$","E","M","R","BOSS"],"items_purchased_type":["Card","Relic","Relic","Relic","Relic","Relic","Relic","Potion","Potion"],"build_version":"2020-12-13","purchased_purges":2,"victory":true,"max_hp_per_floor":[75,75,75,75,75,75,75,75,75,75,75,75,75,75,75,75,75,75,75,75,75,75,75,75,75,75,75,75,75,75,75,75,75,75,75,75,75,75,75,75,75,75,75,75,75,75,75,75,75,75],"relic_stats":{"Lizard Tail":0,"Shovel":0,"counters":[27,149],"Astrolabe":["Self Repair","Stack","Multi-Cast"],"Prayer Wheel":16,"MealTicket":40,"HandDrill":[30],"obtain_stats":[{"Lantern":47,"Astrolabe":17,"Thread and Needle":31,"White Beast Statue":25,"Cables":26,"ClockworkSouvenir":37,"SlaversCollar":34,"Lizard Tail":45,"Shovel":19,"Prayer Wheel":6,"MealTicket":23,"HandDrill":19,"Membership Card":37,"Bottled Lightning":43,"Cracked Core":0,"Toy Ornithopter":8,"InkBottle":9,"FossilizedHelix":37},{"Lantern":25,"Astrolabe":9,"Thread and Needle":17,"White Beast Statue":13,"Cables":13,"ClockworkSouvenir":20,"SlaversCollar":18,"Lizard Tail":24,"Shovel":10,"Prayer Wheel":3,"MealTicket":12,"HandDrill":10,"Membership Card":20,"Bottled Lightning":22,"Cracked Core":0,"Toy Ornithopter":4,"InkBottle":4,"FossilizedHelix":20},{"Lantern":130,"Astrolabe":36,"Thread and Needle":79,"White Beast Statue":59,"Cables":59,"ClockworkSouvenir":99,"SlaversCollar":87,"Lizard Tail":121,"Shovel":40,"Prayer Wheel":11,"MealTicket":51,"HandDrill":40,"Membership Card":99,"Bottled Lightning":108,"Cracked Core":0,"Toy Ornithopter":17,"InkBottle":17,"FossilizedHelix":99}],"Toy Ornithopter":45,"InkBottle":[49],"Cables":[85,61,23,1,0]},"card_choices":[{"not_picked":["Double Energy","Redo"],"picked":"Streamline","floor":1.0},{"not_picked":["Self Repair","Recycle"],"picked":"Defragment","floor":4.0},{"not_picked":["Compile Driver","Go for the Eyes"],"picked":"Ball Lightning","floor":6.0},{"not_picked":["Reprogram","Steam Power"],"picked":"Chill","floor":8.0},{"not_picked":["Gash","Rebound"],"picked":"Leap","floor":11.0},{"not_picked":["Ball Lightning","Sweeping Beam","Beam Cell"],"picked":"SKIP","floor":11.0},{"not_picked":["Conserve Battery","Beam Cell"],"picked":"Electrodynamics","floor":12.0},{"not_picked":["Sweeping Beam","Beam Cell","Gash"],"picked":"SKIP","floor":12.0},{"not_picked":["Rebound","Leap","Barrage"],"picked":"SKIP","floor":13.0},{"not_picked":["Sweeping Beam","Beam Cell","Skim"],"picked":"SKIP","floor":13.0},{"not_picked":["Hologram","Undo"],"picked":"Rebound","floor":14.0},{"not_picked":["Sweeping Beam","Compile Driver"],"picked":"Core Surge","floor":14.0},{"not_picked":["Meteor Strike","Rainbow"],"picked":"Seek","floor":16.0},{"not_picked":["Go for the Eyes","Streamline","Steam"],"picked":"SKIP","floor":18.0},{"not_picked":["Gash","Skim","Heatsinks"],"picked":"SKIP","floor":18.0},{"not_picked":["Auto Shields","Beam Cell"],"picked":"Coolheaded","floor":21.0},{"not_picked":["Turbo","Leap+1","Ball Lightning"],"picked":"SKIP","floor":21.0},{"not_picked":["Beam Cell+1","Gash","Go for the Eyes"],"picked":"SKIP","floor":23.0},{"not_picked":["Gash","Storm+1"],"picked":"Conserve Battery+1","floor":24.0},{"not_picked":["Turbo","Leap","Redo"],"picked":"SKIP","floor":24.0},{"not_picked":["Reinforced Body","Sweeping Beam","Creative AI"],"picked":"SKIP","floor":27},{"not_picked":["Go for the Eyes","Melter","Compile Driver+1"],"picked":"SKIP","floor":27},{"not_picked":["Go for the Eyes","Stack","Redo+1"],"picked":"SKIP","floor":28},{"not_picked":["Conserve Battery+1","Rebound","Genetic Algorithm"],"picked":"SKIP","floor":28},{"not_picked":["Go for the Eyes","Barrage"],"picked":"Defragment","floor":29},{"not_picked":["Steam","Genetic Algorithm","Cold Snap+1"],"picked":"SKIP","floor":29},{"not_picked":["Undo+1","Aggregate+1"],"picked":"Buffer","floor":31},{"not_picked":["Biased Cognition","Electrodynamics"],"picked":"Core Surge","floor":33},{"not_picked":["Darkness+1","Barrage"],"picked":"Capacitor+1","floor":35},{"not_picked":["Gash+1","Hologram","Reinforced Body+1"],"picked":"SKIP","floor":35},{"not_picked":["Redo+1","Hologram","Gash+1"],"picked":"SKIP","floor":36},{"not_picked":["Steam Power","Barrage+1","Compile Driver"],"picked":"SKIP","floor":36},{"not_picked":["Capacitor","Sweeping Beam+1"],"picked":"Buffer","floor":38},{"not_picked":["Hello World","Rebound+1","Cold Snap+1"],"picked":"SKIP","floor":38},{"not_picked":["Sweeping Beam","FTL"],"picked":"Static Discharge+1","floor":41},{"not_picked":["Consume+1","Streamline+1"],"picked":"Undo+1","floor":41},{"not_picked":["Master of Strategy","Impatience"],"picked":"Discovery","floor":42},{"not_picked":["Gash+1","Heatsinks","Scrape+1"],"picked":"SKIP","floor":44},{"not_picked":["Static Discharge","Streamline+1","Gash+1"],"picked":"SKIP","floor":44},{"not_picked":["Hello World","Rebound","Reprogram+1"],"picked":"SKIP","floor":47},{"not_picked":["Cold Snap+1","Fusion","Turbo+1"],"picked":"SKIP","floor":48},{"not_picked":["Leap+1","Self Repair+1","Melter"],"picked":"SKIP","floor":48}],"player_experience":397079,"relics_obtained":[{"floor":6.0,"key":"Prayer Wheel"},{"floor":8.0,"key":"Toy Ornithopter"},{"floor":9.0,"key":"InkBottle"},{"floor":23.0,"key":"MealTicket"},{"floor":26,"key":"Cables"},{"floor":31,"key":"Thread and Needle"},{"floor":43,"key":"Bottled Lightning"},{"floor":45,"key":"Lizard Tail"},{"floor":47,"key":"Lantern"}],"event_choices":[{"damage_healed":0.0,"max_hp_gain":0.0,"max_hp_loss":0.0,"gold_gain":0.0,"event_name":"Shining Light","player_choice":"Entered Light","floor":2.0,"gold_loss":0.0,"damage_taken":15.0,"cards_upgraded":["Strike_B","Defend_B"]},{"damage_healed":0.0,"max_hp_gain":0.0,"max_hp_loss":0.0,"gold_gain":75.0,"event_name":"World of Goop","player_choice":"Gather Gold","floor":3.0,"gold_loss":0.0,"damage_taken":11.0},{"damage_healed":0.0,"max_hp_gain":0.0,"max_hp_loss":0.0,"gold_gain":75.0,"event_name":"Golden Wing","player_choice":"Gained Gold","floor":5.0,"gold_loss":0.0,"damage_taken":0.0},{"damage_healed":0.0,"max_hp_gain":0.0,"max_hp_loss":0.0,"gold_gain":0.0,"event_name":"Match and Keep!","player_choice":"3 cards matched","floor":20.0,"gold_loss":0.0,"damage_taken":0.0,"cards_obtained":["Echo Form","FTL","Forethought"]},{"damage_healed":22.0,"max_hp_gain":0.0,"max_hp_loss":0.0,"gold_gain":0.0,"event_name":"Wheel of Change","player_choice":"Full Heal","floor":22.0,"gold_loss":0.0,"damage_taken":0.0},{"damage_healed":0,"gold_gain":99,"player_choice":"Stole From Cult","damage_taken":0,"max_hp_gain":0,"max_hp_loss":0,"event_name":"Nest","floor":30,"gold_loss":0},{"damage_healed":0,"gold_gain":0,"player_choice":"Embrace Madness","damage_taken":9,"max_hp_gain":0,"max_hp_loss":0,"event_name":"Winding Halls","floor":39,"gold_loss":0,"cards_obtained":["Madness","Madness"]},{"damage_healed":0,"gold_gain":0,"player_choice":"Memory 1","damage_taken":0,"max_hp_gain":0,"max_hp_loss":0,"event_name":"SensoryStone","floor":42,"gold_loss":0},{"damage_healed":0,"gold_gain":0,"player_choice":"Fight","damage_taken":0,"max_hp_gain":0,"max_hp_loss":0,"event_name":"MindBloom","floor":45,"gold_loss":0}],"is_beta":false,"boss_relics":[{"not_picked":["Cursed Key","Philosopher\u0027s Stone"],"picked":"Astrolabe"},{"not_picked":["Inserter","Sozu"],"picked":"SlaversCollar"}],"items_purged_floors":[37,46],"is_endless":false,"potions_floor_spawned":[6,11,13,21,27,28,29,31,33,35,36,38,41,44,45,47,48],"ascension_level":7}}