{"host":"5bdt6s51dmpd4l3v","time":1608279968,"event":{"mods":["AchievementEnabler","BaseMod","Colored Map","Colored Powertips","Highlight Path","Minty Spire (QoL Compilation)","Rare Cards Sparkle","StSLib"],"gold_per_floor":[118,118,137,147,159,184,184,202,229,229,241,257,257,130,130,230,230,244,263,19,39,39,39,64,76,112,138,150,150],"floor_reached":28,"playtime":782,"items_purged":[],"score":375,"play_id":"856b2b88-4f99-4c9f-a5dc-840f1135af79","local_time":"20201218162608","is_ascension_mode":true,"campfire_choices":[{"floor":7,"key":"REST"},{"data":"Limit Break","floor":10,"key":"SMITH"},{"data":"Flex","floor":13,"key":"SMITH"},{"data":"Armaments","floor":15,"key":"SMITH"},{"floor":23,"key":"REST"},{"floor":25,"key":"REST"}],"circlet_count":0,"master_deck":["AscendersBane","Strike_R","Strike_R","Strike_R","Strike_R","Strike_R","Defend_R","Defend_R","Defend_R","Defend_R","Bash","Rage+1","Headbutt","Flex+1","Limit Break+1","Twin Strike","Inflame","Armaments+1","Offering","Whirlwind+1","Heavy Blade+1","Pommel Strike+1","Twin Strike+1"],"relics":["Burning Blood","NeowsBlessing","Blue Candle","Bag of Preparation","Black Star","Molten Egg 2","MawBank","Dream Catcher","Omamori"],"acts_visited":["Exordium","TheCity"],"potions_floor_usage":[8,11,16,16,19,27],"damage_taken":[{"damage":0,"enemies":"Jaw Worm","floor":1,"turns":1},{"damage":0,"enemies":"Cultist","floor":3,"turns":1},{"damage":0,"enemies":"Small Slimes","floor":4,"turns":1},{"damage":19,"enemies":"3 Louse","floor":5,"turns":5},{"damage":52,"enemies":"Lagavulin","floor":6,"turns":7},{"damage":8,"enemies":"Blue Slaver","floor":8,"turns":3},{"damage":0,"enemies":"2 Fungi Beasts","floor":11,"turns":2},{"damage":6,"enemies":"Large Slime","floor":12,"turns":6},{"damage":16,"enemies":"Hexaghost","floor":16,"turns":7},{"damage":18,"enemies":"Chosen","floor":18,"turns":4},{"damage":24,"enemies":"2 Thieves","floor":19,"turns":4},{"damage":21,"enemies":"Snake Plant","floor":21,"turns":3},{"damage":46,"enemies":"Gremlin Leader","floor":24,"turns":5},{"damage":32,"enemies":"Shelled Parasite and Fungi","floor":27,"turns":3},{"damage":19,"enemies":"Slavers","floor":28,"turns":1}],"seed_played":"2165023397224697019","potions_obtained":[{"floor":1,"key":"SpeedPotion"},{"floor":6,"key":"Explosive Potion"},{"floor":8,"key":"LiquidMemories"},{"floor":12,"key":"Regen Potion"},{"floor":18,"key":"Fruit Juice"},{"floor":24,"key":"Dexterity Potion"}],"is_trial":false,"path_per_floor":["M","?","M","M","M","E","R","M","T","R","M","M","R","$","R","B",null,"M","M","$","M","?","R","E","R","T","M","E"],"character_chosen":"IRONCLAD","items_purchased":["Inflame","Armaments","Molten Egg 2"],"campfire_rested":3,"item_purchase_floors":[14,14,20],"current_hp_per_floor":[78,78,80,80,67,21,45,43,43,43,49,49,49,49,49,54,74,62,49,49,34,34,59,19,44,44,18,0,0],"gold":150,"neow_bonus":"THREE_ENEMY_KILL","is_daily":false,"chose_seed":false,"campfire_upgraded":3,"win_rate":0.0,"timestamp":1608279968,"path_taken":["M","?","?","M","M","E","R","M","T","R","M","M","R","$","R","BOSS","M","M","$","M","?","R","E","R","T","M","E"],"items_purchased_type":["Card","Card","Relic"],"build_version":"2020-12-13","purchased_purges":0,"victory":false,"max_hp_per_floor":[80,80,80,80,80,80,80,80,80,80,80,80,80,80,80,80,80,80,85,85,85,85,85,85,85,85,85,85,85],"card_choices":[{"not_picked":["Reckless Charge","Warcry"],"picked":"Rage","floor":1},{"not_picked":["Thunderclap","Heavy Blade"],"picked":"Headbutt","floor":3},{"not_picked":["Searing Blow","Clash"],"picked":"Flex","floor":4},{"not_picked":["Infernal Blade","Warcry","Perfected Strike"],"picked":"SKIP","floor":5},{"not_picked":["Sever Soul","Body Slam"],"picked":"Limit Break","floor":6},{"not_picked":["Searing Blow","Burning Pact","Uppercut"],"picked":"SKIP","floor":8},{"not_picked":["Sever Soul","Perfected Strike"],"picked":"Twin Strike","floor":11},{"not_picked":["Pommel Strike","Evolve","Havoc"],"picked":"SKIP","floor":12},{"not_picked":["Corruption","Demon Form"],"picked":"Offering","floor":16},{"not_picked":["True Grit","Body Slam"],"picked":"Whirlwind+1","floor":18},{"not_picked":["Fire Breathing+1","Headbutt"],"picked":"Heavy Blade+1","floor":19},{"not_picked":["Cleave+1","Rupture","Warcry"],"picked":"SKIP","floor":21},{"not_picked":["Warcry","Searing Blow+1"],"picked":"Pommel Strike+1","floor":24},{"not_picked":["Searing Blow+1","Dropkick+1"],"picked":"Twin Strike+1","floor":25},{"not_picked":["Rampage+1","Rupture","Shrug It Off"],"picked":"SKIP","floor":27}],"player_experience":131308,"relics_obtained":[{"floor":6,"key":"Blue Candle"},{"floor":9,"key":"Bag of Preparation"},{"floor":24,"key":"MawBank"},{"floor":24,"key":"Dream Catcher"},{"floor":26,"key":"Omamori"}],"event_choices":[{"damage_healed":0,"gold_gain":0,"player_choice":"Upgraded","damage_taken":0,"max_hp_gain":0,"max_hp_loss":0,"event_name":"Upgrade Shrine","floor":2,"gold_loss":0,"cards_upgraded":["Rage"]}],"is_beta":false,"boss_relics":[{"not_picked":["Sozu","Velvet Choker"],"picked":"Black Star"}],"items_purged_floors":[],"is_endless":false,"potions_floor_spawned":[1,6,8,12,18,24],"killed_by":"Slavers","ascension_level":11}}