{"host":"n529wyrjhujcvty3","time":1608269643,"event":{"mods":["2.2 Compatiblity","Act Like it!","BaseMod","Better Third Choice","Lobotomy","Marisa¡]Ãú«B¡@Å]²z¨F¡^","Minty Spire (QoL Compilation)","Shop Mod","StSLib","Td1madao Mod","The Runesmith"],"gold_per_floor":[116,126,126,76,1,30,30,30,30,30,59,76,111,121,121,222,222,232,248,248,163,163,163,194,194,194,207,89,124,124,156,156,256,256,274,274,149,149,169,169,195,195,195,212,212,238,238,263,263,263,263,263,61,87,87],"floor_reached":56,"playtime":4303,"items_purged":["Strike_R","Strike_R","Defend_R","Defend_R"],"score":1625,"play_id":"37427362-fb0f-4eab-b3b5-7c473d42db33","local_time":"20201218133403","is_ascension_mode":true,"campfire_choices":[{"floor":10.0,"key":"REST"},{"data":"Spot Weakness","floor":15.0,"key":"SMITH"},{"floor":23.0,"key":"REST"},{"data":"Warcry","floor":25.0,"key":"SMITH"},{"data":"Dark Embrace","floor":30.0,"key":"SMITH"},{"data":"Inflame","floor":32.0,"key":"SMITH"},{"floor":40.0,"key":"REST"},{"data":"Demon Form","floor":42.0,"key":"SMITH"},{"data":"Combust","floor":45.0,"key":"SMITH"},{"floor":47.0,"key":"RECALL"},{"data":"Feel No Pain","floor":49.0,"key":"SMITH"},{"data":"Ghostly","floor":52.0,"key":"SMITH"}],"circlet_count":0,"master_deck":["Reaper","Whirlwind+1","Combust+1","Disarm","Sword Boomerang+1","Apotheosis+1","Spot Weakness+1","Sword Boomerang","Double Tap","Inflame+1","Ghostly+1","Ghostly","Ghostly","Ghostly","Ghostly","Warcry+1","Dark Embrace+1","Burning Pact+1","Impervious+1","Double Tap+1","Feel No Pain+1","Carnage","Limit Break+1","Demon Form+1","Entrench+1","Pummel+1","Warcry+1","Heavy Blade"],"relics":["Burning Blood","Champion Belt","Art of War","Blood Vial","SlaversCollar","Tiny Chest","Smiling Mask","Toxic Egg 2","Bag of Marbles","Calipers","Philosopher\u0027s Stone","Letter Opener","Runesmith:Locket","Meat on the Bone","Paper Frog","Whetstone"],"acts_visited":["Exordium","TheCity","TheBeyond","TheEnding"],"potions_floor_usage":[55,55,55],"damage_taken":[{"damage":9.0,"enemies":"Jaw Worm","floor":1.0,"turns":4.0},{"damage":9.0,"enemies":"2 Louse","floor":2.0,"turns":2.0},{"damage":44.0,"enemies":"Lagavulin","floor":6.0,"turns":7.0},{"damage":17.0,"enemies":"3 Sentries","floor":11.0,"turns":5.0},{"damage":8.0,"enemies":"Small Slimes","floor":12.0,"turns":2.0},{"damage":29.0,"enemies":"Gremlin Nob","floor":13.0,"turns":4.0},{"damage":7.0,"enemies":"3 Louse","floor":14.0,"turns":2.0},{"damage":43.0,"enemies":"Slime Boss","floor":16.0,"turns":7.0},{"damage":24.0,"enemies":"Chosen","floor":18.0,"turns":6.0},{"damage":30.0,"enemies":"2 Thieves","floor":19.0,"turns":3.0},{"damage":14.0,"enemies":"Slavers","floor":24.0,"turns":5.0},{"damage":17.0,"enemies":"Centurion and Healer","floor":27.0,"turns":6.0},{"damage":15.0,"enemies":"Book of Stabbing","floor":29.0,"turns":6.0},{"damage":4.0,"enemies":"Gremlin Leader","floor":31.0,"turns":4.0},{"damage":2.0,"enemies":"Collector","floor":33.0,"turns":8.0},{"damage":3.0,"enemies":"Orb Walker","floor":35.0,"turns":4.0},{"damage":39.0,"enemies":"3 Darklings","floor":39.0,"turns":4.0},{"damage":0.0,"enemies":"Reptomancer","floor":41.0,"turns":4.0},{"damage":3.0,"enemies":"Jaw Worm Horde","floor":44.0,"turns":4.0},{"damage":4.0,"enemies":"Giant Head","floor":46.0,"turns":6.0},{"damage":0.0,"enemies":"Reptomancer","floor":48.0,"turns":5.0},{"damage":3.0,"enemies":"Time Eater","floor":50.0,"turns":7.0},{"damage":38.0,"enemies":"Shield and Spear","floor":54.0,"turns":7.0},{"damage":12,"enemies":"The Heart","floor":55,"turns":6}],"seed_played":"7668475964765513915","potions_obtained":[{"floor":1.0,"key":"ColorlessPotion"},{"floor":12.0,"key":"EssenceOfSteel"},{"floor":16.0,"key":"Fire Potion"},{"floor":18.0,"key":"SneckoOil"},{"floor":33.0,"key":"SpeedPotion"},{"floor":39.0,"key":"Dexterity Potion"},{"floor":41.0,"key":"AttackPotion"},{"floor":48.0,"key":"FearPotion"}],"is_trial":false,"path_per_floor":["M","M","?","?","$","E","?","?","T","R","E","M","E","M","R","B",null,"M","M","?","?","?","R","E","R","T","M","$","E","R","E","R","B",null,"M","?","$","T","M","R","E","R","T","M","R","E","R","E","R","B",null,"R","$","E","B",null],"character_chosen":"IRONCLAD","items_purchased":["Dark Embrace","Limit Break+1","Warcry+1","Heavy Blade","Strength Potion"],"campfire_rested":3,"item_purchase_floors":[28,37,53,53,53],"current_hp_per_floor":[53,58,58,58,58,26,26,26,26,50,54,57,34,43,43,27,67,51,29,14,14,14,26,27,27,27,42,42,42,42,42,42,42,42,42,42,42,42,9,21,42,42,42,42,42,42,42,42,42,42,42,42,42,42,36],"gold":87,"neow_bonus":"TRANSFORM_TWO_CARDS","is_daily":false,"chose_seed":false,"campfire_upgraded":8,"win_rate":0.0,"timestamp":1608269643,"path_taken":["M","M","?","?","?","E","?","?","T","R","E","?","E","M","R","BOSS","M","M","?","?","?","R","E","R","T","?","$","E","R","E","R","BOSS","M","?","$","?","M","R","E","R","T","?","R","E","R","E","R","BOSS","R","$","E","BOSS"],"items_purchased_type":["Card","Card","Card","Card","Potion"],"build_version":"2020-12-13","purchased_purges":4,"victory":true,"max_hp_per_floor":[80,80,80,80,80,80,80,80,80,80,80,80,80,80,80,80,80,80,80,85,85,42,42,42,42,42,42,42,42,42,42,42,42,42,42,42,42,42,42,42,42,42,42,42,42,42,42,42,42,42,42,42,42,42,42],"card_choices":[{"not_picked":["Shrug It Off","Pommel Strike"],"picked":"Combust","floor":1.0},{"not_picked":["Ghostly Armor","Headbutt","Anger"],"picked":"SKIP","floor":2.0},{"not_picked":["Wild Strike","Havoc"],"picked":"Sword Boomerang","floor":6.0},{"not_picked":["Flame Barrier","True Grit","Carnage"],"picked":"SKIP","floor":11.0},{"not_picked":["Double Tap","Shrug It Off"],"picked":"Spot Weakness","floor":12.0},{"not_picked":["Havoc","Clash"],"picked":"Sword Boomerang","floor":13.0},{"not_picked":["Iron Wave","Armaments","Intimidate"],"picked":"SKIP","floor":14.0},{"not_picked":["Feed","Exhume"],"picked":"Double Tap","floor":16.0},{"not_picked":["Havoc+1","Sever Soul"],"picked":"Inflame","floor":18.0},{"not_picked":["Armaments+1","Iron Wave+1","Spot Weakness"],"picked":"SKIP","floor":19.0},{"not_picked":["Pommel Strike","Shrug It Off"],"picked":"Warcry","floor":24.0},{"not_picked":["Power Through+1","Carnage","Thunderclap"],"picked":"SKIP","floor":27.0},{"not_picked":["Warcry+1","Second Wind+1"],"picked":"Burning Pact+1","floor":29.0},{"not_picked":["Sword Boomerang","Iron Wave+1"],"picked":"Impervious+1","floor":31.0},{"not_picked":["Corruption","Exhume+1"],"picked":"Double Tap+1","floor":33.0},{"not_picked":["Seeing Red+1","Cleave+1"],"picked":"Feel No Pain","floor":35.0},{"not_picked":["Wild Strike","Pommel Strike+1","Cleave+1"],"picked":"SKIP","floor":39.0},{"not_picked":["Wild Strike","Infernal Blade+1"],"picked":"Demon Form","floor":41.0},{"not_picked":["Sever Soul+1","Pommel Strike"],"picked":"Entrench+1","floor":44.0},{"not_picked":["Clash+1","Feel No Pain+1","True Grit+1"],"picked":"SKIP","floor":46.0},{"not_picked":["Twin Strike+1","Flex+1"],"picked":"Pummel+1","floor":48.0},{"not_picked":["Twin Strike","Havoc+1","Clash"],"picked":"SKIP","floor":54.0}],"player_experience":369642,"relics_obtained":[{"floor":6.0,"key":"Dream Catcher"},{"floor":9.0,"key":"Champion Belt"},{"floor":11.0,"key":"Art of War"},{"floor":13.0,"key":"Blood Vial"},{"floor":24.0,"key":"Smiling Mask"},{"floor":26.0,"key":"Toxic Egg 2"},{"floor":29.0,"key":"Bag of Marbles"},{"floor":31.0,"key":"Calipers"},{"floor":38.0,"key":"Letter Opener"},{"floor":41.0,"key":"Runesmith:Locket"},{"floor":46.0,"key":"Meat on the Bone"},{"floor":48.0,"key":"Paper Frog"},{"floor":54.0,"key":"Whetstone"}],"event_choices":[{"damage_healed":0.0,"max_hp_gain":0.0,"max_hp_loss":0.0,"gold_gain":0.0,"cards_transformed":["Strike_R"],"event_name":"Living Wall","player_choice":"Change","floor":3.0,"gold_loss":0.0,"damage_taken":0.0,"cards_obtained":["Disarm"]},{"cards_removed":["Defend_R"],"damage_healed":0.0,"max_hp_gain":0.0,"max_hp_loss":0.0,"gold_gain":0.0,"event_name":"The Cleric","player_choice":"Card Removal","floor":4.0,"gold_loss":50.0,"damage_taken":0.0},{"damage_healed":26.0,"max_hp_gain":0.0,"max_hp_loss":80.0,"gold_gain":0.0,"event_name":"betterThird:BetterShining","player_choice":"Protect","floor":7.0,"gold_loss":1.0,"damage_taken":0.0},{"cards_removed":["Strike_R"],"damage_healed":0.0,"max_hp_gain":0.0,"max_hp_loss":0.0,"gold_gain":0.0,"event_name":"Bonfire Elementals","player_choice":"Offered Basic","floor":8.0,"gold_loss":0.0,"damage_taken":0.0},{"damage_healed":0.0,"max_hp_gain":5.0,"max_hp_loss":0.0,"gold_gain":0.0,"event_name":"Forgotten Altar","player_choice":"Shed Blood","floor":20.0,"gold_loss":0.0,"damage_taken":20.0},{"damage_healed":0.0,"max_hp_gain":0.0,"max_hp_loss":0.0,"gold_gain":0.0,"event_name":"Addict","player_choice":"Obtained Relic","floor":21.0,"gold_loss":85.0,"damage_taken":0.0,"relics_obtained":["Tiny Chest"]},{"damage_healed":0.0,"max_hp_gain":0.0,"max_hp_loss":43.0,"gold_gain":0.0,"event_name":"Ghosts","player_choice":"Became a Ghost","floor":22.0,"gold_loss":0.0,"damage_taken":0.0,"cards_obtained":["Ghostly","Ghostly","Ghostly","Ghostly","Ghostly"]},{"damage_healed":0.0,"max_hp_gain":0.0,"max_hp_loss":0.0,"gold_gain":0.0,"cards_transformed":["Defend_R"],"event_name":"Transmorgrifier","player_choice":"Transformed","floor":36.0,"gold_loss":0.0,"damage_taken":0.0,"cards_obtained":["Carnage"]}],"is_beta":false,"boss_relics":[{"not_picked":["Runic Dome","Runesmith:UraniumAnvil"],"picked":"SlaversCollar"},{"not_picked":["Tiny House","Empty Cage"],"picked":"Philosopher\u0027s Stone"}],"items_purged_floors":[5,28,37,53],"is_endless":false,"potions_floor_spawned":[1,12,16,18,33,39,41,48],"ascension_level":5}}