{"host":"r6jigiblrojhp6xe","time":1608263510,"event":{"mods":["AchievementEnabler","BaseMod","DeckTracker","Minty Spire (QoL Compilation)","Quick Restart","Rare Cards Sparkle","Relic Stats","StSLib","SuperFastMode","everything is the same but u backflip on backflip"],"gold_per_floor":[111,161,181,181,55,87,11,28,53,53,65,65,65,83,83,159,159,177,191,191,191,116,116,148,148,148],"floor_reached":25,"playtime":435,"items_purged":["Defend_P"],"score":488,"play_id":"4c2194c5-1beb-42d0-9471-acc8abaf0e2a","local_time":"20201218125150","is_ascension_mode":true,"campfire_choices":[{"data":"Eruption","floor":10.0,"key":"SMITH"},{"data":"Devotion","floor":12.0,"key":"SMITH"},{"data":"TalkToTheHand","floor":15.0,"key":"SMITH"},{"data":"Devotion","floor":23,"key":"SMITH"}],"circlet_count":0,"master_deck":["AscendersBane","Strike_P","Strike_P","Defend_P","Defend_P","Eruption+1","Vigilance","CrushJoints","FollowUp","EmptyFist","Devotion+1","TalkToTheHand+1","FlurryOfBlows","Pray+1","Devotion+1","SashWhip+1","CutThroughFate","InnerPeace","WaveOfTheHand","SignatureMove"],"relics":["PureWater","NeowsBlessing","Vajra","Toy Ornithopter","Coffee Dripper","Art of War"],"acts_visited":["Exordium","TheCity"],"potions_floor_usage":[24],"damage_taken":[{"damage":0.0,"enemies":"2 Louse","floor":1.0,"turns":1.0},{"damage":0.0,"enemies":"Cultist","floor":3.0,"turns":1.0},{"damage":0.0,"enemies":"3 Sentries","floor":6.0,"turns":1.0},{"damage":7.0,"enemies":"Small Slimes","floor":8.0,"turns":3.0},{"damage":2.0,"enemies":"Blue Slaver","floor":11.0,"turns":3.0},{"damage":1.0,"enemies":"Large Slime","floor":14.0,"turns":3.0},{"damage":30.0,"enemies":"The Guardian","floor":16.0,"turns":8.0},{"damage":19,"enemies":"Shell Parasite","floor":18,"turns":4},{"damage":1,"enemies":"Chosen","floor":19,"turns":5},{"damage":23,"enemies":"Gremlin Leader","floor":24,"turns":6},{"damage":37,"enemies":"Shelled Parasite and Fungi","floor":25,"turns":2}],"seed_played":"3483627876651632579","potions_obtained":[{"floor":6.0,"key":"FearPotion"},{"floor":8.0,"key":"LiquidMemories"},{"floor":18,"key":"SteroidPotion"}],"is_trial":false,"path_per_floor":["M","?","M","?","$","E","$","M","T","R","M","R","?","M","R","B",null,"M","M","?","?","?","R","E","M"],"character_chosen":"WATCHER","items_purchased":["EmptyFist","TalkToTheHand"],"campfire_rested":0,"item_purchase_floors":[5,7],"current_hp_per_floor":[61,55,55,60,60,60,60,53,53,53,51,51,51,50,50,20,60,41,40,40,55,55,55,37,0,0],"gold":148,"neow_bonus":"THREE_ENEMY_KILL","is_daily":false,"chose_seed":false,"campfire_upgraded":4,"win_rate":0.0,"timestamp":1608263510,"path_taken":["M","?","?","?","$","E","$","M","T","R","M","R","?","?","R","BOSS","M","M","?","?","?","R","E","M"],"items_purchased_type":["Card","Card"],"build_version":"2020-12-13","purchased_purges":1,"victory":false,"max_hp_per_floor":[68,68,68,73,73,73,73,73,73,73,73,73,73,73,73,73,73,73,73,73,73,73,73,73,73,73],"relic_stats":{"counters":[11,37],"Art of War":[0],"obtain_stats":[{"NeowsBlessing":0,"Vajra":6,"Coffee Dripper":17,"Art of War":24,"PureWater":0,"Toy Ornithopter":9},{"NeowsBlessing":0,"Vajra":3,"Coffee Dripper":7,"Art of War":10,"PureWater":0,"Toy Ornithopter":4},{"NeowsBlessing":0,"Vajra":3,"Coffee Dripper":20,"Art of War":35,"PureWater":0,"Toy Ornithopter":6}],"Toy Ornithopter":5},"card_choices":[{"not_picked":["ClearTheMind","Swivel"],"picked":"CrushJoints","floor":1.0},{"not_picked":["CrushJoints","EmptyBody"],"picked":"FollowUp","floor":3.0},{"not_picked":["Consecrate","FlurryOfBlows"],"picked":"Devotion","floor":6.0},{"not_picked":["ClearTheMind","JustLucky"],"picked":"FlurryOfBlows","floor":8.0},{"not_picked":["Consecrate","JustLucky"],"picked":"Pray","floor":11.0},{"not_picked":["EmptyBody","Protect","Fasting2"],"picked":"SKIP","floor":14.0},{"not_picked":["DeusExMachina","SpiritShield"],"picked":"Devotion","floor":16.0},{"not_picked":["Indignation","ClearTheMind+1"],"picked":"SashWhip+1","floor":18},{"not_picked":["ThirdEye+1","LikeWater+1"],"picked":"CutThroughFate","floor":19},{"not_picked":["Adaptation+1","Weave+1"],"picked":"SignatureMove","floor":24}],"player_experience":501166,"relics_obtained":[{"floor":6.0,"key":"Vajra"},{"floor":9.0,"key":"Toy Ornithopter"},{"floor":24,"key":"Art of War"}],"event_choices":[{"damage_healed":0.0,"max_hp_gain":0.0,"max_hp_loss":0.0,"gold_gain":50.0,"event_name":"FaceTrader","player_choice":"Touch","floor":2.0,"gold_loss":0.0,"damage_taken":6.0},{"damage_healed":0.0,"max_hp_gain":5.0,"max_hp_loss":0.0,"gold_gain":0.0,"event_name":"Big Fish","player_choice":"Donut","floor":4.0,"gold_loss":0.0,"damage_taken":0.0},{"damage_healed":0.0,"max_hp_gain":0.0,"max_hp_loss":0.0,"gold_gain":0.0,"event_name":"Accursed Blacksmith","player_choice":"Forge","floor":13.0,"gold_loss":0.0,"damage_taken":0.0,"cards_upgraded":["Pray"]},{"damage_healed":0,"gold_gain":0,"cards_transformed":["Strike_P","Strike_P"],"player_choice":"Became Test Subject","damage_taken":0,"max_hp_gain":0,"max_hp_loss":0,"event_name":"Drug Dealer","floor":20,"gold_loss":0,"cards_obtained":["InnerPeace","WaveOfTheHand"]},{"damage_healed":15,"gold_gain":0,"player_choice":"Heal","damage_taken":0,"max_hp_gain":0,"max_hp_loss":0,"event_name":"The Library","floor":21,"gold_loss":0},{"cards_removed":["Defend_P"],"damage_healed":0,"gold_gain":0,"player_choice":"Gave Gold","damage_taken":0,"max_hp_gain":0,"max_hp_loss":0,"event_name":"Beggar","floor":22,"gold_loss":75}],"is_beta":false,"boss_relics":[{"not_picked":["Tiny House","Snecko Eye"],"picked":"Coffee Dripper"}],"items_purged_floors":[5],"is_endless":false,"potions_floor_spawned":[6,8,11,18],"killed_by":"Shelled Parasite and Fungi","ascension_level":20}}