{"host":"rbccvrvdyhsypb23","time":1608330860,"event":{"mods":["AchievementEnabler","Act Like it!","Aspiration","BaseMod","Better Third Choice","BetterRewards","Downfall","Friendly Minions","Infinite Spire","Ironclad Rager","KomeijiMod","Minty Spire (QoL Compilation)","Replay The Spire","Shade Mod","StSLib","The Blackbeard","The Mystic","The Runesmith","TheBandit","Wandering Minibosses","vexMod"],"gold_per_floor":[112,124,116,116,135,156,172,195,195,195,222,229,329,31,31,121,121,138,149,149,149,161,181,181,192,192,192,220,963,963,989,989,1148,1148,1242,1335,1435,1435,1129,1231,1326,1426,1426,1476,1607,1728,1728,1873,1873,2092,2092,2244,2398,2398,2566,2609,2798,2824,3032,3032,3032,3246,3466,3478,3714,3714,4036,4036,4303,4586,4883,4983,5313,5683,5440,5440,5440,5792,5792,6188,5800,6192,6192,6679,6679,7122,7122,7159,7259,7733,8268,8268,8831,8831,9418,10043,10692,11397,11397,11397,12210,12210,12210,11643,12409,13287],"floor_reached":107,"playtime":3248,"items_purged":["blackbeard:BlackbeardDefend","Finesse","blackbeard:Upgrade+1"],"score":4579,"play_id":"1aea64a7-4a78-4c43-bd37-b6b075775be9","local_time":"20201219013420","is_ascension_mode":true,"campfire_choices":[{"data":"blackbeard:Cutlass","floor":10,"key":"SMITH"},{"data":"blackbeard:WeaponMastery","floor":15,"key":"SMITH"},{"data":"blackbeard:Salvager","floor":24,"key":"SMITH"},{"floor":27,"key":"RECALL"},{"data":"blackbeard:Anchor","floor":32,"key":"SMITH"},{"data":"blackbeard:PirateStrength","floor":47,"key":"SMITH"},{"data":"Master of Strategy","floor":49,"key":"SMITH"},{"data":"Feed","floor":66,"key":"SMITH"},{"data":"blackbeard:WeaponProficiency","floor":76,"key":"SMITH"},{"data":"Replay:Fractal Strike","floor":79,"key":"SMITH"},{"data":"blackbeard:ReapersScythe","floor":83,"key":"SMITH"},{"data":"blackbeard:BlackbeardStrike","floor":92,"key":"SMITH"},{"data":"blackbeard:PowerHungry","floor":100,"key":"SMITH"},{"data":"blackbeard:MegaUpgrade","floor":103,"key":"SMITH"}],"circlet_count":0,"master_deck":["blackbeard:BlackbeardStrike","blackbeard:BlackbeardStrike","blackbeard:BlackbeardStrike","blackbeard:IntimidatingStrike+1","blackbeard:BlackbeardDefend","blackbeard:BlackbeardDefend","blackbeard:BlackbeardDefend","blackbeard:Cutlass+1","blackbeard:PiratesWill+1","blackbeard:PirateEarring+1","blackbeard:WeaponMastery+1","Master of Strategy+1","blackbeard:BlindAttacks+1","blackbeard:Salvager+1","blackbeard:Anchor+1","blackbeard:PirateStrength+1","Replay:Fractal Strike+1","blackbeard:Shrapnel+1","blackbeard:Spear+1","blackbeard:ReapersScythe+1","Feed+1","blackbeard:WeaponProficiency+1","Feed+1","Replay:Fractal Strike+1","blackbeard:GoldenGuillotine+1","blackbeard:PowerHungry+1","blackbeard:MegaUpgrade+1"],"relics":["Replay:M_SmolderingBlood","Lizard Tail","Blue Doll","blackbeard:PowderCan","blackbeard:Spearhead","Guide Book","aspiration:DSix","Calipers","Sling","Replay:PocketPolymizer","ReplayTheSpireMod:ShopPack","aspiration:FrozenJewel","Onion Ring","Letter Opener","Oddly Smooth Stone","ClockworkSouvenir","infinitespire:PuzzleCube","vexMod:BigBerry","vexMod:TanglingVine","Matryoshka","Pear","Anchor","aspiration:TomeofQuesting","Darkstone Periapt","wanderingMiniBosses:MasterThiefsPresence","infinitespire:EmpoweringShard","blackbeard:CannonballsOfSteel","infinitespire:EvilPickle","infinitespire:Cupcake","Counterbalance","ReplayFunnel","infinitespire:Lucky Rock","Strawberry","Gambling Chip","Replay:Mystery Machine","Ornamental Fan","Coffee Dripper","infinitespire:Cubic Diamond","Whetstone","CaptainsWheel","Simple Rune","Toy Ornithopter","Odd Mushroom","BranchBurnRelic","Philosopher\u0027s Stone","Bronze Scales","DollysMirror","Molten Egg 2","Vajra","blackbeard:CrossedSwords","SlaversCollar","Pondfish Scales","Pen Nib","infinitespire:FocusingShard","Bottled Flame","HoshigumaDish","FossilizedHelix","Strange Spoon","Blood Vial"],"acts_visited":["Exordium","TheCity","TheBeyond","Exordium","TheCity","TheBeyond","TheEnding"],"potions_floor_usage":[29,40,80,96],"damage_taken":[{"damage":3,"enemies":"Jaw Worm","floor":1,"turns":2},{"damage":8,"enemies":"infinitespire:Voidling","floor":2,"turns":2},{"damage":0,"enemies":"Cultist","floor":3,"turns":5},{"damage":0,"enemies":"2 Fungi Beasts","floor":5,"turns":2},{"damage":4,"enemies":"Replay:BlueRogue","floor":6,"turns":3},{"damage":0,"enemies":"Exordium Thugs","floor":7,"turns":2},{"damage":0,"enemies":"Gremlin Nob","floor":8,"turns":2},{"damage":0,"enemies":"Replay:BlueRogue","floor":11,"turns":2},{"damage":0,"enemies":"Large Slime","floor":12,"turns":2},{"damage":2,"enemies":"Fading Forest","floor":16,"turns":11},{"damage":0,"enemies":"3 Byrds","floor":18,"turns":2},{"damage":0,"enemies":"Shell Parasite","floor":19,"turns":1},{"damage":0,"enemies":"Shelled Parasite and Fungi","floor":22,"turns":1},{"damage":0,"enemies":"Replay:Snechameleon","floor":23,"turns":2},{"damage":0,"enemies":"Centurion and Healer","floor":25,"turns":4},{"damage":0,"enemies":"Slavers","floor":28,"turns":3},{"damage":2,"enemies":"Cultist and Chosen","floor":29,"turns":5},{"damage":0,"enemies":"Gremlin Leader","floor":31,"turns":2},{"damage":0,"enemies":"Pondfish","floor":33,"turns":4},{"damage":0,"enemies":"Orb Walker","floor":35,"turns":1},{"damage":0,"enemies":"3 Darklings","floor":36,"turns":2},{"damage":0,"enemies":"Spire Growth","floor":37,"turns":2},{"damage":0,"enemies":"Nightmare","floor":40,"turns":2},{"damage":0,"enemies":"Maw","floor":41,"turns":3},{"damage":0,"enemies":"Jaw Worm Horde","floor":42,"turns":1},{"damage":18,"enemies":"Mind Bloom Boss Battle","floor":44,"turns":3},{"damage":0,"enemies":"R_Hoarder","floor":45,"turns":2},{"damage":0,"enemies":"Sphere and 2 Shapes","floor":46,"turns":1},{"damage":0,"enemies":"Reptomancer","floor":48,"turns":1},{"damage":0,"enemies":"Donu and Deca","floor":50,"turns":1},{"damage":0,"enemies":"2 Louse","floor":52,"turns":1},{"damage":0,"enemies":"Jaw Worm","floor":53,"turns":1},{"damage":0,"enemies":"Cultist","floor":55,"turns":1},{"damage":0,"enemies":"Lagavulin","floor":57,"turns":2},{"damage":0,"enemies":"Replay:BlueRogue","floor":59,"turns":1},{"damage":0,"enemies":"Gremlin Nob","floor":62,"turns":1},{"damage":0,"enemies":"Blue Slaver","floor":63,"turns":1},{"damage":0,"enemies":"The Mushroom Lair","floor":64,"turns":1},{"damage":0,"enemies":"Looter","floor":65,"turns":1},{"damage":0,"enemies":"The Guardian","floor":67,"turns":3},{"damage":0,"enemies":"3 Byrds","floor":69,"turns":2},{"damage":0,"enemies":"Spheric Guardian","floor":70,"turns":1},{"damage":0,"enemies":"Shelled Parasite and Fungi","floor":71,"turns":2},{"damage":0,"enemies":"Snake Plant","floor":73,"turns":2},{"damage":0,"enemies":"Book of Stabbing","floor":74,"turns":1},{"damage":0,"enemies":"Sentry and Sphere","floor":78,"turns":2},{"damage":0,"enemies":"Gremlin Leader","floor":80,"turns":1},{"damage":0,"enemies":"Replay:Snechameleon","floor":82,"turns":2},{"damage":0,"enemies":"Collector","floor":84,"turns":2},{"damage":0,"enemies":"3 Shapes","floor":86,"turns":1},{"damage":0,"enemies":"Mind Bloom Boss Battle","floor":88,"turns":1},{"damage":0,"enemies":"3 Darklings","floor":90,"turns":2},{"damage":0,"enemies":"R_Hoarder","floor":91,"turns":1},{"damage":0,"enemies":"Giant Head","floor":93,"turns":1},{"damage":0,"enemies":"Jaw Worm Horde","floor":95,"turns":1},{"damage":0,"enemies":"R_Hoarder","floor":96,"turns":3},{"damage":0,"enemies":"Sphere and 2 Shapes","floor":97,"turns":2},{"damage":0,"enemies":"Maw","floor":98,"turns":1},{"damage":19,"enemies":"Awakened One","floor":101,"turns":3},{"damage":0,"enemies":"Shield and Spear","floor":105,"turns":2},{"damage":0,"enemies":"The Heart","floor":106,"turns":4}],"seed_played":"8074139792122297072","potions_obtained":[{"floor":1,"key":"SmokeBomb"},{"floor":6,"key":"EssenceOfSteel"},{"floor":8,"key":"Adrenaline Potion"},{"floor":33,"key":"Strength Potion"},{"floor":41,"key":"Explosive Potion"},{"floor":45,"key":"CalmPotion"},{"floor":46,"key":"SkillPotion"},{"floor":48,"key":"Energy Potion"},{"floor":93,"key":"SkillPotion"},{"floor":101,"key":"EntropicBrew"}],"is_trial":false,"path_per_floor":["M","M","M","?","M","E","M","E","T","R","E","M","?","$","R","B",null,"M","M","AVR","?","M","E","R","M","T","R","E","M","?","E","R","B",null,"M","M","M","?","$","NM","M","M","T","?","E","M","R","E","R","B",null,"M","M","?","M","?","E","T","E","T","?","E","M","?","M","R","B",null,"M","M","M","?","M","E","$","R","T","M","R","E","$","E","R","B",null,"M","$","?","?","M","E","R","E","T","M","E","M","M","?","R","B",null,"R","$","E","B",null],"character_chosen":"BLACKBEARD_CLASS","items_purchased":["blackbeard:PiratesWill","Blue Doll","blackbeard:PowderCan","blackbeard:Spearhead","Guide Book","aspiration:DSix","Sling","blackbeard:PirateEarring+1","blackbeard:WeaponMastery","ReplayTheSpireMod:ShopPack","ClockworkSouvenir","infinitespire:PuzzleCube","Counterbalance","DollysMirror","blackbeard:CrossedSwords","vexMod:BerryBomb","FossilizedHelix","Strange Spoon"],"campfire_rested":0,"item_purchase_floors":[0,0,0,0,0,0,0,0,0,0,14,14,39,75,81,81,104,104],"current_hp_per_floor":[72,64,64,64,64,60,60,60,60,60,60,60,60,60,60,68,105,105,105,105,105,105,115,115,115,115,115,115,113,113,113,113,113,115,115,115,115,105,105,105,105,105,112,94,94,94,94,94,94,94,122,122,122,122,122,92,92,92,92,92,97,97,97,97,97,97,106,127,131,131,135,135,135,139,139,139,139,147,147,151,157,161,161,165,165,165,165,169,169,169,169,169,169,169,169,169,173,173,173,173,162,181,181,181,185,185],"gold":13287,"neow_bonus":"","is_daily":false,"chose_seed":false,"campfire_upgraded":13,"win_rate":0.0,"timestamp":1608330860,"path_taken":["M","M","M","?","?","E","M","E","T","R","E","M","?","$","R","BOSS","M","M","AVR","?","M","E","R","M","T","R","E","M","?","E","R","BOSS","M","M","M","?","$","NM","M","M","T","?","E","?","R","E","R","BOSS","M","M","?","M","?","E","?","E","T","?","E","M","?","M","R","BOSS","M","M","M","?","?","E","?","R","T","M","R","E","$","E","R","BOSS","M","$","?","?","M","E","R","E","T","M","E","M","?","?","R","BOSS","R","$","E","BOSS"],"items_purchased_type":["Card","Relic","Relic","Relic","Relic","Relic","Relic","Card","Card","Relic","Relic","Relic","Relic","Relic","Relic","Relic","Relic","Relic"],"build_version":"2020-12-13","purchased_purges":3,"victory":true,"max_hp_per_floor":[75,75,75,75,75,75,75,75,75,75,75,75,75,75,75,75,105,105,105,105,105,105,115,115,115,115,115,115,115,115,115,115,115,115,115,115,115,115,115,115,115,115,122,122,122,122,122,122,122,122,122,122,122,122,122,122,122,122,122,122,127,127,127,127,127,127,127,127,131,131,135,135,135,139,139,139,139,147,147,151,157,161,161,165,165,165,165,169,169,169,169,169,169,169,169,169,173,173,173,173,181,181,181,181,185,185],"card_choices":[{"not_picked":["Crow Ritual","Metamorphosis"],"picked":"Master of Strategy","floor":0},{"not_picked":["blackbeard:FieryDefense","blackbeard:Sharpening","blackbeard:Shrapnel"],"picked":"SKIP","floor":1},{"not_picked":["blackbeard:Murder","blackbeard:WiseDefense","blackbeard:DoubleBottom"],"picked":"SKIP","floor":2},{"not_picked":["blackbeard:Murder","blackbeard:WiseDefense","blackbeard:DoubleBottom"],"picked":"SKIP","floor":2},{"not_picked":["blackbeard:Murder","blackbeard:WiseDefense","blackbeard:DoubleBottom"],"picked":"SKIP","floor":2},{"not_picked":["blackbeard:TacticalRetreat","blackbeard:BrownPants"],"picked":"blackbeard:BlindAttacks","floor":3},{"not_picked":["blackbeard:Fencing","blackbeard:Bandana","blackbeard:FieryDefense"],"picked":"SKIP","floor":5},{"not_picked":["blackbeard:Sharpening","blackbeard:SwordDance","blackbeard:CannonBarrage"],"picked":"SKIP","floor":6},{"not_picked":["blackbeard:DoubleBottom","blackbeard:DangerousBlow","blackbeard:RemoveScurvy"],"picked":"SKIP","floor":7},{"not_picked":["blackbeard:Halberd","blackbeard:WoodenLeg","blackbeard:Eyepatch"],"picked":"SKIP","floor":8},{"not_picked":["blackbeard:Halberd","blackbeard:WoodenLeg","blackbeard:Eyepatch"],"picked":"SKIP","floor":8},{"not_picked":["blackbeard:SmithingHammer","blackbeard:BeatUp","blackbeard:ArmorUp"],"picked":"SKIP","floor":11},{"not_picked":["blackbeard:Sharpening","blackbeard:Dagger","blackbeard:TerrorOfTheSeas"],"picked":"SKIP","floor":12},{"not_picked":["blackbeard:Halberd","blackbeard:PowerHungry"],"picked":"blackbeard:Salvager","floor":16},{"not_picked":["blackbeard:BuriedTreasure","blackbeard:TerrorOfTheSeas"],"picked":"blackbeard:Anchor","floor":18},{"not_picked":["blackbeard:PowderKeg","blackbeard:WiseDefense","blackbeard:Toast"],"picked":"SKIP","floor":19},{"not_picked":["blackbeard:PowderKeg","blackbeard:WiseDefense","blackbeard:Toast"],"picked":"SKIP","floor":19},{"not_picked":["blackbeard:DoubleBottom+1","blackbeard:CloakAndCannonball","blackbeard:PirateHook+1"],"picked":"SKIP","floor":22},{"not_picked":["blackbeard:Sharpening","blackbeard:Bandana","blackbeard:TacticalRetreat"],"picked":"SKIP","floor":23},{"not_picked":["blackbeard:BlindAttacks+1","blackbeard:FieryDefense","blackbeard:GoldenStrike+1"],"picked":"SKIP","floor":25},{"not_picked":["blackbeard:Toast","blackbeard:GoldenStrike","blackbeard:Revenge"],"picked":"SKIP","floor":28},{"not_picked":["blackbeard:FieryDefense","blackbeard:WiseDefense+1","blackbeard:GoldenDefense"],"picked":"SKIP","floor":29},{"not_picked":["blackbeard:GoldenDefense","blackbeard:DangerousBlow","blackbeard:PiratesWill"],"picked":"SKIP","floor":31},{"not_picked":["blackbeard:Parrot","blackbeard:Intoxication"],"picked":"blackbeard:PirateStrength","floor":33},{"not_picked":["blackbeard:WeaponProficiency","blackbeard:GoldenStrike","blackbeard:CatONineTails"],"picked":"SKIP","floor":35},{"not_picked":["blackbeard:TacticalRetreat+1","blackbeard:SwordDance","blackbeard:Boarding+1"],"picked":"SKIP","floor":36},{"not_picked":["blackbeard:SmithingHammer+1","blackbeard:PirateHook+1","blackbeard:Recklessness"],"picked":"SKIP","floor":37},{"not_picked":["RidiculousThoughts","Forethought"],"picked":"Finesse","floor":38},{"not_picked":["ReplayTheSpireMod:Black Plague","infinitespire:Punishment"],"picked":"Replay:Fractal Strike","floor":40},{"not_picked":["blackbeard:DelayedPain","blackbeard:CloakAndCannonball+1","blackbeard:WiseDefense+1"],"picked":"SKIP","floor":40},{"not_picked":["blackbeard:SwordDance","blackbeard:Sharpening+1","blackbeard:PirateStrength"],"picked":"SKIP","floor":41},{"not_picked":["blackbeard:GoldenDefense+1","blackbeard:DeadlyArsenal+1","blackbeard:GoldenStrike+1"],"picked":"SKIP","floor":42},{"not_picked":["blackbeard:CatONineTails+1","blackbeard:RemoveScurvy"],"picked":"blackbeard:Shrapnel+1","floor":44},{"not_picked":["blackbeard:InfiniteBarrage+1","blackbeard:Provisioning","blackbeard:BeatUp+1"],"picked":"SKIP","floor":45},{"not_picked":["blackbeard:Bandana","blackbeard:Anchor+1"],"picked":"blackbeard:Spear+1","floor":46},{"not_picked":["blackbeard:Sharpening","blackbeard:Shrapnel","blackbeard:Dagger"],"picked":"SKIP","floor":48},{"not_picked":["blackbeard:PirateStrength","blackbeard:BoostMorale"],"picked":"blackbeard:ReapersScythe","floor":50},{"not_picked":["blackbeard:Shrapnel","blackbeard:FishingNets","blackbeard:Spear"],"picked":"SKIP","floor":52},{"not_picked":["blackbeard:Sharpening","blackbeard:SwordDance","blackbeard:Shrapnel"],"picked":"SKIP","floor":53},{"not_picked":["blackbeard:Spear","blackbeard:RemoveScurvy","blackbeard:BrownPants"],"picked":"SKIP","floor":55},{"not_picked":["Crescendo","Clash","blackbeard:BlindAttacks"],"picked":"SKIP","floor":57},{"not_picked":["blackbeard:Sword","blackbeard:FishingNets","Halt"],"picked":"SKIP","floor":59},{"not_picked":["Halt","blackbeard:TacticalRetreat"],"picked":"Feed","floor":62},{"not_picked":["blackbeard:GoldenDefense","blackbeard:FieryDefense","blackbeard:Scrap"],"picked":"SKIP","floor":63},{"not_picked":["Uppercut","blackbeard:SwordDance"],"picked":"blackbeard:WeaponProficiency","floor":64},{"not_picked":["blackbeard:WeaponProficiency","blackbeard:InfiniteBarrage","blackbeard:GoldenCannonball"],"picked":"SKIP","floor":65},{"not_picked":["blackbeard:CloakAndCannonball","blackbeard:Spear","blackbeard:PiratesWill"],"picked":"SKIP","floor":69},{"not_picked":["blackbeard:VengefulSpirit+1","blackbeard:Shrapnel","blackbeard:Rum"],"picked":"SKIP","floor":70},{"not_picked":["blackbeard:PowderKeg+1","blackbeard:ArmorUp","blackbeard:Rum"],"picked":"SKIP","floor":71},{"not_picked":["blackbeard:FishingNets","blackbeard:Toast","blackbeard:Fencing"],"picked":"SKIP","floor":73},{"not_picked":["blackbeard:GoldenStrike","blackbeard:Murder","blackbeard:CloakAndCannonball"],"picked":"SKIP","floor":74},{"not_picked":["blackbeard:Anchor+1","blackbeard:FishingNets+1","blackbeard:BeatUp+1"],"picked":"SKIP","floor":78},{"not_picked":["blackbeard:BeatUp+1","blackbeard:Provisioning","blackbeard:Dagger"],"picked":"SKIP","floor":80},{"not_picked":["blackbeard:Sharpening","blackbeard:Shrapnel+1","blackbeard:AgileStrike+1"],"picked":"SKIP","floor":82},{"not_picked":["ReplayTheSpireMod:Black Plague","infinitespire:DeathsTouch"],"picked":"Replay:Fractal Strike","floor":85},{"not_picked":["blackbeard:Toast+1","blackbeard:BeatUp+1","blackbeard:Fencing+1"],"picked":"SKIP","floor":86},{"not_picked":["blackbeard:Bandana+1","blackbeard:Toast+1","blackbeard:GoldenGuillotine+1"],"picked":"SKIP","floor":90},{"not_picked":["blackbeard:Bandana+1","blackbeard:Toast+1"],"picked":"blackbeard:GoldenGuillotine+1","floor":90},{"not_picked":["blackbeard:WiseDefense+1","blackbeard:Upgrade+1","blackbeard:Halberd"],"picked":"SKIP","floor":91},{"not_picked":["blackbeard:WiseDefense+1","blackbeard:Halberd"],"picked":"blackbeard:Upgrade+1","floor":91},{"not_picked":["blackbeard:TacticalRetreat+1","blackbeard:CloakAndCannonball","blackbeard:WiseDefense"],"picked":"SKIP","floor":93},{"not_picked":["blackbeard:Boarding+1","blackbeard:PowderKeg","blackbeard:VengefulSpirit+1"],"picked":"SKIP","floor":95},{"not_picked":["blackbeard:Rum+1","blackbeard:Intoxication"],"picked":"blackbeard:PowerHungry","floor":96},{"not_picked":["blackbeard:PowderKeg","blackbeard:Sharpening","blackbeard:Shrapnel+1"],"picked":"SKIP","floor":97},{"not_picked":["blackbeard:TheDrunkenSailor","blackbeard:RearmingStrike+1","blackbeard:WeaponProficiency"],"picked":"SKIP","floor":98},{"not_picked":["blackbeard:HumongousCannonball+1","blackbeard:GoldenGuillotine+1"],"picked":"blackbeard:MegaUpgrade","floor":101},{"not_picked":["blackbeard:Toast","blackbeard:TacticalRetreat","blackbeard:FieryDefense"],"picked":"SKIP","floor":105}],"player_experience":950286,"relics_obtained":[{"floor":6,"key":"aspiration:FrozenJewel"},{"floor":8,"key":"Onion Ring"},{"floor":9,"key":"Letter Opener"},{"floor":11,"key":"Oddly Smooth Stone"},{"floor":23,"key":"Pear"},{"floor":26,"key":"Anchor"},{"floor":26,"key":"aspiration:TomeofQuesting"},{"floor":28,"key":"Darkstone Periapt"},{"floor":29,"key":"wanderingMiniBosses:MasterThiefsPresence"},{"floor":31,"key":"blackbeard:CannonballsOfSteel"},{"floor":40,"key":"ReplayFunnel"},{"floor":43,"key":"infinitespire:Lucky Rock"},{"floor":43,"key":"Strawberry"},{"floor":44,"key":"Gambling Chip"},{"floor":45,"key":"Replay:Mystery Machine"},{"floor":48,"key":"Ornamental Fan"},{"floor":57,"key":"Whetstone"},{"floor":59,"key":"CaptainsWheel"},{"floor":60,"key":"Simple Rune"},{"floor":62,"key":"Toy Ornithopter"},{"floor":64,"key":"Odd Mushroom"},{"floor":74,"key":"Bronze Scales"},{"floor":77,"key":"Molten Egg 2"},{"floor":80,"key":"Vajra"},{"floor":88,"key":"Pondfish Scales"},{"floor":91,"key":"Pen Nib"},{"floor":93,"key":"infinitespire:FocusingShard"},{"floor":94,"key":"Bottled Flame"},{"floor":96,"key":"HoshigumaDish"},{"floor":105,"key":"Blood Vial"}],"event_choices":[{"cards_removed":["blackbeard:BlackbeardStrike"],"damage_healed":0,"gold_gain":0,"player_choice":"Purged","damage_taken":0,"max_hp_gain":0,"max_hp_loss":0,"event_name":"Purifier","floor":4,"gold_loss":0},{"damage_healed":0,"gold_gain":100,"player_choice":"Pray","damage_taken":0,"max_hp_gain":0,"max_hp_loss":0,"event_name":"Golden Shrine","floor":13,"gold_loss":0},{"damage_healed":0,"gold_gain":0,"player_choice":"Ignored","damage_taken":0,"max_hp_gain":0,"max_hp_loss":0,"event_name":"Ghosts","floor":21,"gold_loss":0},{"damage_healed":0,"gold_gain":0,"player_choice":"Gave Potion","damage_taken":0,"relics_obtained":["infinitespire:EmpoweringShard"],"max_hp_gain":0,"max_hp_loss":0,"event_name":"WeMeetAgain","floor":30,"gold_loss":0},{"damage_healed":0,"gold_gain":0,"player_choice":"Memory 3","damage_taken":10,"max_hp_gain":0,"max_hp_loss":0,"event_name":"SensoryStone","floor":38,"gold_loss":0},{"damage_healed":0,"gold_gain":0,"player_choice":"Fight","damage_taken":0,"max_hp_gain":0,"max_hp_loss":0,"event_name":"MindBloom","floor":44,"gold_loss":0},{"damage_healed":0,"gold_gain":0,"player_choice":"Donut","damage_taken":0,"max_hp_gain":5,"max_hp_loss":0,"event_name":"Big Fish","floor":61,"gold_loss":0},{"damage_healed":0,"gold_gain":0,"player_choice":"Fought Mushrooms","damage_taken":0,"max_hp_gain":0,"max_hp_loss":0,"event_name":"Mushrooms","floor":64,"gold_loss":0},{"damage_healed":0,"gold_gain":100,"player_choice":"Pray","damage_taken":0,"max_hp_gain":0,"max_hp_loss":0,"event_name":"Golden Shrine","floor":72,"gold_loss":0},{"damage_healed":0,"gold_gain":0,"player_choice":"Fight","damage_taken":0,"max_hp_gain":0,"max_hp_loss":0,"event_name":"MindBloom","floor":88,"gold_loss":0},{"damage_healed":0,"gold_gain":100,"player_choice":"Pray","damage_taken":0,"max_hp_gain":0,"max_hp_loss":0,"event_name":"Golden Shrine","floor":89,"gold_loss":0},{"damage_healed":0,"gold_gain":0,"player_choice":"Ignored","damage_taken":0,"max_hp_gain":0,"max_hp_loss":0,"event_name":"Duplicator","floor":99,"gold_loss":0}],"is_beta":false,"boss_relics":[{"not_picked":["Abe\u0027s Treasure","Replay:Bronze Core"],"picked":"vexMod:BigBerry"},{"not_picked":["blackbeard:Karategi","Calling Bell"],"picked":"infinitespire:Cupcake"},{"not_picked":["ReplayTheSpireMod:DimensionalGlitch","aspiration:SilentSkillbook"],"picked":"Coffee Dripper"},{"not_picked":["Calling Bell","aspiration:MobileForge"],"picked":"Philosopher\u0027s Stone"},{"not_picked":["ReplayTheSpireMod:DimensionalGlitch","aspiration:SecretTechniqueScroll"],"picked":"SlaversCollar"},{"not_picked":["Abe\u0027s Treasure","aspiration:RunesmithSkillbook","ReplayTheSpireMod:SealedPack"]}],"items_purged_floors":[0,75,104],"is_endless":true,"potions_floor_spawned":[1,6,8,11,19,29,33,36,41,42,45,46,48,53,62,64,65,70,71,74,82,84,88,90,93,95,101],"ascension_level":1}}