{"host":"Limoen","time":1608284528,"event":{"mods":["Aspiration","BaseMod","CCEM","Colored Powertips","Conspire","Downfall","Halation","Hubris","Infinite Spire","Mimic Mod","Minty Spire (QoL Compilation)","Quick Restart","RatMod","Relic Sorter","Replay The Spire","Spicy Shops","Spikes Relics","StSLib","The Blue Laboratory","Trackpad","vexMod"],"gold_per_floor":[113,113,113,113,123,123,137,156,156,171,60,60,77,94,94,198,198,198,198],"floor_reached":18,"playtime":539,"items_purged":[],"score":154,"play_id":"3f86fff0-8ae8-4d15-84a1-6cc1c107b38c","local_time":"20201218104208","is_ascension_mode":false,"campfire_choices":[{"data":"Slimebound:Split","floor":6.0,"key":"SMITH"},{"data":"1","floor":15.0,"key":"LIFT"}],"circlet_count":0,"master_deck":["Slimebound:Strike_Slimebound+1","Slimebound:Strike_Slimebound","Slimebound:Strike_Slimebound+1","Slimebound:Tackle","Slimebound:Defend_Slimebound","Slimebound:Defend_Slimebound","Slimebound:Defend_Slimebound","Slimebound:Defend_Slimebound","Slimebound:Split+1","Slimebound:CorrosiveSpit","Slimebound:SlimeSpikes","Slimebound:FirmFortitude","Slimebound:Gluttony","Slimebound:SamplingLick","Slimebound:DisruptingSlam","Madness","Slimebound:LeadByExample","Slimebound:ItLooksTasty","Slimebound:LivingWall","Slimebound:AcidTongue"],"relics":["Slimebound:AbsorbEndCombatUpgraded","NeowsBlessing","WarpedTongs","Girya"],"acts_visited":[],"potions_floor_usage":[],"damage_taken":[{"damage":6.0,"enemies":"Small Slimes","floor":1.0,"turns":2.0},{"damage":8.0,"enemies":"2 Louse","floor":5.0,"turns":1.0},{"damage":6.0,"enemies":"Cultist","floor":7.0,"turns":1.0},{"damage":9.0,"enemies":"2 Fungi Beasts","floor":8.0,"turns":4.0},{"damage":11.0,"enemies":"Red Slaver","floor":10.0,"turns":3.0},{"damage":17.0,"enemies":"Exordium Wildlife","floor":13.0,"turns":5.0},{"damage":6.0,"enemies":"Looter","floor":14.0,"turns":2.0},{"damage":15.0,"enemies":"The Guardian","floor":16.0,"turns":8.0},{"damage":8,"enemies":"Chosen","floor":18,"turns":1}],"seed_played":"-9073515656442674453","potions_obtained":[{"floor":1.0,"key":"AttackPotion"},{"floor":10.0,"key":"SneckoOil"},{"floor":13.0,"key":"Block Potion"}],"is_trial":false,"path_per_floor":["M","?","?","?","M","R","M","M","T","M","$","?","M","M","R","B",null,"M"],"character_chosen":"SLIMEBOUND","items_purchased":["Slimebound:QuickStudy","Slimebound:LeadByExample"],"campfire_rested":0,"item_purchase_floors":[11,11],"current_hp_per_floor":[70,70,56,56,51,51,51,59,59,65,65,65,62,62,62,67,70,62,62],"gold":198,"neow_bonus":"THREE_ENEMY_KILL","is_daily":false,"chose_seed":false,"campfire_upgraded":1,"win_rate":0.0,"timestamp":1608284528,"path_taken":["M","?","?","?","M","R","M","?","T","M","$","?","?","M","R","BOSS","M"],"items_purchased_type":["Undefined","Card"],"build_version":"2020-12-17","purchased_purges":0,"victory":false,"max_hp_per_floor":[70,70,70,70,70,70,70,70,70,70,70,70,70,70,70,70,70,70,70],"card_choices":[{"not_picked":["Slimebound:Lick","Slimebound:TendrilStrike"],"picked":"Slimebound:SlimeSpikes","floor":1.0},{"not_picked":["Slimebound:DivideAndConquer","Slimebound:Equalize"],"picked":"Slimebound:FirmFortitude","floor":5.0},{"not_picked":["Slimebound:ComboTackle","Slimebound:QuickStudy"],"picked":"Slimebound:Gluttony","floor":7.0},{"not_picked":["Slimebound:TongueLash","Slimebound:ComboTackle"],"picked":"Slimebound:SamplingLick","floor":8.0},{"not_picked":["Slimebound:SamplingLick","Slimebound:Replication"],"picked":"Slimebound:DisruptingSlam","floor":10.0},{"not_picked":["Slimebound:SlimeSpikes","Slimebound:DisruptingSlam"],"picked":"Slimebound:ItLooksTasty","floor":13.0},{"not_picked":["Slimebound:SamplingLick","Slimebound:SlimeSpikes"],"picked":"Slimebound:LivingWall","floor":14.0},{"not_picked":["Slimebound:SlimeBrawl","Slimebound:Teamwork"],"picked":"Slimebound:AcidTongue","floor":16.0}],"player_experience":392389,"relics_obtained":[{"floor":9.0,"key":"Girya"}],"event_choices":[{"damage_healed":0.0,"max_hp_gain":0.0,"max_hp_loss":0.0,"gold_gain":0.0,"event_name":"The Cleric","player_choice":"Leave","floor":2.0,"gold_loss":0.0,"damage_taken":0.0},{"damage_healed":0.0,"max_hp_gain":0.0,"max_hp_loss":0.0,"gold_gain":0.0,"event_name":"Shining Light","player_choice":"Entered Light","floor":3.0,"gold_loss":0.0,"damage_taken":14.0,"cards_upgraded":["Slimebound:Strike_Slimebound","Slimebound:Strike_Slimebound"]},{"damage_healed":0.0,"max_hp_gain":0.0,"max_hp_loss":0.0,"gold_gain":0.0,"event_name":"Accursed Blacksmith","player_choice":"Rummage","floor":4.0,"gold_loss":0.0,"damage_taken":0.0,"relics_obtained":["WarpedTongs"],"cards_obtained":["Pain"]},{"cards_removed":["Pain"],"damage_healed":0.0,"max_hp_gain":0.0,"max_hp_loss":0.0,"gold_gain":0.0,"event_name":"Fountain of Cleansing","player_choice":"Removed Curses","floor":12.0,"gold_loss":0.0,"damage_taken":0.0}],"is_beta":true,"boss_relics":[{"not_picked":["Snecko Eye","Pandora\u0027s Box"],"picked":"Slimebound:AbsorbEndCombatUpgraded"}],"items_purged_floors":[],"is_endless":false,"potions_floor_spawned":[1,10,13],"killed_by":"Chosen","ascension_level":0}}