{"host":"adt9pv9dmmkchns7","time":1608322108,"event":{"mods":["AchievementEnabler","BaseMod","Beaked The Cultist","Better Third Choice","Downfall","Energized Spire","Infinite Spire","Minty Spire (QoL Compilation)","Potionbrewer","Replay The Spire","Robot Space Explorer","Shade Mod","Spicy Shops","StSLib","The Blackbeard","The Construct","The Cursed","The Forsaken","The Gatherer","The Necromancer","Wandering Minibosses"],"gold_per_floor":[110,129,146,146,0,0,0,0,78,107,107,193,225,245,245,343,343,481,511,523,548,548,578,578,759,759,769,769,769,793,828,828,933,933,953,968,30,50,70,95,95,115,142,142,142,161,188,208,208,208,208,208,52,80,80],"floor_reached":56,"playtime":6931,"items_purged":[],"score":1413,"play_id":"deddb31d-e806-438f-b277-e831b3b7081d","local_time":"20201218210828","is_ascension_mode":false,"campfire_choices":[{"floor":6,"key":"RECALL"},{"data":"RobotSpaceExplorer:Ammunition","floor":8,"key":"SMITH"},{"floor":11,"key":"REST"},{"floor":15,"key":"DIG"},{"data":"RobotSpaceExplorer:Fix","floor":28,"key":"SMITH"},{"data":"RobotSpaceExplorer:Fix","floor":32,"key":"SMITH"},{"data":"RobotSpaceExplorer:DualCore","floor":45,"key":"SMITH"},{"data":"RobotSpaceExplorer:Comet","floor":49,"key":"SMITH"},{"data":"RobotSpaceExplorer:ExhaustFan","floor":52,"key":"SMITH"}],"circlet_count":0,"master_deck":["RobotSpaceExplorer:Strike","RobotSpaceExplorer:Strike","RobotSpaceExplorer:Strike","RobotSpaceExplorer:Defend","RobotSpaceExplorer:Defend","RobotSpaceExplorer:Scan","RobotSpaceExplorer:MiniLasers+1","RobotSpaceExplorer:SurgingShield","RobotSpaceExplorer:Ammunition+1","RobotSpaceExplorer:Jetpack","Enlightenment","RobotSpaceExplorer:Fix+1","RobotSpaceExplorer:Probe","RobotSpaceExplorer:Fix+1","RobotSpaceExplorer:LuckyStrike","RobotSpaceExplorer:Comet+1","RobotSpaceExplorer:Pulsar+1","RobotSpaceExplorer:SlimeMissile+1","RobotSpaceExplorer:ExhaustFan+1","RobotSpaceExplorer:Electropulse+1","infinitespire:Menacing","RobotSpaceExplorer:DualCore+1","RobotSpaceExplorer:Pulsar+1","RobotSpaceExplorer:PowerCollector+1","RobotSpaceExplorer:MiniDrones+1","RobotSpaceExplorer:RigExplosive","RobotSpaceExplorer:TrailblazerForm","AbeCurse","RobotSpaceExplorer:FreezeRay","RobotSpaceExplorer:Jetpack+1","RobotSpaceExplorer:Multitool","Replay:Dark Deal","RobotSpaceExplorer:DoubleFind+1","RobotSpaceExplorer:RigExplosive+1","RobotSpaceExplorer:FrostMissile+1","Trip","RobotSpaceExplorer:SurgingStrike+1","Replay:Fractal Strike","RobotSpaceExplorer:SelfCleaning+1","RobotSpaceExplorer:Electropulse+1","RobotSpaceExplorer:ToxicBomb+1"],"relics":["Replay:Drink Me","Toy Ornithopter","Ginger","potionbrewer:MortarAndPestle","Painkiller Herb","Replay:Lucky Slots","Iron Hammer","infinitespire:ShieldingShard","wanderingMiniBosses:LockLocket","potionbrewer:SlideRule","Pen Nib","Abe\u0027s Treasure","Bottled Tornado","ClockworkSouvenir","RobotSpaceExplorer:RingOfTheNewt","RobotSpaceExplorer:ClockworkSextant","Lantern","Pondfish Scales","Eternal Feather","Strange Spoon","theForsaken:Gavel"],"acts_visited":["Exordium","TheCity","TheBeyond","TheEnding"],"potions_floor_usage":[12,16,19,19,20,20,21,25,35,35,40,40,42,47,47,48,48,48,54,55,55,55,55],"damage_taken":[{"damage":2,"enemies":"Jaw Worm","floor":1,"turns":4},{"damage":0,"enemies":"2 Louse","floor":2,"turns":3},{"damage":1,"enemies":"Cultist","floor":3,"turns":5},{"damage":39,"enemies":"Gremlin Nob","floor":10,"turns":6},{"damage":7,"enemies":"Red Slaver","floor":12,"turns":8},{"damage":0,"enemies":"Lagavulin","floor":13,"turns":6},{"damage":1,"enemies":"Large Slime","floor":14,"turns":9},{"damage":9,"enemies":"Hexaghost","floor":16,"turns":10},{"damage":8,"enemies":"Shell Parasite","floor":18,"turns":8},{"damage":2,"enemies":"2 Thieves","floor":19,"turns":4},{"damage":8,"enemies":"Snecko","floor":20,"turns":6},{"damage":10,"enemies":"3 Cultists","floor":21,"turns":6},{"damage":19,"enemies":"Slavers","floor":23,"turns":5},{"damage":6,"enemies":"Cultist and Chosen","floor":25,"turns":6},{"damage":1,"enemies":"Centurion and Healer","floor":27,"turns":5},{"damage":0,"enemies":"Snecko","floor":30,"turns":5},{"damage":0,"enemies":"Gremlin Leader","floor":31,"turns":5},{"damage":0,"enemies":"Automaton","floor":33,"turns":6},{"damage":0,"enemies":"3 Shapes","floor":35,"turns":5},{"damage":2,"enemies":"Orb Walker","floor":36,"turns":4},{"damage":25,"enemies":"Jaw Worm Horde","floor":38,"turns":3},{"damage":21,"enemies":"3 Darklings","floor":39,"turns":5},{"damage":0,"enemies":"Giant Head","floor":40,"turns":5},{"damage":0,"enemies":"Spire Growth","floor":42,"turns":4},{"damage":0,"enemies":"Jaw Worm Horde","floor":46,"turns":3},{"damage":0,"enemies":"Nemesis","floor":47,"turns":5},{"damage":0,"enemies":"Transient","floor":48,"turns":5},{"damage":7,"enemies":"Time Eater","floor":50,"turns":6},{"damage":5,"enemies":"Shield and Spear","floor":54,"turns":6},{"damage":22,"enemies":"The Heart","floor":55,"turns":8}],"seed_played":"-6568887627953009127","potions_obtained":[{"floor":2,"key":"Explosive Potion"},{"floor":12,"key":"potionbrewer:MidasPotion"},{"floor":13,"key":"Strength Potion"},{"floor":14,"key":"sneckomod:MuddlingPotion"},{"floor":18,"key":"EntropicBrew"},{"floor":19,"key":"potionbrewer:MidasPotion"},{"floor":20,"key":"potionbrewer:ToxicPotion"},{"floor":30,"key":"potionbrewer:MidasPotion"},{"floor":31,"key":"DuplicationPotion"},{"floor":38,"key":"hexamod:EctoCoolerPotion"},{"floor":42,"key":"Adrenaline Potion"},{"floor":48,"key":"Fire Potion"},{"floor":54,"key":"EssenceOfSteel"}],"is_trial":false,"path_per_floor":["M","M","M","?","?","R","?","R","T","E","R","M","E","M","R","B",null,"?","?","?","?","AVR","E","?","?","T","?","T","?","?","E","T","B",null,"?","?","T","?","?","E","?","?","T","AVR","T","?","E","?","T","B",null,"T","T","E","B",null],"character_chosen":"RobotSpaceExplorer","items_purchased":["RobotSpaceExplorer:Multitool","Replay:Dark Deal","Bottled Tornado","ClockworkSouvenir","RobotSpaceExplorer:RingOfTheNewt","Strange Spoon"],"campfire_rested":1,"item_purchase_floors":[37,37,37,37,37,53],"current_hp_per_floor":[55,55,54,54,60,60,60,60,60,21,39,41,45,52,52,54,63,56,63,61,57,57,44,44,51,51,60,60,60,63,63,63,63,63,63,62,62,43,34,50,50,63,63,63,63,63,63,63,63,62,63,63,63,63,63],"gold":80,"neow_bonus":"BOSS_RELIC","is_daily":false,"chose_seed":false,"campfire_upgraded":6,"win_rate":0.0,"timestamp":1608322108,"path_taken":["M","M","M","?","?","R","?","R","T","E","R","M","E","?","R","BOSS","?","?","?","?","AVR","E","?","?","T","?","T","?","?","E","T","BOSS","?","?","T","?","?","E","?","?","T","AVR","T","?","E","?","T","BOSS","T","T","E","BOSS"],"items_purchased_type":["Card","Card","Relic","Relic","Relic","Relic"],"build_version":"2020-12-13","purchased_purges":0,"victory":true,"max_hp_per_floor":[57,57,57,57,63,63,63,63,63,63,63,63,63,63,63,63,63,63,63,63,63,63,63,63,63,63,63,63,63,63,63,63,63,63,63,63,63,63,63,63,63,63,63,63,63,63,63,63,63,63,63,63,63,63,63],"card_choices":[{"not_picked":["RobotSpaceExplorer:SlimeMissile","RobotSpaceExplorer:ShovelStrike"],"picked":"RobotSpaceExplorer:SurgingShield","floor":1},{"not_picked":["RobotSpaceExplorer:FranticSearch","RobotSpaceExplorer:Counterblock"],"picked":"RobotSpaceExplorer:Ammunition","floor":2},{"not_picked":["RobotSpaceExplorer:FrostMissile","RobotSpaceExplorer:BlastShield"],"picked":"RobotSpaceExplorer:Jetpack","floor":3},{"not_picked":["RobotSpaceExplorer:ScrapMissile","RobotSpaceExplorer:RigExplosive"],"picked":"RobotSpaceExplorer:Fix","floor":10},{"not_picked":["RobotSpaceExplorer:ShockKick","RobotSpaceExplorer:SurgingShield"],"picked":"RobotSpaceExplorer:Probe","floor":12},{"not_picked":["RobotSpaceExplorer:MiniDrones","RobotSpaceExplorer:ScrapShield"],"picked":"RobotSpaceExplorer:Fix","floor":13},{"not_picked":["RobotSpaceExplorer:ScrapMissile","RobotSpaceExplorer:GlueShot"],"picked":"RobotSpaceExplorer:LuckyStrike","floor":14},{"not_picked":["RobotSpaceExplorer:Wormhole","RobotSpaceExplorer:Exploration"],"picked":"RobotSpaceExplorer:Comet","floor":16},{"not_picked":["RobotSpaceExplorer:StunGrenade+1","RobotSpaceExplorer:LaserBurst"],"picked":"RobotSpaceExplorer:Pulsar+1","floor":18},{"not_picked":["RobotSpaceExplorer:Ammunition+1","RobotSpaceExplorer:ImprovisedAttack"],"picked":"RobotSpaceExplorer:SlimeMissile+1","floor":19},{"not_picked":["RobotSpaceExplorer:GlueShot","RobotSpaceExplorer:FrostMissile"],"picked":"RobotSpaceExplorer:ExhaustFan","floor":20},{"not_picked":["RobotSpaceExplorer:Pulsar","RobotSpaceExplorer:FranticSearch"],"picked":"RobotSpaceExplorer:Electropulse+1","floor":21},{"not_picked":["RobotSpaceExplorer:Probe","RobotSpaceExplorer:TurboDodge"],"picked":"RobotSpaceExplorer:DualCore","floor":23},{"not_picked":["RobotSpaceExplorer:GlueShot+1","RobotSpaceExplorer:DualCore"],"picked":"RobotSpaceExplorer:Pulsar+1","floor":25},{"not_picked":["RobotSpaceExplorer:Ammunition","RobotSpaceExplorer:ScrapMissile+1"],"picked":"RobotSpaceExplorer:PowerCollector+1","floor":27},{"not_picked":["RobotSpaceExplorer:SelfCleaning+1","RobotSpaceExplorer:SurgingStrike+1"],"picked":"RobotSpaceExplorer:MiniDrones+1","floor":30},{"not_picked":["RobotSpaceExplorer:FrostMissile","RobotSpaceExplorer:Smokescreen"],"picked":"RobotSpaceExplorer:RigExplosive","floor":31},{"not_picked":["RobotSpaceExplorer:DroneSwarm","RobotSpaceExplorer:Wormhole"],"picked":"RobotSpaceExplorer:TrailblazerForm","floor":33},{"not_picked":["RobotSpaceExplorer:ToxicBomb+1","RobotSpaceExplorer:RigExplosive"],"picked":"RobotSpaceExplorer:FreezeRay","floor":35},{"not_picked":["RobotSpaceExplorer:FranticSearch+1","RobotSpaceExplorer:ScrapMissile"],"picked":"RobotSpaceExplorer:Jetpack+1","floor":36},{"not_picked":["RobotSpaceExplorer:ShockKick","RobotSpaceExplorer:SlimeMissile"],"picked":"RobotSpaceExplorer:DoubleFind+1","floor":38},{"not_picked":["RobotSpaceExplorer:StunGrenade","RobotSpaceExplorer:MiniDrones"],"picked":"RobotSpaceExplorer:RigExplosive+1","floor":39},{"not_picked":["RobotSpaceExplorer:MetalStrike","RobotSpaceExplorer:ShovelStrike+1"],"picked":"RobotSpaceExplorer:FrostMissile+1","floor":40},{"not_picked":["Dark Shackles","expansioncontent:GoopSpray"],"picked":"Trip","floor":41},{"not_picked":["RobotSpaceExplorer:SwiftStep","RobotSpaceExplorer:ImprovisedAttack+1"],"picked":"RobotSpaceExplorer:SurgingStrike+1","floor":42},{"not_picked":["RobotSpaceExplorer:ImprovisedAttack+1","RobotSpaceExplorer:ShovelStrike+1"],"picked":"RobotSpaceExplorer:SelfCleaning+1","floor":46},{"not_picked":["RobotSpaceExplorer:ChargingLaser","RobotSpaceExplorer:PowerGlove+1"],"picked":"RobotSpaceExplorer:Electropulse+1","floor":47},{"not_picked":["RobotSpaceExplorer:Ammunition+1","RobotSpaceExplorer:Blitz","RobotSpaceExplorer:ShovelStrike+1"],"picked":"SKIP","floor":48},{"not_picked":["RobotSpaceExplorer:Electroshield","RobotSpaceExplorer:RigExplosive+1"],"picked":"RobotSpaceExplorer:ToxicBomb+1","floor":54}],"player_experience":832322,"relics_obtained":[{"floor":10,"key":"Toy Ornithopter"},{"floor":13,"key":"Ginger"},{"floor":15,"key":"potionbrewer:MortarAndPestle"},{"floor":23,"key":"Iron Hammer"},{"floor":25,"key":"wanderingMiniBosses:LockLocket"},{"floor":26,"key":"potionbrewer:SlideRule"},{"floor":31,"key":"Pen Nib"},{"floor":40,"key":"RobotSpaceExplorer:ClockworkSextant"},{"floor":43,"key":"Lantern"},{"floor":47,"key":"Eternal Feather"},{"floor":54,"key":"theForsaken:Gavel"}],"event_choices":[{"damage_healed":0,"gold_gain":0,"player_choice":"Leave","damage_taken":0,"max_hp_gain":0,"max_hp_loss":0,"event_name":"The Cleric","floor":4,"gold_loss":0},{"damage_healed":0,"gold_gain":0,"player_choice":"RENOUNCE","damage_taken":146,"max_hp_gain":0,"max_hp_loss":0,"event_name":"betterThird:BetterSerpent","floor":5,"gold_loss":146,"cards_obtained":["Enlightenment"]},{"damage_healed":0,"gold_gain":0,"player_choice":"Forge","damage_taken":0,"max_hp_gain":0,"max_hp_loss":0,"event_name":"Accursed Blacksmith","floor":7,"gold_loss":0,"cards_upgraded":["RobotSpaceExplorer:MiniLasers"]},{"damage_healed":0,"gold_gain":0,"player_choice":"Memory 1","damage_taken":0,"max_hp_gain":0,"max_hp_loss":0,"event_name":"SensoryStone","floor":41,"gold_loss":0}],"is_beta":false,"boss_relics":[{"not_picked":["ReplayTheSpireMod:SealedPack","Fusion Hammer"],"picked":"Painkiller Herb"},{"not_picked":["Replay:Wanted Poster","Calling Bell"],"picked":"Abe\u0027s Treasure"}],"items_purged_floors":[],"is_endless":false,"potions_floor_spawned":[2,12,13,14,18,19,20,30,31,38,42,46,47,48,54],"ascension_level":0}}