{"host":"z9grmtg2w0nmz8n1","time":1608249766,"event":{"mods":["Aspiration","Bard","BaseMod","Beaked The Cultist","Better Altar","Better Match","Better Third Choice","BetterRewards","CCEM","Colored Map","Conspire","Downfall","GifTheSpireLib","Googly Eyes","Halation","Highlight Path","Hubris","Jedi Mod","Jorbs\u0027s Wanderer Trilogy","Minty Spire (QoL Compilation)","Permanent Neow","Replay The Spire","Spicy Shops","StSLib","Stuff the Spire","The Bug Knight"],"gold_per_floor":[99,130,130,130,142,155,155,187,197,230,245,245,245,263,23,33,52,148,148,73,87,107,92,122,134,134,134,59,87,99,124,154,178,209,326,338,275,287,256,256,266,266,335,335,335],"floor_reached":44,"playtime":2741,"items_purged":["Slimebound:Strike_Slimebound","Slimebound:Strike_Slimebound","Slimebound:Strike_Slimebound+1"],"score":545,"play_id":"69934944-8ca3-4b1e-99e9-a471109b26ad","local_time":"20201217220246","is_ascension_mode":false,"campfire_choices":[{"floor":1,"key":"RECALL"},{"data":"Slimebound:Darklings","floor":20,"key":"SMITH"},{"data":"Slimebound:BestDefense","floor":28,"key":"SMITH"},{"data":"Slimebound:RollThrough","floor":37,"key":"SMITH"},{"data":"Slimebound:OneTwoCombo","floor":40,"key":"SMITH"},{"data":"Slimebound:OneTwoCombo","floor":42,"key":"SMITH"}],"circlet_count":0,"master_deck":["Slimebound:Tackle+1","Slimebound:Defend_Slimebound","Slimebound:Defend_Slimebound","Slimebound:Defend_Slimebound","Slimebound:Defend_Slimebound+1","Slimebound:Split","Slimebound:CorrosiveSpit+1","Slimebound:Teamwork+1","Slimebound:SplitMire+1","Slimebound:Darklings+1","Slimebound:SplitAcid","Slimebound:RollThrough+1","Slimebound:FlameTackle","Slimebound:Chomp","Slimebound:OneTwoCombo+1","Slimebound:RollThrough+1","Slimebound:BestDefense+1","Slimebound:Chomp+1","Slimebound:ComboTackle+1","Slimebound:OneTwoCombo+1","Slimebound:FinishingTackle"],"relics":["Slimebound:AbsorbEndCombat","White Beast Statue","jedi:bottledfury","Boot","halation:Jellyphish","downfall:HeartBlessingRed","Whetstone","CCEMRelics:TechnogenicHelmet","downfall:HeartBlessingGreen","MawBank","aspiration:DefectSkillbook","downfall:HeartBlessingBlue","hubris:Towel","Slimebound:SelfDamagePreventRelic","hubris:MysteriousPyramids","PreservedInsect"],"acts_visited":["Exordium","TheCity","TheBeyond"],"potions_floor_usage":[8,10,14,23,29,31,35,35,35,41,41,44],"damage_taken":[{"damage":46,"enemies":"Lagavulin","floor":2,"turns":8},{"damage":8,"enemies":"2 Louse","floor":5,"turns":3},{"damage":8,"enemies":"Cultist","floor":6,"turns":3},{"damage":39,"enemies":"Gremlin Nob","floor":8,"turns":5},{"damage":20,"enemies":"Small Slimes","floor":9,"turns":3},{"damage":12,"enemies":"Lagavulin","floor":10,"turns":4},{"damage":18,"enemies":"2 Fungi Beasts","floor":11,"turns":3},{"damage":17,"enemies":"Lots of Slimes","floor":14,"turns":3},{"damage":20,"enemies":"downfall:FleeingMerchant","floor":15,"turns":4},{"damage":27,"enemies":"Large Slime","floor":16,"turns":4},{"damage":31,"enemies":"2 Fungi Beasts","floor":17,"turns":3},{"damage":47,"enemies":"downfall:Silent","floor":18,"turns":6},{"damage":22,"enemies":"Chosen","floor":21,"turns":3},{"damage":26,"enemies":"Spheric Guardian","floor":22,"turns":3},{"damage":12,"enemies":"downfall:FleeingMerchant","floor":23,"turns":4},{"damage":42,"enemies":"Gremlin Leader","floor":24,"turns":3},{"damage":26,"enemies":"Chosen and Byrds","floor":25,"turns":3},{"damage":57,"enemies":"Slavers","floor":29,"turns":3},{"damage":12,"enemies":"Snecko","floor":31,"turns":4},{"damage":30,"enemies":"3 Cultists","floor":32,"turns":3},{"damage":27,"enemies":"Centurion and Healer","floor":33,"turns":4},{"damage":20,"enemies":"Snake Plant","floor":34,"turns":2},{"damage":41,"enemies":"downfall:Watcher","floor":35,"turns":5},{"damage":44,"enemies":"downfall:FleeingMerchant","floor":39,"turns":4},{"damage":16,"enemies":"3 Shapes","floor":41,"turns":2},{"damage":91,"enemies":"conspire:MimicChest","floor":44,"turns":4}],"seed_played":"1293956481822622650","potions_obtained":[{"floor":5,"key":"Fruit Juice"},{"floor":6,"key":"Toxic Potion"},{"floor":8,"key":"sneckomod:MuddlingPotion"},{"floor":9,"key":"Energy Potion"},{"floor":10,"key":"Cursed Concoction"},{"floor":14,"key":"champ:CounterPotion"},{"floor":22,"key":"PowerPotion"},{"floor":23,"key":"Weak Potion"},{"floor":25,"key":"SpeedPotion"},{"floor":27,"key":"CultistPotion"},{"floor":29,"key":"ColorlessPotion"},{"floor":31,"key":"sneckomod:MuddlingPotion"},{"floor":34,"key":"jedi:tentaclejuice"},{"floor":35,"key":"Dexterity Potion"},{"floor":39,"key":"EssenceOfSteel"},{"floor":41,"key":"ColorlessPotion"}],"is_trial":false,"path_per_floor":["R","E","?","?","M","M","T","E","M","E","M","PTL","PTL","M","$","M","M","B",null,"R","M","M","$","E","M","T","?","R","E","?","M","M","M","M","B",null,"R","?","$","R","M","R","T","?"],"character_chosen":"SLIMEBOUND","items_purchased":["halation:Jellyphish","Slimebound:SelfDamagePreventRelic"],"campfire_rested":0,"item_purchase_floors":[15,39],"current_hp_per_floor":[60,29,29,29,33,41,41,14,26,39,37,37,37,44,56,49,50,31,65,65,61,51,57,61,51,51,51,51,30,30,42,36,57,61,55,73,83,83,71,71,75,75,75,0,0],"gold":335,"neow_bonus":"ONE_RANDOM_RARE_CARD","is_daily":false,"chose_seed":false,"campfire_upgraded":5,"win_rate":0.0,"timestamp":1608249766,"path_taken":["R","E","?","?","M","M","T","E","M","E","M","PTL","PTL","M","$","?","M","BOSS","R","M","M","$","E","M","T","?","R","E","?","M","M","?","M","BOSS","R","?","$","R","M","R","T","?"],"items_purchased_type":["Relic","Relic"],"build_version":"2020-12-13","purchased_purges":3,"victory":false,"max_hp_per_floor":[60,60,60,60,60,60,60,60,60,65,65,65,65,65,65,65,65,65,65,65,65,65,65,65,65,65,65,65,73,73,73,73,73,73,73,73,83,83,83,83,83,83,83,83,83],"card_choices":[{"not_picked":["Slimebound:SlimeSpikes","Slimebound:Nibble"],"picked":"Slimebound:SplitMire","floor":2},{"not_picked":["Slimebound:LeechingTouch","Slimebound:SlimeTap","Slimebound:ServeAndProtect"],"picked":"SKIP","floor":5},{"not_picked":["Slimebound:GoopTackle","Slimebound:DivideAndConquer","Slimebound:GoopSpray"],"picked":"SKIP","floor":6},{"not_picked":["Slimebound:LeechingTouch","Slimebound:FormOfPuddle"],"picked":"Slimebound:Darklings","floor":8},{"not_picked":["Slimebound:LeechEnergy","Slimebound:DivideAndConquer","Slimebound:FinishingTackle"],"picked":"SKIP","floor":9},{"not_picked":["Slimebound:GrowthPunch","Slimebound:ForwardTackle"],"picked":"Slimebound:SplitAcid","floor":10},{"not_picked":["Slimebound:SplitAcid","Slimebound:SlimeTap"],"picked":"Slimebound:RollThrough","floor":11},{"not_picked":["Slimebound:LeechingTouch","Slimebound:Nibble"],"picked":"Slimebound:FlameTackle","floor":14},{"not_picked":["Slimebound:Equalize","Slimebound:Prepare","Slimebound:FormOfPuddle"],"picked":"SKIP","floor":15},{"not_picked":["Slimebound:MegaLick","Slimebound:LevelUp"],"picked":"Slimebound:Chomp","floor":16},{"not_picked":["Slimebound:RejuvenatingLick","Slimebound:SplitAcid","Slimebound:PressTheAttack"],"picked":"SKIP","floor":17},{"not_picked":["Slimebound:MinionMaster","Slimebound:Overexert"],"picked":"Slimebound:OneTwoCombo","floor":18},{"not_picked":["Slimebound:LivingWall","Slimebound:MegaLick"],"picked":"Slimebound:RollThrough","floor":21},{"not_picked":["Slimebound:DivideAndConquer","Slimebound:SplitMire+1"],"picked":"Slimebound:BestDefense","floor":22},{"not_picked":["beaked:Insight+1","beaked:DigDeep","beaked:Resilience+1"],"picked":"SKIP","floor":23},{"not_picked":["beaked:WarriorEssence+1","beaked:Flinch+1","beaked:Resilience"],"picked":"SKIP","floor":24},{"not_picked":["Slimebound:Repurpose","Slimebound:RejuvenatingLick","Slimebound:FirmFortitude"],"picked":"SKIP","floor":25},{"not_picked":["beaked:Poke+1","beaked:Daydream","Slimebound:GrowthPunch+1"],"picked":"SKIP","floor":29},{"not_picked":["beaked:StunningBlow","Slimebound:ProtectTheBoss+1"],"picked":"Slimebound:Chomp+1","floor":31},{"not_picked":["beaked:Molting","Slimebound:DuplicatedForm","beaked:TuckingFeathers+1"],"picked":"SKIP","floor":32},{"not_picked":["Slimebound:Grow+1","Slimebound:PressTheAttack","beaked:Overpower+1"],"picked":"SKIP","floor":33},{"not_picked":["beaked:SurvivalInstinct","beaked:StickSmack"],"picked":"Slimebound:ComboTackle+1","floor":34},{"not_picked":["Slimebound:SelfFormingGoo","beaked:DarkTribute"],"picked":"Slimebound:OneTwoCombo","floor":35},{"not_picked":["Streamline","StuffTheSpire:Rend","Slimebound:ServeAndProtect+1"],"picked":"Slimebound:FinishingTackle","floor":39},{"not_picked":["Slimebound:Repurpose+1","Slimebound:ViciousTackle","Gash","Chill+1"],"picked":"SKIP","floor":41}],"player_experience":587848,"relics_obtained":[{"floor":2,"key":"White Beast Statue"},{"floor":8,"key":"jedi:bottledfury"},{"floor":10,"key":"Boot"},{"floor":24,"key":"Whetstone"},{"floor":26,"key":"CCEMRelics:TechnogenicHelmet"},{"floor":29,"key":"MawBank"},{"floor":43,"key":"hubris:MysteriousPyramids"}],"event_choices":[{"damage_healed":0,"gold_gain":0,"player_choice":"Upgraded","damage_taken":0,"max_hp_gain":0,"max_hp_loss":0,"event_name":"Upgrade Shrine","floor":4,"gold_loss":0,"cards_upgraded":["Slimebound:Teamwork"]},{"damage_healed":0,"gold_gain":0,"player_choice":"Upgraded","damage_taken":0,"max_hp_gain":0,"max_hp_loss":0,"event_name":"Upgrade Shrine","floor":30,"gold_loss":0,"cards_upgraded":["Slimebound:RollThrough"]}],"is_beta":false,"boss_relics":[{"not_picked":["Runic Dome","StuffTheSpire:RunicHypercube","Pandora\u0027s Box"]},{"not_picked":["CCEMRelics:GreenEgg","Runic Pyramid"],"picked":"aspiration:DefectSkillbook"}],"items_purged_floors":[15,39,39],"is_endless":false,"potions_floor_spawned":[5,6,8,9,10,11,14,15,16,17,18,21,22,23,24,25,29,31,32,33,34,35,39,41],"killed_by":"conspire:MimicChest","ascension_level":0}}