{"host":"4iumrvuiaf6fol98","time":1608335012,"event":{"mods":["AchievementEnabler","BaseMod","Colored Map","Colored Powertips","Minty Spire (QoL Compilation)","Quick Restart","StSLib"],"gold_per_floor":[109,129,146,146,146,178,178,191,241,267,267,284,299,316,316,421,421,435,435,99,115,135,135,135,135,135,135,160,179,189,189,189],"floor_reached":31,"playtime":2540,"items_purged":[],"score":269,"play_id":"bfd366cc-14cc-4532-ba65-e972a35bf0d4","local_time":"20201218184332","is_ascension_mode":false,"campfire_choices":[{"data":"Noxious Fumes","floor":7,"key":"SMITH"},{"data":"Accuracy","floor":15,"key":"SMITH"},{"floor":27,"key":"REST"}],"circlet_count":0,"master_deck":["Strike_G","Strike_G","Strike_G","Strike_G","Strike_G","Defend_G","Defend_G","Defend_G","Defend_G","Defend_G","Survivor","Neutralize","Noxious Fumes+1","Blade Dance","Cloak And Dagger","Masterful Stab","Heel Hook","Strike_B","Cloak And Dagger","Slice","Accuracy+1","After Image","Slice","RitualDagger","Accuracy","Poisoned Stab","Bane","Cloak And Dagger","Slice","Deflect"],"relics":["Ring of the Snake","Potion Belt","Ornamental Fan","Orichalcum","PreservedInsect","SacredBark","Bronze Scales","Ancient Tea Set","Letter Opener","Bottled Flame","Kunai"],"acts_visited":["TheCity"],"potions_floor_usage":[10,16,16,21,28,30],"damage_taken":[{"damage":0,"enemies":"Cultist","floor":1,"turns":5},{"damage":7,"enemies":"Jaw Worm","floor":2,"turns":5},{"damage":0,"enemies":"2 Louse","floor":3,"turns":2},{"damage":17,"enemies":"Lagavulin","floor":6,"turns":11},{"damage":6,"enemies":"Large Slime","floor":8,"turns":4},{"damage":11,"enemies":"3 Sentries","floor":10,"turns":8},{"damage":0,"enemies":"Looter","floor":12,"turns":2},{"damage":0,"enemies":"3 Louse","floor":13,"turns":3},{"damage":0,"enemies":"2 Fungi Beasts","floor":14,"turns":3},{"damage":34,"enemies":"The Guardian","floor":16,"turns":8},{"damage":16,"enemies":"Spheric Guardian","floor":18,"turns":4},{"damage":0,"enemies":"Shell Parasite","floor":21,"turns":5},{"damage":16,"enemies":"Snake Plant","floor":22,"turns":5},{"damage":13,"enemies":"Book of Stabbing","floor":28,"turns":3},{"damage":21,"enemies":"Shelled Parasite and Fungi","floor":29,"turns":5},{"damage":0,"enemies":"Chosen and Byrds","floor":30,"turns":6},{"damage":21,"enemies":"Centurion and Healer","floor":31,"turns":4}],"seed_played":"1127984139855962427","potions_obtained":[{"floor":3,"key":"Regen Potion"},{"floor":10,"key":"Regen Potion"},{"floor":12,"key":"SteroidPotion"},{"floor":14,"key":"PowerPotion"},{"floor":16,"key":"Weak Potion"},{"floor":21,"key":"Fire Potion"},{"floor":22,"key":"Dexterity Potion"},{"floor":29,"key":"FearPotion"},{"floor":30,"key":"GamblersBrew"}],"is_trial":false,"path_per_floor":["M","M","M","$","?","E","R","M","T","E","?","M","M","M","R","B",null,"M","?","$","M","M","?","?","T","T","R","E","M","M","M"],"character_chosen":"THE_SILENT","items_purchased":["Accuracy","Bronze Scales","Ancient Tea Set"],"campfire_rested":1,"item_purchase_floors":[20,20,20],"current_hp_per_floor":[70,63,63,63,63,46,46,40,40,44,44,44,44,44,44,15,70,54,48,48,48,32,32,32,32,32,53,40,19,19,0,0],"gold":189,"neow_bonus":"RANDOM_COMMON_RELIC","is_daily":false,"chose_seed":false,"campfire_upgraded":2,"win_rate":0.0,"timestamp":1608335012,"path_taken":["M","?","M","$","?","E","R","M","T","E","?","?","M","M","R","BOSS","M","?","$","M","M","?","?","?","T","R","E","M","M","M"],"items_purchased_type":["Card","Relic","Relic"],"build_version":"2020-12-13","purchased_purges":0,"victory":false,"max_hp_per_floor":[70,70,70,70,70,70,70,70,70,70,70,70,70,70,70,70,70,70,70,70,70,70,70,70,70,70,70,70,70,70,70,70],"card_choices":[{"not_picked":["Sucker Punch","PiercingWail"],"picked":"Noxious Fumes","floor":1},{"not_picked":["Dodge and Roll","Flechettes"],"picked":"Blade Dance","floor":2},{"not_picked":["Bane","Underhanded Strike"],"picked":"Cloak And Dagger","floor":3},{"not_picked":["Acrobatics","Blur"],"picked":"Masterful Stab","floor":6},{"not_picked":["Tactician","Catalyst"],"picked":"Acrobatics","floor":8},{"not_picked":["Predator","Riddle With Holes"],"picked":"Heel Hook","floor":10},{"not_picked":["Dagger Spray","Sucker Punch"],"picked":"Cloak And Dagger","floor":12},{"not_picked":["Catalyst","Expertise"],"picked":"Slice","floor":13},{"not_picked":["Leg Sweep","All Out Attack"],"picked":"Accuracy","floor":14},{"not_picked":["Die Die Die","Unload"],"picked":"After Image","floor":16},{"not_picked":["Poisoned Stab","Sucker Punch"],"picked":"Slice","floor":18},{"not_picked":["Terror","Outmaneuver+1"],"picked":"Poisoned Stab","floor":21},{"not_picked":["Prepared","Distraction"],"picked":"Bane","floor":22},{"not_picked":["Deadly Poison+1","Crippling Poison"],"picked":"Cloak And Dagger","floor":28},{"not_picked":["Flechettes+1","Infinite Blades"],"picked":"Slice","floor":29},{"not_picked":["Sucker Punch","Backflip+1"],"picked":"Deflect","floor":30}],"player_experience":225951,"relics_obtained":[{"floor":6,"key":"Ornamental Fan"},{"floor":9,"key":"Orichalcum"},{"floor":10,"key":"PreservedInsect"},{"floor":25,"key":"Letter Opener"},{"floor":26,"key":"Bottled Flame"},{"floor":28,"key":"Kunai"}],"event_choices":[{"damage_healed":0,"gold_gain":0,"player_choice":"Ignored","damage_taken":0,"max_hp_gain":0,"max_hp_loss":0,"event_name":"Golden Wing","floor":5,"gold_loss":0},{"cards_removed":["Acrobatics"],"damage_healed":0,"gold_gain":0,"player_choice":"Took Card","damage_taken":0,"max_hp_gain":0,"max_hp_loss":0,"event_name":"NoteForYourself","floor":11,"gold_loss":0,"cards_obtained":["Strike_B"]},{"damage_healed":0,"gold_gain":0,"player_choice":"Joined the Cult","damage_taken":6,"max_hp_gain":0,"max_hp_loss":0,"event_name":"Nest","floor":19,"gold_loss":0,"cards_obtained":["RitualDagger"]},{"damage_healed":0,"gold_gain":0,"player_choice":"Ignored","damage_taken":0,"max_hp_gain":0,"max_hp_loss":0,"event_name":"Beggar","floor":23,"gold_loss":0},{"damage_healed":0,"gold_gain":0,"player_choice":"Ignored","damage_taken":0,"max_hp_gain":0,"max_hp_loss":0,"event_name":"Ghosts","floor":24,"gold_loss":0}],"is_beta":false,"boss_relics":[{"not_picked":["Empty Cage","Ring of the Serpent"],"picked":"SacredBark"}],"items_purged_floors":[],"is_endless":false,"potions_floor_spawned":[3,10,12,14,16,21,22,29,30],"killed_by":"Centurion and Healer","ascension_level":0}}