{"host":"ih7ofq2zpufcoifs","time":1608316969,"event":{"mods":["BaseMod","Colored Map","Minty Spire (QoL Compilation)"],"gold_per_floor":[12,32,32,32,32,32,32,76,76,76,90,90,90,105,105,198,198,221,242,242,111,111,146,146,159,186,186,211,251,269,58,58,153,153,169,194,207,207,230,230,270,270,294,0,19,19,33,33,33,33,33,33,11,47,47],"floor_reached":56,"playtime":7610,"items_purged":["Strike_G"],"score":2035,"play_id":"81cea02f-8387-4cda-bb5d-95d4d8de2114","local_time":"20201219044249","is_ascension_mode":true,"campfire_choices":[{"data":"Riddle With Holes","floor":6.0,"key":"SMITH"},{"data":"Neutralize","floor":10.0,"key":"SMITH"},{"data":"Malaise","floor":12.0,"key":"SMITH"},{"data":"Noxious Fumes","floor":15.0,"key":"SMITH"},{"data":"Wraith Form v2","floor":24.0,"key":"SMITH"},{"data":"Catalyst","floor":27.0,"key":"SMITH"},{"data":"Ghostly","floor":32.0,"key":"SMITH"},{"floor":40.0,"key":"RECALL"},{"data":"Ghostly","floor":42.0,"key":"SMITH"},{"data":"Ghostly","floor":49.0,"key":"SMITH"},{"data":"Tools of the Trade","floor":52.0,"key":"SMITH"}],"circlet_count":0,"master_deck":["AscendersBane","Strike_G+1","Defend_G+1","Defend_G+1","Defend_G+1","Defend_G+1","Survivor","Neutralize+1","Malaise+1","Tools of the Trade+1","Riddle With Holes+1","Noxious Fumes+1","Dagger Throw","Wraith Form v2+1","All Out Attack+1","Ghostly+1","Ghostly+1","Ghostly+1","Catalyst+1","Blade Dance+1","Backflip+1","Bouncing Flask+1","Prepared+1","Blade Dance+1","PiercingWail+1","Malaise+1","Tactician+1","Bouncing Flask+1","Crippling Poison+1","Backflip+1","PiercingWail+1","Distraction+1","PiercingWail+1","Crippling Poison+1"],"relics":["Ring of the Snake","Golden Idol","The Courier","Eternal Feather","Unceasing Top","Busted Crown","Dead Branch","Centennial Puzzle","Toxic Egg 2","Runic Dome","Bird Faced Urn","Lantern","Membership Card","Potion Belt","Sundial"],"acts_visited":["Exordium","TheCity","TheBeyond","TheEnding"],"potions_floor_usage":[],"damage_taken":[{"damage":3.0,"enemies":"Cultist","floor":1.0,"turns":5.0},{"damage":1.0,"enemies":"Jaw Worm","floor":2.0,"turns":5.0},{"damage":23.0,"enemies":"3 Sentries","floor":8.0,"turns":8.0},{"damage":4.0,"enemies":"Small Slimes","floor":11.0,"turns":4.0},{"damage":1.0,"enemies":"Blue Slaver","floor":14.0,"turns":5.0},{"damage":4.0,"enemies":"The Guardian","floor":16.0,"turns":12.0},{"damage":5.0,"enemies":"Chosen","floor":18.0,"turns":7.0},{"damage":1.0,"enemies":"Spheric Guardian","floor":19.0,"turns":5.0},{"damage":3.0,"enemies":"Book of Stabbing","floor":23.0,"turns":8.0},{"damage":9.0,"enemies":"Chosen and Byrds","floor":25.0,"turns":6.0},{"damage":1.0,"enemies":"Centurion and Healer","floor":28.0,"turns":4.0},{"damage":1.0,"enemies":"Slavers","floor":29.0,"turns":7.0},{"damage":7.0,"enemies":"Sentry and Sphere","floor":30.0,"turns":5.0},{"damage":12.0,"enemies":"Collector","floor":33.0,"turns":8.0},{"damage":10.0,"enemies":"Orb Walker","floor":35.0,"turns":3.0},{"damage":0.0,"enemies":"3 Darklings","floor":36.0,"turns":4.0},{"damage":0.0,"enemies":"Maw","floor":37.0,"turns":4.0},{"damage":6.0,"enemies":"Transient","floor":39.0,"turns":6.0},{"damage":1.0,"enemies":"Giant Head","floor":41.0,"turns":6.0},{"damage":0.0,"enemies":"3 Darklings","floor":45.0,"turns":2.0},{"damage":1.0,"enemies":"Jaw Worm Horde","floor":47.0,"turns":4.0},{"damage":6.0,"enemies":"Awakened One","floor":50.0,"turns":14.0},{"damage":0,"enemies":"Shield and Spear","floor":54,"turns":6},{"damage":18,"enemies":"The Heart","floor":55,"turns":8}],"seed_played":"-7459516001604303591","potions_obtained":[{"floor":11.0,"key":"BlessingOfTheForge"},{"floor":14.0,"key":"Swift Potion"},{"floor":18.0,"key":"Regen Potion"},{"floor":28.0,"key":"Poison Potion"},{"floor":29.0,"key":"SpeedPotion"},{"floor":30.0,"key":"Dexterity Potion"},{"floor":36.0,"key":"SteroidPotion"},{"floor":37.0,"key":"CunningPotion"}],"is_trial":false,"path_per_floor":["M","M","?","T","T","R","$","E","T","R","M","R","?","M","R","B",null,"M","M","?","$","?","E","R","M","T","R","M","E","M","$","R","B",null,"M","M","M","?","M","R","E","R","T","$","M","?","M","?","R","B",null,"R","$","E","B",null],"character_chosen":"THE_SILENT","items_purchased":["Catalyst","Backflip+1","Blur+1","Blade Dance+1","Deflect+1","Deadly Poison+1","Membership Card","Potion Belt","FairyPotion","Backflip+1","Weak Potion","Swift Potion","PiercingWail+1"],"campfire_rested":0,"item_purchase_floors":[21,31,31,31,31,31,44,44,44,44,44,44,53],"current_hp_per_floor":[56,55,55,55,55,55,55,32,32,41,37,46,46,45,54,50,58,53,52,30,30,30,27,30,21,21,30,29,28,21,21,30,18,27,17,17,17,17,11,29,28,30,30,30,30,28,28,28,28,28,28,28,28,28,20],"gold":47,"neow_bonus":"TRANSFORM_TWO_CARDS","is_daily":false,"chose_seed":false,"campfire_upgraded":10,"win_rate":0.0,"timestamp":1608316969,"path_taken":["M","M","?","?","?","R","?","E","T","R","M","R","?","?","R","BOSS","M","M","?","$","?","E","R","M","T","R","M","E","M","$","R","BOSS","M","M","M","?","?","R","E","R","T","$","M","?","M","?","R","BOSS","R","$","E","BOSS"],"items_purchased_type":["Card","Card","Card","Card","Card","Card","Relic","Relic","Potion","Card","Potion","Potion","Card"],"build_version":"2020-12-13","purchased_purges":1,"victory":true,"max_hp_per_floor":[66,66,60,60,60,60,60,60,60,60,60,60,60,60,60,60,60,60,60,30,30,30,30,30,30,30,30,30,30,30,30,30,30,30,30,30,30,30,30,30,30,30,30,30,30,28,28,28,28,28,28,28,28,28,28],"card_choices":[{"not_picked":["Outmaneuver","Terror"],"picked":"Riddle With Holes","floor":1.0},{"not_picked":["Sucker Punch","PiercingWail"],"picked":"Noxious Fumes","floor":2.0},{"not_picked":["Flechettes","Deflect","Blur"],"picked":"SKIP","floor":8.0},{"not_picked":["Cloak And Dagger","Slice"],"picked":"Dagger Throw","floor":11.0},{"not_picked":["Sucker Punch","Masterful Stab","Choke"],"picked":"SKIP","floor":14.0},{"not_picked":["Malaise","Grand Finale"],"picked":"Wraith Form v2","floor":16.0},{"not_picked":[],"picked":"All Out Attack+1","floor":18.0},{"not_picked":["Sucker Punch"],"picked":"SKIP","floor":19.0},{"not_picked":["Dash"],"picked":"SKIP","floor":23.0},{"not_picked":["Outmaneuver"],"picked":"SKIP","floor":25.0},{"not_picked":["Flying Knee"],"picked":"SKIP","floor":28.0},{"not_picked":["Slice"],"picked":"SKIP","floor":29.0},{"not_picked":[],"picked":"Blade Dance+1","floor":30.0},{"not_picked":[],"picked":"Malaise+1","floor":33.0},{"not_picked":[],"picked":"Tactician+1","floor":35.0},{"not_picked":[],"picked":"Bouncing Flask+1","floor":36.0},{"not_picked":["Infinite Blades+1"],"picked":"SKIP","floor":37.0},{"not_picked":[],"picked":"Crippling Poison+1","floor":39.0},{"not_picked":["Bane"],"picked":"SKIP","floor":41.0},{"not_picked":["Sucker Punch"],"picked":"SKIP","floor":45.0},{"not_picked":["Sucker Punch"],"picked":"SKIP","floor":45.0},{"not_picked":[],"picked":"PiercingWail+1","floor":47.0},{"not_picked":[],"picked":"Crippling Poison+1","floor":54}],"player_experience":405956,"relics_obtained":[{"floor":4.0,"key":"The Courier"},{"floor":8.0,"key":"Eternal Feather"},{"floor":9.0,"key":"Unceasing Top"},{"floor":23.0,"key":"Dead Branch"},{"floor":26.0,"key":"Centennial Puzzle"},{"floor":29.0,"key":"Toxic Egg 2"},{"floor":41.0,"key":"Bird Faced Urn"},{"floor":43.0,"key":"Lantern"},{"floor":54,"key":"Sundial"}],"event_choices":[{"damage_healed":0.0,"max_hp_gain":0.0,"max_hp_loss":6.0,"gold_gain":0.0,"event_name":"Golden Idol","player_choice":"Lose Max HP","floor":3.0,"gold_loss":0.0,"damage_taken":0.0,"relics_obtained":["Golden Idol"]},{"cards_removed":["Strike_G"],"damage_healed":0.0,"max_hp_gain":0.0,"max_hp_loss":0.0,"gold_gain":0.0,"event_name":"Purifier","player_choice":"Purged","floor":13.0,"gold_loss":0.0,"damage_taken":0.0},{"damage_healed":0.0,"max_hp_gain":0.0,"max_hp_loss":30.0,"gold_gain":0.0,"event_name":"Ghosts","player_choice":"Became a Ghost","floor":20.0,"gold_loss":0.0,"damage_taken":0.0,"cards_obtained":["Ghostly","Ghostly","Ghostly"]},{"damage_healed":0.0,"max_hp_gain":0.0,"max_hp_loss":0.0,"gold_gain":0.0,"event_name":"Back to Basics","player_choice":"Simplicity","floor":22.0,"gold_loss":0.0,"damage_taken":0.0,"cards_upgraded":["Strike_G","Strike_G","Defend_G","Defend_G","Defend_G","Defend_G"]},{"damage_healed":0.0,"max_hp_gain":0.0,"max_hp_loss":0.0,"gold_gain":0.0,"event_name":"SecretPortal","player_choice":"Ignored","floor":38.0,"gold_loss":0.0,"damage_taken":0.0},{"damage_healed":0.0,"max_hp_gain":0.0,"max_hp_loss":2.0,"gold_gain":0.0,"event_name":"Winding Halls","player_choice":"Max HP","floor":46.0,"gold_loss":0.0,"damage_taken":0.0},{"damage_healed":0.0,"max_hp_gain":0.0,"max_hp_loss":0.0,"gold_gain":0.0,"cards_transformed":["Strike_G"],"event_name":"Transmorgrifier","player_choice":"Transformed","floor":48.0,"gold_loss":0.0,"damage_taken":0.0,"cards_obtained":["Distraction"]}],"is_beta":false,"boss_relics":[{"not_picked":["Ring of the Serpent","SacredBark"],"picked":"Busted Crown"},{"not_picked":["Tiny House","Runic Pyramid"],"picked":"Runic Dome"}],"items_purged_floors":[21],"is_endless":false,"potions_floor_spawned":[11,14,16,18,28,29,30,36,37,45],"ascension_level":17}}