{"host":"Lingo","time":1608266989,"event":{"mods":["BaseMod","Downfall","Minty Spire (QoL Compilation)","Relic Stats","StSLib"],"gold_per_floor":[115,115,133,156,156,156,166,198,198,225,81,411,411,411,411,514,514,527,545,555,332,332,359,359,394,394,394,35,35,46,63,63,166,166,177,1176,1192,695,711,739,751,751],"floor_reached":41,"playtime":3506,"items_purged":["Strike_R","Strike_R","Defend_R"],"score":745,"play_id":"c8900859-2215-47c8-8084-318116c67f72","local_time":"20201217204949","is_ascension_mode":true,"campfire_choices":[{"data":"Shockwave","floor":6.0,"key":"SMITH"},{"data":"Shrug It Off","floor":15.0,"key":"SMITH"},{"floor":24.0,"key":"REST"},{"data":"True Grit","floor":27.0,"key":"SMITH"},{"data":"Reaper","floor":29.0,"key":"SMITH"},{"floor":32.0,"key":"RECALL"}],"circlet_count":0,"master_deck":["Strike_R+1","Defend_R","Defend_R","Defend_R","Bash","Dropkick+1","Sever Soul","Shockwave+1","Clash","Shrug It Off+1","Combust","Immolate","Inflame","Double Tap","True Grit+1","Second Wind","Rupture","Corruption","Dark Embrace+1","Reaper+1","Flame Barrier+1","Limit Break","Armaments+1","Panacea","Body Slam+1","Flame Barrier"],"relics":["Burning Blood","Omamori","FossilizedHelix","Art of War","Old Coin","Mark of Pain","Dead Branch","Magic Flower","Pear","Toy Ornithopter","Snecko Eye","Lantern","Nunchaku","Torii"],"acts_visited":[],"potions_floor_usage":[],"damage_taken":[{"damage":3.0,"enemies":"Jaw Worm","floor":1.0,"turns":5.0},{"damage":7.0,"enemies":"Small Slimes","floor":3.0,"turns":4.0},{"damage":0.0,"enemies":"Cultist","floor":7.0,"turns":2.0},{"damage":13.0,"enemies":"Gremlin Nob","floor":8.0,"turns":3.0},{"damage":5.0,"enemies":"3 Sentries","floor":10.0,"turns":6.0},{"damage":0.0,"enemies":"Gremlin Nob","floor":12.0,"turns":3.0},{"damage":0.0,"enemies":"Gremlin Gang","floor":14.0,"turns":1.0},{"damage":50.0,"enemies":"Hexaghost","floor":16.0,"turns":8.0},{"damage":14.0,"enemies":"Shell Parasite","floor":18.0,"turns":4.0},{"damage":22.0,"enemies":"2 Thieves","floor":19.0,"turns":3.0},{"damage":25.0,"enemies":"Snake Plant","floor":20.0,"turns":4.0},{"damage":23.0,"enemies":"Gremlin Leader","floor":23.0,"turns":5.0},{"damage":23.0,"enemies":"Book of Stabbing","floor":25.0,"turns":5.0},{"damage":0.0,"enemies":"Snecko","floor":30.0,"turns":2.0},{"damage":0.0,"enemies":"Centurion and Healer","floor":31.0,"turns":4.0},{"damage":9.0,"enemies":"Champ","floor":33.0,"turns":7.0},{"damage":0.0,"enemies":"3 Shapes","floor":35.0,"turns":2.0},{"damage":3.0,"enemies":"3 Darklings","floor":37.0,"turns":3.0},{"damage":0.0,"enemies":"4 Shapes","floor":39.0,"turns":2.0},{"damage":6.0,"enemies":"Nemesis","floor":40.0,"turns":3.0},{"damage":0.0,"enemies":"Jaw Worm Horde","floor":41.0,"turns":2.0}],"seed_played":"7705209047181725769","potions_obtained":[{"floor":1.0,"key":"SmokeBomb"},{"floor":7.0,"key":"Energy Potion"},{"floor":18.0,"key":"BloodPotion"},{"floor":23.0,"key":"CultistPotion"},{"floor":25.0,"key":"CultistPotion"},{"floor":37.0,"key":"DistilledChaos"},{"floor":39.0,"key":"DuplicationPotion"}],"is_trial":false,"path_per_floor":["M","?","M","T","?","R","M","E","T","E","$","E","?","M","R","B",null,"M","M","M","$","?","E","R","E","T","R","$","R","M","M","R","B",null,"M","?","M","$","M","E","M"],"character_chosen":"IRONCLAD","items_purchased":["Combust","Rupture","Energy Potion","Reaper","Toy Ornithopter","BloodPotion","Panacea","Lantern","Nunchaku"],"campfire_rested":1,"item_purchase_floors":[11,21,21,28,28,28,38,38,38],"current_hp_per_floor":[88,70,69,69,69,69,75,68,68,69,69,75,75,81,81,37,75,67,51,32,32,61,44,70,53,63,63,63,63,72,81,81,98,98,98,98,98,98,98,98,98,98],"gold":751,"neow_bonus":"TEN_PERCENT_HP_BONUS","is_daily":false,"chose_seed":false,"campfire_upgraded":4,"win_rate":0.0,"timestamp":1608266989,"path_taken":["M","?","M","?","?","R","M","E","T","E","$","E","?","?","R","BOSS","M","?","M","$","?","E","R","E","T","R","$","R","M","M","R","BOSS","M","?","M","$","M","E","M"],"items_purchased_type":["Card","Card","Potion","Card","Relic","Potion","Card","Relic","Relic"],"build_version":"2020-12-17","purchased_purges":3,"victory":false,"max_hp_per_floor":[88,88,88,88,88,88,88,88,88,88,88,88,88,88,88,88,88,88,88,88,88,88,88,88,88,98,98,98,98,98,98,98,98,98,98,98,98,98,98,98,98,98],"relic_stats":{"Nunchaku":[0],"Torii":0,"counters":[0,0],"Dead Branch":[0],"Magic Flower":[0],"Snecko Eye":[0,0,0,0],"Art of War":[0],"obtain_stats":[{"Lantern":0,"Pear":0,"Torii":0,"Dead Branch":0,"Magic Flower":0,"Omamori":0,"Burning Blood":0,"Old Coin":0,"Nunchaku":0,"Snecko Eye":0,"Mark of Pain":0,"Art of War":0,"FossilizedHelix":0,"Toy Ornithopter":0},{"Lantern":0,"Pear":0,"Torii":0,"Dead Branch":0,"Magic Flower":0,"Omamori":0,"Burning Blood":0,"Old Coin":0,"Nunchaku":0,"Snecko Eye":0,"Mark of Pain":0,"Art of War":0,"FossilizedHelix":0,"Toy Ornithopter":0},{"Lantern":0,"Pear":0,"Torii":0,"Dead Branch":0,"Magic Flower":0,"Omamori":0,"Burning Blood":0,"Old Coin":0,"Nunchaku":0,"Snecko Eye":0,"Mark of Pain":0,"Art of War":0,"FossilizedHelix":0,"Toy Ornithopter":0}],"Burning Blood":0,"Toy Ornithopter":0},"card_choices":[{"not_picked":["Rupture","Warcry"],"picked":"Dropkick","floor":1.0},{"not_picked":["Flex","Dropkick"],"picked":"Sever Soul","floor":3.0},{"not_picked":["Twin Strike","Evolve"],"picked":"Clash","floor":7.0},{"not_picked":["Sever Soul","Havoc","Clash"],"picked":"SKIP","floor":8.0},{"not_picked":["Power Through","Seeing Red"],"picked":"Shrug It Off","floor":10.0},{"not_picked":["Armaments","Clothesline"],"picked":"Immolate","floor":12.0},{"not_picked":["Bludgeon","Fiend Fire"],"picked":"Double Tap","floor":16.0},{"not_picked":["Perfected Strike","Anger"],"picked":"True Grit","floor":18.0},{"not_picked":["Heavy Blade","Thunderclap+1","Combust+1"],"picked":"SKIP","floor":19.0},{"not_picked":["Clash+1","Sword Boomerang"],"picked":"Second Wind","floor":20.0},{"not_picked":["Body Slam","Inflame"],"picked":"Corruption","floor":23.0},{"not_picked":["Clothesline","Disarm"],"picked":"Dark Embrace+1","floor":25.0},{"not_picked":["Body Slam","Warcry","Heavy Blade"],"picked":"SKIP","floor":30.0},{"not_picked":["Fire Breathing","Thunderclap"],"picked":"Flame Barrier+1","floor":31.0},{"not_picked":["Demon Form","Berserk"],"picked":"Limit Break","floor":33.0},{"not_picked":["Twin Strike+1","Warcry+1"],"picked":"Armaments+1","floor":35.0},{"not_picked":["Cleave","Burning Pact","Searing Blow+1"],"picked":"SKIP","floor":37.0},{"not_picked":["Hemokinesis+1","Reckless Charge+1"],"picked":"Body Slam+1","floor":39.0},{"not_picked":["Rampage+1","Whirlwind+1"],"picked":"Flame Barrier","floor":40.0}],"player_experience":616460,"relics_obtained":[{"floor":4.0,"key":"Omamori"},{"floor":9.0,"key":"FossilizedHelix"},{"floor":10.0,"key":"Art of War"},{"floor":12.0,"key":"Old Coin"},{"floor":23.0,"key":"Dead Branch"},{"floor":25.0,"key":"Magic Flower"},{"floor":26.0,"key":"Pear"},{"floor":40.0,"key":"Torii"}],"event_choices":[{"damage_healed":0.0,"max_hp_gain":0.0,"max_hp_loss":0.0,"gold_gain":0.0,"event_name":"Shining Light","player_choice":"Entered Light","floor":2.0,"gold_loss":0.0,"damage_taken":18.0,"cards_upgraded":["Strike_R","Dropkick"]},{"damage_healed":0.0,"max_hp_gain":0.0,"max_hp_loss":0.0,"gold_gain":0.0,"cards_transformed":["Strike_R"],"event_name":"Living Wall","player_choice":"Change","floor":5.0,"gold_loss":0.0,"damage_taken":0.0,"cards_obtained":["Shockwave"]},{"damage_healed":0.0,"max_hp_gain":0.0,"max_hp_loss":0.0,"gold_gain":0.0,"cards_transformed":["Strike_R"],"event_name":"Transmorgrifier","player_choice":"Transformed","floor":13.0,"gold_loss":0.0,"damage_taken":0.0,"cards_obtained":["Inflame"]},{"damage_healed":29.0,"max_hp_gain":0.0,"max_hp_loss":0.0,"gold_gain":0.0,"event_name":"The Library","player_choice":"Heal","floor":22.0,"gold_loss":0.0,"damage_taken":0.0},{"damage_healed":0.0,"max_hp_gain":0.0,"max_hp_loss":0.0,"gold_gain":999.0,"event_name":"MindBloom","player_choice":"Gold","floor":36.0,"gold_loss":0.0,"damage_taken":0.0,"cards_obtained":["Normality","Normality"]}],"is_beta":true,"boss_relics":[{"not_picked":["Black Star","SlaversCollar"],"picked":"Mark of Pain"},{"not_picked":["Sozu","Cursed Key"],"picked":"Snecko Eye"}],"items_purged_floors":[11,21,38],"is_endless":false,"potions_floor_spawned":[1,7,14,18,23,25,31,37,39,41],"killed_by":"Jaw Worm Horde","ascension_level":5}}