{"host":"63howft1cojq0ioc","time":1608276763,"event":{"mods":["Act Like it!","Aspiration","BaseMod","DeckTracker","Downfall","Infinite Spire","Minty Spire (QoL Compilation)","Quick Restart","Relic Stats","Replay The Spire","StSLib","SuperFastMode","The Jungle"],"gold_per_floor":[118,118,118,70,84,120,120,159,159,334,47,47,91,114,114,234,234,147,147,147,161,186,224,243,323,323,339,339,439,439,457,457,457,457],"floor_reached":33,"playtime":2912,"items_purged":["Regret","Doubt"],"score":346,"play_id":"a86b5c17-df15-49ae-bcef-28f1d04279ed","local_time":"20201218053243","is_ascension_mode":true,"campfire_choices":[{"floor":12,"key":"REST"},{"data":"Anger","floor":15,"key":"SMITH"},{"floor":28,"key":"REST"},{"data":"Rampage","floor":30,"key":"SMITH"},{"floor":32,"key":"REST"}],"circlet_count":0,"master_deck":["Strike_R","Strike_R","Strike_R","Strike_R","Strike_R","Defend_R","Defend_R","Defend_R","Defend_R","Bash","Clash","Anger+1","Iron Wave","Seeing Red","Anger","Offering","Rampage+1","Guardian:Gem_Purple","Anger","ReplayTheSpireMod:Splinters"],"relics":["Burning Blood","NeowsBlessing","Golden Idol","infinitespire:Satchel","Replay:Wax Seal","Happy Flower","Singing Bowl","Vajra","Sling","Red Skull","PrismaticShard","Black Blood","Ice Cream","Red Mask","Pantograph"],"acts_visited":["Exordium","TheCity"],"potions_floor_usage":[13,16,16,16,23,33,33],"damage_taken":[{"damage":0,"enemies":"2 Louse","floor":1,"turns":1},{"damage":0,"enemies":"Small Slimes","floor":5,"turns":1},{"damage":0,"enemies":"Gremlin Nob","floor":6,"turns":1},{"damage":23,"enemies":"Lagavulin","floor":8,"turns":5},{"damage":15,"enemies":"3 Sentries","floor":13,"turns":6},{"damage":12,"enemies":"Jaw Worm","floor":14,"turns":3},{"damage":27,"enemies":"Hexaghost","floor":16,"turns":7},{"damage":18,"enemies":"Chosen","floor":18,"turns":4},{"damage":22,"enemies":"3 Byrds","floor":21,"turns":4},{"damage":22,"enemies":"Centurion and Healer","floor":22,"turns":4},{"damage":49,"enemies":"Masked Bandits","floor":23,"turns":4},{"damage":9,"enemies":"Snake Plant","floor":24,"turns":3},{"damage":14,"enemies":"Cultist and Chosen","floor":27,"turns":4},{"damage":31,"enemies":"Centurion and Healer","floor":31,"turns":6},{"damage":121,"enemies":"Automaton","floor":33,"turns":10}],"seed_played":"5730082817420429021","potions_obtained":[{"floor":1,"key":"ColorlessPotion"},{"floor":5,"key":"sneckomod:MuddlingPotion"},{"floor":13,"key":"BlessingOfTheForge"},{"floor":14,"key":"Strength Potion"},{"floor":18,"key":"PowerPotion"},{"floor":25,"key":"FearPotion"},{"floor":25,"key":"SmokeBomb"},{"floor":25,"key":"Venom Potion"},{"floor":31,"key":"Regen Potion"}],"is_trial":false,"path_per_floor":["M","?","?","$","M","E","?","E","T","?","$","R","E","M","R","B",null,"M","?","AVR","M","M","?","M","?","T","M","R","?","R","M","R","B"],"character_chosen":"IRONCLAD","items_purchased":["Strength Potion","Vajra","Sling"],"campfire_rested":3,"item_purchase_floors":[4,11,11],"current_hp_per_floor":[80,60,60,60,66,72,72,55,55,55,55,79,70,64,64,43,80,70,62,62,60,56,25,36,38,38,44,71,71,71,60,87,0,0],"gold":457,"neow_bonus":"THREE_ENEMY_KILL","is_daily":false,"chose_seed":false,"campfire_upgraded":2,"win_rate":0.0,"timestamp":1608276763,"path_taken":["M","?","?","$","M","E","?","E","T","?","?","R","E","M","R","BOSS","M","?","AVR","M","M","?","M","?","T","M","R","?","R","?","R","BOSS"],"items_purchased_type":["Potion","Relic","Relic"],"build_version":"2020-12-13","purchased_purges":2,"victory":false,"max_hp_per_floor":[80,80,80,80,80,80,80,80,80,80,80,80,80,80,80,80,80,82,82,82,84,84,84,86,88,88,90,90,90,90,92,92,92,92],"relic_stats":{"Happy Flower":[18],"Singing Bowl":12,"counters":[15,63],"Golden Idol":102,"Pantograph":5,"Black Blood":150,"obtain_stats":[{"Ice Cream":20,"NeowsBlessing":0,"Happy Flower":8,"Singing Bowl":9,"Golden Idol":2,"Vajra":11,"Black Blood":20,"Sling":11,"PrismaticShard":19,"Burning Blood":0,"Pantograph":26,"infinitespire:Satchel":6,"Red Mask":23,"Replay:Wax Seal":7,"Red Skull":13},{"Ice Cream":8,"NeowsBlessing":0,"Happy Flower":4,"Singing Bowl":4,"Golden Idol":1,"Vajra":4,"Black Blood":8,"Sling":4,"PrismaticShard":8,"Burning Blood":0,"Pantograph":12,"infinitespire:Satchel":3,"Red Mask":11,"Replay:Wax Seal":3,"Red Skull":5},{"Ice Cream":28,"NeowsBlessing":0,"Happy Flower":8,"Singing Bowl":8,"Golden Idol":1,"Vajra":8,"Black Blood":28,"Sling":8,"PrismaticShard":28,"Burning Blood":0,"Pantograph":43,"infinitespire:Satchel":3,"Red Mask":40,"Replay:Wax Seal":3,"Red Skull":14}],"Burning Blood":150},"card_choices":[{"not_picked":["infinitespire:OneForAll","Ghostly Armor"],"picked":"Clash","floor":1},{"not_picked":["Ghostly Armor","Fire Breathing"],"picked":"Anger","floor":5},{"not_picked":["Replay:Undeath\u0027s Touch","Wild Strike"],"picked":"Iron Wave","floor":6},{"not_picked":["ReplayTheSpireMod:LeadingStrike","Run Through","Power Through"],"picked":"SKIP","floor":8},{"not_picked":["Hemokinesis","Perfected Strike"],"picked":"Seeing Red","floor":13},{"not_picked":["Clash","Perfected Strike"],"picked":"Anger","floor":14},{"not_picked":["Feed","Replay:Many Hands"],"picked":"Offering","floor":16},{"not_picked":["Massacre+1","Rupture","Perfected Strike"],"picked":"Singing Bowl","floor":18},{"not_picked":["Thunderclap+1","Havoc"],"picked":"Rampage","floor":19},{"not_picked":["Slimebound:SamplingLick","sneckomod:UnknownVulnerable","champ:CrookedStrike"],"picked":"Singing Bowl","floor":21},{"not_picked":["hexamod:EmpoweredFlame+1","hexamod:UnleashSpirits"],"picked":"Guardian:Gem_Purple","floor":22},{"not_picked":["hexamod:InspiringFlames","Guardian:Gem_Lightblue"],"picked":"Anger","floor":23},{"not_picked":["champ:DefensiveShout","Armaments","Headbutt"],"picked":"Singing Bowl","floor":24},{"not_picked":["Replay:SS_forest_2+1","ReplayTheSpireMod:Strike From Hell+1","ReplayTheSpireMod:Shiv Toss"],"picked":"Singing Bowl","floor":25},{"not_picked":["CrushJoints","Perfected Strike","Mayhem"],"picked":"Singing Bowl","floor":27},{"not_picked":["True Grit","Guardian:GuardianWhirl+1","sneckomod:RainOfDice"],"picked":"Singing Bowl","floor":31}],"player_experience":91449,"relics_obtained":[{"floor":6,"key":"infinitespire:Satchel"},{"floor":8,"key":"Happy Flower"},{"floor":9,"key":"Singing Bowl"},{"floor":13,"key":"Red Skull"},{"floor":19,"key":"PrismaticShard"},{"floor":23,"key":"Red Mask"},{"floor":26,"key":"Pantograph"}],"event_choices":[{"damage_healed":0,"gold_gain":0,"player_choice":"Take Damage","damage_taken":20,"relics_obtained":["Golden Idol"],"max_hp_gain":0,"max_hp_loss":0,"event_name":"Golden Idol","floor":2,"gold_loss":0},{"damage_healed":0,"gold_gain":0,"player_choice":"Box","damage_taken":0,"relics_obtained":["Replay:Wax Seal"],"max_hp_gain":0,"max_hp_loss":0,"event_name":"Big Fish","floor":7,"gold_loss":0,"cards_obtained":["Regret"]},{"damage_healed":0,"gold_gain":175,"player_choice":"AGREE","damage_taken":0,"max_hp_gain":0,"max_hp_loss":0,"event_name":"Liars Game","floor":10,"gold_loss":0,"cards_obtained":["Doubt"]},{"damage_healed":0,"gold_gain":0,"player_choice":"Fought Bandits","damage_taken":0,"max_hp_gain":0,"max_hp_loss":0,"event_name":"Masked Bandits","floor":23,"gold_loss":0},{"damage_healed":0,"gold_gain":100,"player_choice":"Pray","damage_taken":0,"max_hp_gain":0,"max_hp_loss":0,"event_name":"Golden Shrine","floor":29,"gold_loss":0}],"is_beta":false,"boss_relics":[{"not_picked":["ReplayTheSpireMod:DimensionalGlitch","Replay:Bronze Core","Replay:Fungal Core"]}],"items_purged_floors":[11,20],"is_endless":false,"potions_floor_spawned":[1,5,13,14,18,27,31],"killed_by":"Automaton","ascension_level":4}}