{"host":"udzsrhbqdxqtlypj","time":1608313774,"event":{"mods":["BaseMod","Minty Spire (QoL Compilation)","Relic Stats"],"gold_per_floor":[211,223,243,47,47,82,82,107,154,166,181,181,202,222,222,320,320,340,354,42,62,72,72,106,106,160,201,223,273,295,316,316,428,428,444,473,491,235,264,301,319,338,338,379,395,432,456,471,471,471,471,471,33,73,73],"floor_reached":56,"playtime":12193,"items_purged":["Strike_R","Strike_R","Strike_R"],"score":1805,"play_id":"7c88dfba-3435-4ac0-8781-539830081b4e","local_time":"20201218114934","is_ascension_mode":true,"campfire_choices":[{"data":"Bash","floor":7,"key":"SMITH"},{"data":"Iron Wave","floor":12,"key":"SMITH"},{"data":"Shockwave","floor":15,"key":"SMITH"},{"floor":23,"key":"REST"},{"data":"Feed","floor":25,"key":"SMITH"},{"data":"Second Wind","floor":32,"key":"SMITH"},{"floor":49,"key":"RECALL"},{"floor":52,"key":"REST"}],"circlet_count":0,"master_deck":["AscendersBane","Strike_R","Strike_R","Defend_R","Defend_R","Defend_R","Defend_R","Bash+1","Shrug It Off","Anger","Spot Weakness","Thunderclap","Swift Strike","Demon Form+1","Metallicize+1","Dark Embrace+1","Iron Wave+1","Shockwave+1","Feed+1","Reaper","Dropkick+1","Shrug It Off","Second Wind+1","Whirlwind","Corruption+1","Warcry+1","Madness","Madness","Power Through","Flame Barrier","Metallicize+1","Perfected Strike","Shrug It Off+1","Battle Trance","Flame Barrier+1","Warcry+1","Master of Strategy","Disarm+1"],"relics":["Burning Blood","Frozen Egg 2","Anchor","Regal Pillow","Odd Mushroom","SlaversCollar","Dead Branch","Meat on the Bone","CeramicFish","Matryoshka","Fusion Hammer","Bronze Scales","Du-Vu Doll","Boot","Incense Burner","Bottled Lightning","ClockworkSouvenir","Nunchaku"],"acts_visited":["Exordium","TheCity","TheBeyond","TheEnding"],"potions_floor_usage":[10,14,19,22,24,33,55,55],"damage_taken":[{"damage":14,"enemies":"Small Slimes","floor":1,"turns":4},{"damage":9,"enemies":"Jaw Worm","floor":2,"turns":5},{"damage":1,"enemies":"Cultist","floor":3,"turns":3},{"damage":27,"enemies":"3 Sentries","floor":6,"turns":8},{"damage":25,"enemies":"Lagavulin","floor":8,"turns":6},{"damage":0,"enemies":"Blue Slaver","floor":10,"turns":2},{"damage":0,"enemies":"3 Louse","floor":11,"turns":4},{"damage":6,"enemies":"The Mushroom Lair","floor":13,"turns":5},{"damage":5,"enemies":"Gremlin Gang","floor":14,"turns":4},{"damage":24,"enemies":"Hexaghost","floor":16,"turns":8},{"damage":38,"enemies":"Spheric Guardian","floor":18,"turns":6},{"damage":14,"enemies":"3 Byrds","floor":19,"turns":5},{"damage":24,"enemies":"Snake Plant","floor":21,"turns":6},{"damage":28,"enemies":"Shelled Parasite and Fungi","floor":22,"turns":6},{"damage":55,"enemies":"Gremlin Leader","floor":24,"turns":7},{"damage":81,"enemies":"Book of Stabbing","floor":27,"turns":7},{"damage":32,"enemies":"Chosen and Byrds","floor":28,"turns":8},{"damage":17,"enemies":"Centurion and Healer","floor":30,"turns":7},{"damage":21,"enemies":"Snake Plant","floor":31,"turns":5},{"damage":87,"enemies":"Champ","floor":33,"turns":13},{"damage":13,"enemies":"Orb Walker","floor":35,"turns":5},{"damage":0,"enemies":"3 Shapes","floor":36,"turns":6},{"damage":28,"enemies":"Jaw Worm Horde","floor":39,"turns":4},{"damage":41,"enemies":"Nemesis","floor":40,"turns":9},{"damage":0,"enemies":"Maw","floor":42,"turns":7},{"damage":3,"enemies":"Giant Head","floor":44,"turns":5},{"damage":0,"enemies":"Spire Growth","floor":45,"turns":5},{"damage":8,"enemies":"Nemesis","floor":46,"turns":5},{"damage":3,"enemies":"Transient","floor":47,"turns":5},{"damage":20,"enemies":"3 Darklings","floor":48,"turns":6},{"damage":33,"enemies":"Donu and Deca","floor":50,"turns":11},{"damage":45,"enemies":"Shield and Spear","floor":54,"turns":6},{"damage":70,"enemies":"The Heart","floor":55,"turns":8}],"seed_played":"-2855269425389934347","potions_obtained":[{"floor":2,"key":"SneckoOil"},{"floor":11,"key":"LiquidBronze"},{"floor":13,"key":"Explosive Potion"},{"floor":19,"key":"FairyPotion"},{"floor":21,"key":"LiquidBronze"},{"floor":22,"key":"BloodPotion"},{"floor":30,"key":"Dexterity Potion"},{"floor":40,"key":"FairyPotion"},{"floor":44,"key":"BlessingOfTheForge"},{"floor":46,"key":"EssenceOfSteel"},{"floor":47,"key":"LiquidMemories"},{"floor":48,"key":"GamblersBrew"}],"is_trial":false,"path_per_floor":["M","M","M","$","?","E","R","E","T","M","M","R","?","M","R","B",null,"M","M","$","M","M","R","E","R","T","E","M","?","M","M","R","B",null,"M","M","?","$","M","E","?","M","T","E","M","E","M","M","R","B",null,"R","$","E","B",null],"character_chosen":"IRONCLAD","items_purchased":["Thunderclap","Swift Strike","Dead Branch","Bronze Scales","ClockworkSouvenir","Master of Strategy"],"campfire_rested":2,"item_purchase_floors":[4,4,20,38,53,53],"current_hp_per_floor":[64,61,66,66,66,45,45,26,26,32,38,38,38,39,39,21,65,36,28,28,13,25,66,90,90,90,35,37,37,66,67,67,59,93,105,112,98,98,80,74,74,100,100,124,124,122,124,124,124,124,124,124,124,124,76],"gold":73,"neow_bonus":"HUNDRED_GOLD","is_daily":false,"chose_seed":false,"campfire_upgraded":5,"win_rate":0.0,"timestamp":1608313774,"path_taken":["M","M","M","$","?","E","R","E","T","M","M","R","?","M","R","BOSS","M","M","$","M","M","R","E","R","T","E","M","?","M","?","R","BOSS","M","M","?","$","M","E","?","M","T","E","?","E","M","M","R","BOSS","R","$","E","BOSS"],"items_purchased_type":["Card","Card","Relic","Relic","Relic","Card"],"build_version":"2020-12-13","purchased_purges":3,"victory":true,"max_hp_per_floor":[80,80,80,80,80,80,80,80,80,80,80,80,80,80,80,80,80,83,83,83,86,89,89,92,92,92,92,92,92,96,100,100,104,104,108,112,112,112,116,120,120,124,124,124,124,124,124,124,124,124,124,124,124,124,124],"relic_stats":{"Regal Pillow":15,"Nunchaku":[1],"counters":[33,201],"Dead Branch":[354],"CeramicFish":162,"Bronze Scales":[294],"Boot":[14],"obtain_stats":[{"Regal Pillow":9,"Dead Branch":20,"CeramicFish":26,"Incense Burner":44,"Frozen Egg 2":6,"Odd Mushroom":13,"Boot":43,"Burning Blood":0,"ClockworkSouvenir":53,"Du-Vu Doll":40,"SlaversCollar":17,"Anchor":8,"Nunchaku":54,"Matryoshka":27,"Bronze Scales":38,"Fusion Hammer":34,"Bottled Lightning":46,"Meat on the Bone":24},{"Regal Pillow":5,"Dead Branch":12,"CeramicFish":15,"Incense Burner":26,"Frozen Egg 2":4,"Odd Mushroom":8,"Boot":25,"Burning Blood":0,"ClockworkSouvenir":31,"Du-Vu Doll":24,"SlaversCollar":10,"Anchor":5,"Nunchaku":32,"Matryoshka":16,"Bronze Scales":22,"Fusion Hammer":20,"Bottled Lightning":28,"Meat on the Bone":15},{"Regal Pillow":26,"Dead Branch":60,"CeramicFish":79,"Incense Burner":155,"Frozen Egg 2":20,"Odd Mushroom":37,"Boot":150,"Burning Blood":0,"ClockworkSouvenir":187,"Du-Vu Doll":143,"SlaversCollar":49,"Anchor":26,"Nunchaku":193,"Matryoshka":86,"Bronze Scales":130,"Fusion Hammer":119,"Bottled Lightning":165,"Meat on the Bone":79}],"Burning Blood":180,"Meat on the Bone":72},"card_choices":[{"not_picked":["Havoc","Ghostly Armor"],"picked":"Shrug It Off","floor":1},{"not_picked":["Iron Wave","Dark Embrace"],"picked":"Anger","floor":2},{"not_picked":["Rage","Armaments"],"picked":"Spot Weakness","floor":3},{"not_picked":["Armaments","Sword Boomerang"],"picked":"Demon Form+1","floor":6},{"not_picked":["Entrench","Fire Breathing+1"],"picked":"Metallicize+1","floor":8},{"not_picked":["Flex","Pummel"],"picked":"Dark Embrace+1","floor":10},{"not_picked":["Dual Wield","Warcry"],"picked":"Iron Wave","floor":11},{"not_picked":["Anger","Thunderclap"],"picked":"Shockwave","floor":13},{"not_picked":["Clash","Flex","Cleave"],"picked":"SKIP","floor":14},{"not_picked":["Immolate","Bludgeon"],"picked":"Feed","floor":16},{"not_picked":["Sentinel+1","Shrug It Off","Warcry"],"picked":"SKIP","floor":18},{"not_picked":["Sentinel+1","Flex","Heavy Blade"],"picked":"SKIP","floor":19},{"not_picked":["Anger+1","Clothesline"],"picked":"Reaper","floor":21},{"not_picked":["Thunderclap","Twin Strike+1","Flex"],"picked":"SKIP","floor":22},{"not_picked":["Anger","Twin Strike","Demon Form+1"],"picked":"SKIP","floor":24},{"not_picked":["Reckless Charge","Blood for Blood"],"picked":"Dropkick+1","floor":27},{"not_picked":["Rupture+1","Clash+1"],"picked":"Shrug It Off","floor":28},{"not_picked":["Pommel Strike","Heavy Blade"],"picked":"Second Wind","floor":30},{"not_picked":["Rage","True Grit"],"picked":"Whirlwind","floor":31},{"not_picked":["Bludgeon","Barricade+1"],"picked":"Corruption+1","floor":33},{"not_picked":["Perfected Strike","Blood for Blood","Twin Strike"],"picked":"SKIP","floor":35},{"not_picked":["Iron Wave","Bloodletting"],"picked":"Warcry+1","floor":36},{"not_picked":["True Grit","Infernal Blade"],"picked":"Power Through","floor":39},{"not_picked":["Evolve+1","True Grit"],"picked":"Flame Barrier","floor":40},{"not_picked":["Anger+1","Reckless Charge+1"],"picked":"Shrug It Off+1","floor":42},{"not_picked":["Ghostly Armor","Shrug It Off"],"picked":"Battle Trance","floor":44},{"not_picked":["Fire Breathing+1","Body Slam","True Grit"],"picked":"SKIP","floor":45},{"not_picked":["Cleave","Disarm"],"picked":"Flame Barrier+1","floor":46},{"not_picked":["Heavy Blade+1","Anger+1"],"picked":"Warcry+1","floor":47},{"not_picked":["Berserk+1","True Grit+1","Flex+1"],"picked":"SKIP","floor":48},{"not_picked":["Heavy Blade","Burning Pact+1"],"picked":"Disarm+1","floor":54}],"player_experience":2649825,"relics_obtained":[{"floor":6,"key":"Frozen Egg 2"},{"floor":8,"key":"Anchor"},{"floor":9,"key":"Regal Pillow"},{"floor":13,"key":"Odd Mushroom"},{"floor":24,"key":"Meat on the Bone"},{"floor":26,"key":"CeramicFish"},{"floor":27,"key":"Matryoshka"},{"floor":40,"key":"Du-Vu Doll"},{"floor":43,"key":"Boot"},{"floor":44,"key":"Incense Burner"},{"floor":46,"key":"Bottled Lightning"},{"floor":54,"key":"Nunchaku"}],"event_choices":[{"damage_healed":0,"gold_gain":0,"player_choice":"Leave","damage_taken":0,"max_hp_gain":0,"max_hp_loss":0,"event_name":"The Cleric","floor":5,"gold_loss":0},{"damage_healed":0,"gold_gain":0,"player_choice":"Fought Mushrooms","damage_taken":0,"max_hp_gain":0,"max_hp_loss":0,"event_name":"Mushrooms","floor":13,"gold_loss":0},{"damage_healed":0,"gold_gain":100,"player_choice":"Bet on Murderer","damage_taken":0,"max_hp_gain":0,"max_hp_loss":0,"event_name":"The Joust","floor":29,"gold_loss":50},{"damage_healed":0,"gold_gain":0,"player_choice":"Embrace Madness","damage_taken":14,"max_hp_gain":0,"max_hp_loss":0,"event_name":"Winding Halls","floor":37,"gold_loss":0,"cards_obtained":["Madness","Madness"]},{"damage_healed":0,"gold_gain":0,"player_choice":"2 cards matched","damage_taken":0,"max_hp_gain":0,"max_hp_loss":0,"event_name":"Match and Keep!","floor":41,"gold_loss":0,"cards_obtained":["Metallicize","Perfected Strike"]}],"is_beta":false,"boss_relics":[{"not_picked":["Coffee Dripper","Calling Bell"],"picked":"SlaversCollar"},{"not_picked":["Mark of Pain","Sozu"],"picked":"Fusion Hammer"}],"items_purged_floors":[4,38,53],"is_endless":false,"potions_floor_spawned":[2,11,13,19,21,22,30,40,44,46,47,48,54],"ascension_level":10}}