{"host":"bpszg8uald72z2zd","time":1608306236,"event":{"mods":["AchievementEnabler","BaseMod","Colored Map","DeckTracker","Keyboard Shortcuts","Minty Spire (QoL Compilation)","Relic Stats","SuperFastMode"],"gold_per_floor":[111,131,131,149,167,167,186,186,186,203,213,13,13,32,32,110,110,122,122,47,65,65,65,80,93,119,119,119],"floor_reached":27,"playtime":509,"items_purged":["Strike_B"],"score":366,"play_id":"f7dce5da-ac84-4547-8be6-85cd71d9f5ad","local_time":"20201219004356","is_ascension_mode":true,"campfire_choices":[{"data":"Ball Lightning","floor":6.0,"key":"SMITH"},{"data":"Undo","floor":8.0,"key":"SMITH"},{"floor":13.0,"key":"REST"},{"data":"Beam Cell","floor":15.0,"key":"SMITH"},{"data":"Seek","floor":23,"key":"SMITH"}],"circlet_count":0,"master_deck":["AscendersBane","Strike_B","Strike_B","Defend_B","Defend_B","Defend_B","Defend_B","Zap+1","Dualcast","Ball Lightning+1","FTL","Undo+1","Hologram","Cold Snap","Glacier","Beam Cell+1","Seek+1","Go for the Eyes+1","Rebound","White Noise"],"relics":["Cracked Core","NeowsBlessing","TungstenRod","Nuclear Battery","Pen Nib"],"acts_visited":["Exordium","TheCity"],"potions_floor_usage":[],"damage_taken":[{"damage":0.0,"enemies":"Cultist","floor":1.0,"turns":1.0},{"damage":0.0,"enemies":"2 Louse","floor":2.0,"turns":1.0},{"damage":0.0,"enemies":"Jaw Worm","floor":4.0,"turns":1.0},{"damage":12.0,"enemies":"3 Louse","floor":5.0,"turns":3.0},{"damage":0.0,"enemies":"2 Fungi Beasts","floor":7.0,"turns":2.0},{"damage":17.0,"enemies":"Exordium Wildlife","floor":10.0,"turns":3.0},{"damage":7.0,"enemies":"Blue Slaver","floor":11.0,"turns":3.0},{"damage":0.0,"enemies":"2 Fungi Beasts","floor":14.0,"turns":3.0},{"damage":2.0,"enemies":"The Guardian","floor":16.0,"turns":13.0},{"damage":6,"enemies":"Shell Parasite","floor":18,"turns":6},{"damage":0,"enemies":"3 Byrds","floor":21,"turns":5},{"damage":14,"enemies":"Snake Plant","floor":24,"turns":6},{"damage":17,"enemies":"Cultist and Chosen","floor":25,"turns":8},{"damage":34,"enemies":"3 Cultists","floor":27,"turns":4}],"seed_played":"-247473926222298644","potions_obtained":[{"floor":5.0,"key":"EssenceOfDarkness"},{"floor":10.0,"key":"SkillPotion"},{"floor":11.0,"key":"DistilledChaos"},{"floor":16,"key":"BlessingOfTheForge"}],"is_trial":false,"path_per_floor":["M","M","?","M","M","R","M","R","T","M","M","$","R","M","R","B",null,"M","?","?","M","$","R","M","M","T","M"],"character_chosen":"DEFECT","items_purchased":["Glacier","Beam Cell"],"campfire_rested":1,"item_purchase_floors":[12,12],"current_hp_per_floor":[64,64,64,64,52,52,52,52,52,35,28,28,49,49,49,47,65,59,59,59,59,59,59,45,28,28,0,0],"gold":119,"neow_bonus":"THREE_ENEMY_KILL","is_daily":false,"chose_seed":false,"campfire_upgraded":4,"win_rate":0.0,"timestamp":1608306236,"path_taken":["M","?","?","M","M","R","M","R","T","M","M","?","R","M","R","BOSS","BOSS","M","?","?","M","$","R","M","M","T","M"],"items_purchased_type":["Card","Card"],"build_version":"2020-12-13","purchased_purges":1,"victory":false,"max_hp_per_floor":[71,71,71,71,71,71,71,71,71,71,71,71,71,71,71,71,71,71,71,71,71,71,71,71,71,71,71,71],"relic_stats":{"counters":[14,59],"Pen Nib":[0],"obtain_stats":[{"NeowsBlessing":0,"Pen Nib":26,"Cracked Core":0,"TungstenRod":9,"Nuclear Battery":17},{"NeowsBlessing":0,"Pen Nib":13,"Cracked Core":0,"TungstenRod":5,"Nuclear Battery":9},{"NeowsBlessing":0,"Pen Nib":55,"Cracked Core":0,"TungstenRod":8,"Nuclear Battery":30}],"TungstenRod":15},"card_choices":[{"not_picked":["Hologram","Leap","Barrage"],"picked":"SKIP","floor":1.0},{"not_picked":["Skim","Streamline","Lockon"],"picked":"SKIP","floor":2.0},{"not_picked":["Auto Shields","Reprogram"],"picked":"Ball Lightning","floor":4.0},{"not_picked":["Turbo","Redo"],"picked":"FTL","floor":5.0},{"not_picked":["Hyperbeam","Compile Driver"],"picked":"Undo","floor":7.0},{"not_picked":["Doom and Gloom","Storm"],"picked":"Hologram","floor":10.0},{"not_picked":["Redo","Loop"],"picked":"Cold Snap","floor":11.0},{"not_picked":["Redo","Turbo","Conserve Battery"],"picked":"SKIP","floor":14.0},{"not_picked":["Amplify","Meteor Strike"],"picked":"Seek","floor":16},{"not_picked":["Fusion","Barrage"],"picked":"Go for the Eyes+1","floor":18},{"not_picked":["Ball Lightning","Cold Snap"],"picked":"Rebound","floor":21},{"not_picked":["Sunder","Hologram","Darkness"],"picked":"SKIP","floor":24},{"not_picked":["Glacier","Ball Lightning"],"picked":"White Noise","floor":25}],"player_experience":436120,"relics_obtained":[{"floor":9.0,"key":"TungstenRod"},{"floor":26,"key":"Pen Nib"}],"event_choices":[{"damage_healed":0.0,"max_hp_gain":0.0,"max_hp_loss":0.0,"gold_gain":0.0,"event_name":"Living Wall","player_choice":"Grow","floor":3.0,"gold_loss":0.0,"damage_taken":0.0,"cards_upgraded":["Zap"]},{"damage_healed":0,"gold_gain":0,"player_choice":"Ignored","damage_taken":0,"max_hp_gain":0,"max_hp_loss":0,"event_name":"Vampires","floor":19,"gold_loss":0},{"cards_removed":["Strike_B"],"damage_healed":0,"gold_gain":0,"player_choice":"Gave Gold","damage_taken":0,"max_hp_gain":0,"max_hp_loss":0,"event_name":"Beggar","floor":20,"gold_loss":75}],"is_beta":false,"boss_relics":[{"not_picked":["Snecko Eye","Runic Dome"],"picked":"Nuclear Battery"}],"items_purged_floors":[12],"is_endless":false,"potions_floor_spawned":[5,10,11,14,16,21,25],"killed_by":"3 Cultists","ascension_level":15}}