{"host":"agga6lej02o7kt08","time":1608295237,"event":{"mods":["Arknights The Spire","Aspiration","BaseMod","Better Third Choice","BetterRewards","Colored Map","Colored Powertips","Hubris","Minty Spire (QoL Compilation)","Replay The Spire","Spicy Shops","StSLib","¡¼?Úª?ø«¡½REMEMod"],"gold_per_floor":[118,118,138,148,148,186,11,11,11,41,70,83,83,83,83,159,159,173,173,202,1,19,59,59,88,138,138,171,181,191,210,210,285,285,297,352,91,100,119,151,170,198,198,210,254,254,254,265,265,265,265,265,390,416,416],"floor_reached":56,"playtime":2821,"items_purged":["ats:Defend Up","ats:Powerful Strike","ats:Defend Up","ats:Attack Strengthen","Voices"],"score":2300,"play_id":"392e21d1-f28d-4338-b681-3cd897ed0d10","local_time":"20201218214037","is_ascension_mode":true,"campfire_choices":[{"data":"ats:Emotion Absorption","floor":8,"key":"SMITH"},{"data":"ats:Emotion Absorption","floor":15,"key":"SMITH"},{"data":"ats:Hook Shot","floor":24,"key":"SMITH"},{"data":"ats:Fate","floor":24,"key":"SMITH"},{"data":"REME_Flogging","floor":27,"key":"SMITH"},{"data":"ats:Shell Defense","floor":27,"key":"SMITH"},{"data":"ats:Mental Burst","floor":47,"key":"SMITH"},{"data":"ats:Armor Crushing Shot","floor":47,"key":"SMITH"},{"floor":49,"key":"RECALL"}],"circlet_count":0,"master_deck":["AscendersBane","ats:Armor Crushing Shot+1","ats:Defend Up+1","ats:Defend Up+1","ats:Emotion Absorption+1","ats:Emotion Absorption+1","REME_Flogging+1","ats:Hook Shot+1","ats:Fate+1","After Image","ats:Very Hot Blade+1","ats:Very Hot Blade+1","ats:Shell Defense+1","ats:Mental Burst+1","ats:Disruption Kick"],"relics":["ats:Sanity","REME_ComplimentaryCards","hubris:BundleOfHerbs","ats:Arts","StoneCalendar","Replay:Multitool","Sling","Quantum Egg","CeramicFish","Bottled Tornado","Black Star","ats:Snipe","Replay:Bottled Eggs","Replay:Arrowhead","Chameleon Ring","Simple Rune","Strawberry","Pen Nib","Blue Doll","ats:Originium","ats:Tactical Delivery","Bird Faced Urn","hubris:Potato","ReplayTheSpireMod:CursedCoin","Replay:Wax Seal","Medical Kit","Vajra","Akabeko","StrikeDummy","hubris:TinFlute","aspiration:HummingbirdHeart","Dream Catcher","Ginger","ats:Originium","hubris:NiceRug","hubris:Metronome","Replay:Baseball","HandDrill","ReplayFunnel","hubris:MysteriousPyramids","Toolbox","Replay:Rubber Ducky","Oddly Smooth Stone"],"acts_visited":[],"potions_floor_usage":[12,16,40,55],"damage_taken":[{"damage":2,"enemies":"Jaw Worm","floor":1,"turns":2},{"damage":0,"enemies":"Cultist","floor":3,"turns":2},{"damage":10,"enemies":"2 Louse","floor":4,"turns":2},{"damage":10,"enemies":"Lagavulin","floor":6,"turns":6},{"damage":0,"enemies":"Gremlin Gang","floor":10,"turns":5},{"damage":4,"enemies":"Gremlin Nob","floor":11,"turns":4},{"damage":0,"enemies":"Large Slime","floor":12,"turns":3},{"damage":15,"enemies":"Hexaghost","floor":16,"turns":5},{"damage":0,"enemies":"Spheric Guardian","floor":18,"turns":3},{"damage":0,"enemies":"3 Byrds","floor":20,"turns":5},{"damage":14,"enemies":"Shelled Parasite and Fungi","floor":22,"turns":4},{"damage":4,"enemies":"Book of Stabbing","floor":23,"turns":4},{"damage":15,"enemies":"Gremlin Leader","floor":25,"turns":3},{"damage":13,"enemies":"Replay:Snechameleon","floor":28,"turns":2},{"damage":0,"enemies":"Snecko","floor":29,"turns":3},{"damage":5,"enemies":"Centurion and Healer","floor":30,"turns":2},{"damage":3,"enemies":"Sentry and Sphere","floor":31,"turns":3},{"damage":0,"enemies":"Collector","floor":33,"turns":2},{"damage":0,"enemies":"Orb Walker","floor":35,"turns":2},{"damage":31,"enemies":"2 Orb Walkers","floor":36,"turns":4},{"damage":13,"enemies":"3 Shapes","floor":39,"turns":4},{"damage":28,"enemies":"Nemesis","floor":40,"turns":8},{"damage":0,"enemies":"Spire Growth","floor":41,"turns":3},{"damage":24,"enemies":"R_Hoarder","floor":42,"turns":5},{"damage":0,"enemies":"Sphere and 2 Shapes","floor":44,"turns":3},{"damage":0,"enemies":"Nemesis","floor":45,"turns":3},{"damage":0,"enemies":"3 Darklings","floor":48,"turns":3},{"damage":11,"enemies":"Replay:Hell Engine","floor":50,"turns":4},{"damage":0,"enemies":"hubris:Merchant","floor":53,"turns":2},{"damage":0,"enemies":"Shield and Spear","floor":54,"turns":2},{"damage":0,"enemies":"The Heart","floor":55,"turns":3}],"seed_played":"6014131500338994049","potions_obtained":[{"floor":6,"key":"Doom Potion"},{"floor":11,"key":"Fruit Juice"},{"floor":12,"key":"Dexterity Potion"},{"floor":22,"key":"FearPotion"},{"floor":23,"key":"Dexterity Potion"},{"floor":42,"key":"EssenceOfSteel"}],"is_trial":false,"path_per_floor":["M","?","M","M","T","E","$","R","T","M","E","M","?","$","R","B",null,"M","?","M","$","M","E","R","E","T","R","E","M","M","M","R","B",null,"M","?","$","?","M","E","M","E","T","M","E","?","R","M","R","B",null,"R","$","E","B",null],"character_chosen":"DOCTOR_CLASS","items_purchased":["ats:Arts","REME_Flogging","ats:Hook Shot","Sling","ats:Snipe","hubris:Potato","ReplayTheSpireMod:CursedCoin","Replay:Wax Seal","Medical Kit"],"campfire_rested":0,"item_purchase_floors":[0,0,0,0,21,37,37,37,37],"current_hp_per_floor":[21,14,14,4,4,14,14,14,14,14,10,15,40,40,40,25,64,64,64,64,64,50,46,46,31,38,38,25,27,22,21,21,21,68,68,37,37,37,32,84,84,71,71,77,83,75,75,81,81,73,81,81,84,84,84],"gold":416,"neow_bonus":"","is_daily":false,"chose_seed":false,"campfire_upgraded":8,"win_rate":0.0,"timestamp":1608295237,"path_taken":["M","?","M","M","?","E","$","R","T","M","E","?","?","$","R","BOSS","M","?","M","$","M","E","R","E","T","R","E","M","?","M","R","BOSS","M","?","$","?","M","E","M","E","T","?","E","?","R","M","R","BOSS","R","$","E","BOSS"],"items_purchased_type":["Relic","Card","Card","Relic","Relic","Relic","Relic","Relic","Relic"],"build_version":"2020-12-13","purchased_purges":5,"victory":true,"max_hp_per_floor":[72,72,72,72,72,72,72,72,72,72,72,77,77,77,77,77,77,77,77,77,77,77,77,77,77,84,84,84,84,84,84,84,84,84,84,84,84,84,84,84,84,84,84,84,84,84,84,84,84,84,84,84,84,84,84],"card_choices":[{"not_picked":["ats:Thorns","ats:Rapid Magazine","ats:Consecutive Shot: Auto"],"picked":"SKIP","floor":1},{"not_picked":["ats:Flexible Camouflage","ats:Poison Spread"],"picked":"ats:Attack Strengthen","floor":3},{"not_picked":["ats:Flexible Camouflage","ats:Assault Order","ats:Automatic Cover"],"picked":"SKIP","floor":4},{"not_picked":["ats:Explosion Area Strengthen","ats:Blood Oath"],"picked":"ats:Fate","floor":6},{"not_picked":["ats:Rapid Magazine","ats:Attack Strengthen"],"picked":"ats:Very Hot Blade","floor":10},{"not_picked":["ats:Poison Spread","ats:Red Shift","ats:Sunburst"],"picked":"SKIP","floor":11},{"not_picked":["ats:Poison Spread","ats:Red Shift","ats:Sunburst"],"picked":"SKIP","floor":11},{"not_picked":["ats:Red Shift","ats:Curse Doll","ats:Charging Defense"],"picked":"SKIP","floor":12},{"not_picked":["ats:Curse Doll","ats:Assault Order","ats:Just Like an Apocalypse+1"],"picked":"SKIP","floor":18},{"not_picked":["ats:Revitalization","ats:Red Shift"],"picked":"ats:Very Hot Blade","floor":20},{"not_picked":["ats:Encircling Forest","ats:Consecutive Shot: Auto","ats:Revitalization+1"],"picked":"SKIP","floor":22},{"not_picked":["ats:Poison Spread","ats:Thorns"],"picked":"ats:Shell Defense","floor":23},{"not_picked":["ats:Red Shift","ats:Magnetic Hammer","ats:Dogmatic Field"],"picked":"SKIP","floor":25},{"not_picked":["ats:Cat Scratch","ats:Just Like an Apocalypse","ats:Revitalization"],"picked":"SKIP","floor":28},{"not_picked":["ats:Explosion Area Strengthen","ats:Consecutive Shot: Auto+1","ats:Curse Doll"],"picked":"SKIP","floor":29},{"not_picked":["ats:Thorns","ats:Red Shift+1","ats:Chain Hook"],"picked":"SKIP","floor":30},{"not_picked":["ats:Attack Strengthen","ats:Sunburst","ats:Curse Doll"],"picked":"SKIP","floor":31},{"not_picked":["ats:Flexible Camouflage","ats:Very Hot Blade","ats:Poison Spread"],"picked":"SKIP","floor":35},{"not_picked":["ats:Flexible Camouflage","ats:Assault Order"],"picked":"ats:Mental Burst","floor":36},{"not_picked":["ats:Shell Defense+1","ats:Hook Shot","ats:Composite Medical Shells"],"picked":"SKIP","floor":39},{"not_picked":["ats:Chain Hook","ats:Spore Proliferation","ats:Shadow Raid+1"],"picked":"SKIP","floor":40},{"not_picked":["ats:Just Like an Apocalypse+1","ats:Flexible Camouflage","ats:Poison Spread"],"picked":"SKIP","floor":41},{"not_picked":["ats:Thermite Blade","ats:Encircling Forest","ats:Automatic Cover"],"picked":"SKIP","floor":42},{"not_picked":["ats:Chain Hook","ats:Cat Scratch+1","ats:Shell Defense"],"picked":"SKIP","floor":44},{"not_picked":["ats:Neurotoxin","ats:Very Hot Blade+1"],"picked":"ats:Disruption Kick","floor":45},{"not_picked":["ats:Flexible Camouflage","ats:Ignite","ats:Very Hot Blade+1"],"picked":"SKIP","floor":48},{"not_picked":["ats:True Silver Slash"],"picked":"SKIP","floor":53},{"not_picked":["ats:Thermite Blade"],"picked":"SKIP","floor":53},{"not_picked":["ats:Assault Order"],"picked":"SKIP","floor":53},{"not_picked":["ats:Flexible Camouflage"],"picked":"SKIP","floor":53},{"not_picked":["ats:Composite Medical Shells"],"picked":"SKIP","floor":53},{"not_picked":["Blind"],"picked":"SKIP","floor":53},{"not_picked":["Poisoned Strike+1"],"picked":"SKIP","floor":53},{"not_picked":["ats:Just Like an Apocalypse+1","ats:Mental Burst","ats:Explosion Area Strengthen"],"picked":"SKIP","floor":54}],"player_experience":787060,"relics_obtained":[{"floor":5,"key":"Quantum Egg"},{"floor":6,"key":"CeramicFish"},{"floor":11,"key":"Bottled Tornado"},{"floor":23,"key":"Replay:Bottled Eggs"},{"floor":23,"key":"Replay:Arrowhead"},{"floor":25,"key":"Chameleon Ring"},{"floor":25,"key":"Simple Rune"},{"floor":26,"key":"Strawberry"},{"floor":28,"key":"Pen Nib"},{"floor":28,"key":"Blue Doll"},{"floor":32,"key":"ats:Originium"},{"floor":36,"key":"Bird Faced Urn"},{"floor":40,"key":"Vajra"},{"floor":40,"key":"Akabeko"},{"floor":42,"key":"StrikeDummy"},{"floor":42,"key":"hubris:TinFlute"},{"floor":43,"key":"aspiration:HummingbirdHeart"},{"floor":45,"key":"Dream Catcher"},{"floor":45,"key":"Ginger"},{"floor":52,"key":"ats:Originium"},{"floor":53,"key":"hubris:Metronome"},{"floor":53,"key":"Replay:Baseball"},{"floor":53,"key":"HandDrill"},{"floor":53,"key":"ReplayFunnel"},{"floor":53,"key":"hubris:MysteriousPyramids"},{"floor":53,"key":"Toolbox"},{"floor":54,"key":"Replay:Rubber Ducky"},{"floor":54,"key":"Oddly Smooth Stone"}],"event_choices":[{"cards_removed":["ats:Powerful Strike"],"damage_healed":0,"gold_gain":0,"player_choice":"Card Removal","damage_taken":7,"max_hp_gain":0,"max_hp_loss":0,"event_name":"Golden Wing","floor":2,"gold_loss":0},{"damage_healed":25,"gold_gain":0,"player_choice":"Banana","damage_taken":0,"max_hp_gain":0,"max_hp_loss":0,"event_name":"Big Fish","floor":13,"gold_loss":0},{"cards_removed":["ats:Powerful Strike"],"damage_healed":0,"gold_gain":0,"player_choice":"Purged","damage_taken":0,"max_hp_gain":0,"max_hp_loss":0,"event_name":"Purifier","floor":19,"gold_loss":0},{"damage_healed":0,"gold_gain":0,"player_choice":"Fight","damage_taken":0,"max_hp_gain":0,"max_hp_loss":0,"event_name":"Mysterious Sphere","floor":36,"gold_loss":0},{"damage_healed":0,"gold_gain":0,"player_choice":"1 cards matched","damage_taken":0,"max_hp_gain":0,"max_hp_loss":0,"event_name":"Match and Keep!","floor":38,"gold_loss":0,"cards_obtained":["Panacea"]},{"damage_healed":0,"gold_gain":0,"player_choice":"1 cards matched","damage_taken":0,"max_hp_gain":0,"max_hp_loss":0,"event_name":"Match and Keep!","floor":38,"gold_loss":0,"cards_obtained":["Panacea"]},{"damage_healed":0,"gold_gain":0,"player_choice":"Damaged","damage_taken":8,"max_hp_gain":0,"max_hp_loss":0,"event_name":"Wheel of Change","floor":46,"gold_loss":0}],"is_beta":false,"boss_relics":[{"not_picked":["Painkiller Herb","Runic Pyramid"],"picked":"Black Star"},{"not_picked":["hubris:RunicObelisk","SlaversCollar"],"picked":"ats:Tactical Delivery"}],"items_purged_floors":[7,7,21,37,53],"is_endless":false,"potions_floor_spawned":[6,11,12,22,23,25,31,36,39,42,44,54],"ascension_level":13}}