{"host":"8u7tvcybuv0u72fd","time":1608274492,"event":{"mods":["BaseMod","BetterRewards","Colored Map","Colored Powertips","Minty Spire (QoL Compilation)","Quick Restart","Shop Mod"],"gold_per_floor":[116,136,149,149,2,2,12,12,89,108,108,108,125,125,125,229,229,246,260,260,54,69,96,96,110,110,110,30,48,59,259,259,259,259],"floor_reached":33,"playtime":1403,"items_purged":["Strike_R","Fire Breathing"],"score":359,"play_id":"112a2550-218c-47d2-b282-9e3b50fd9c2f","local_time":"20201218015452","is_ascension_mode":false,"campfire_choices":[{"data":"Bash","floor":6.0,"key":"SMITH"},{"data":"Dramatic Entrance","floor":8.0,"key":"SMITH"},{"data":"Shrug It Off","floor":12.0,"key":"SMITH"},{"data":"Clash","floor":15.0,"key":"SMITH"},{"data":"Limit Break","floor":24.0,"key":"SMITH"},{"data":"Body Slam","floor":32.0,"key":"SMITH"}],"circlet_count":0,"master_deck":["Strike_R+1","Strike_R+1","Strike_R+1","Strike_R+1","Defend_R+1","Defend_R+1","Defend_R+1","Defend_R+1","Bash+1","Dramatic Entrance+1","Cleave","Pommel Strike","Clash+1","Shrug It Off+1","Limit Break+1","CurseOfTheBell","Body Slam+1"],"relics":["Burning Blood","StoneCalendar","Turnip","Shovel","Vajra","Shuriken","The Courier","Calling Bell","Pen Nib","Question Card","Ginger","Toy Ornithopter","Blue Candle","Letter Opener","Meat on the Bone"],"acts_visited":["Exordium","TheCity"],"potions_floor_usage":[33],"damage_taken":[{"damage":1.0,"enemies":"Cultist","floor":1.0,"turns":3.0},{"damage":6.0,"enemies":"Jaw Worm","floor":2.0,"turns":4.0},{"damage":0.0,"enemies":"2 Louse","floor":3.0,"turns":2.0},{"damage":2.0,"enemies":"Looter","floor":7.0,"turns":2.0},{"damage":0.0,"enemies":"Blue Slaver","floor":10.0,"turns":1.0},{"damage":0.0,"enemies":"Red Slaver","floor":13.0,"turns":1.0},{"damage":26.0,"enemies":"The Guardian","floor":16.0,"turns":10.0},{"damage":14.0,"enemies":"Shell Parasite","floor":18.0,"turns":4.0},{"damage":10.0,"enemies":"3 Byrds","floor":19.0,"turns":5.0},{"damage":4.0,"enemies":"Snecko","floor":22.0,"turns":4.0},{"damage":14.0,"enemies":"Slavers","floor":23.0,"turns":6.0},{"damage":21.0,"enemies":"Centurion and Healer","floor":25.0,"turns":4.0},{"damage":8.0,"enemies":"3 Cultists","floor":29.0,"turns":5.0},{"damage":20.0,"enemies":"Snecko","floor":30.0,"turns":6.0},{"damage":67,"enemies":"Automaton","floor":33,"turns":6}],"seed_played":"3249795194308664274","potions_obtained":[{"floor":2.0,"key":"GamblersBrew"},{"floor":7.0,"key":"SkillPotion"},{"floor":22.0,"key":"SkillPotion"},{"floor":29.0,"key":"Weak Potion"},{"floor":30.0,"key":"LiquidBronze"}],"is_trial":false,"path_per_floor":["M","M","M","?","$","R","M","R","T","M","?","R","M","T","R","B",null,"M","M","?","$","M","E","R","M","T","?","$","M","M","?","R","B"],"character_chosen":"IRONCLAD","items_purchased":["StoneCalendar","Dramatic Entrance","Vajra","Blue Candle"],"campfire_rested":0,"item_purchase_floors":[0,0,5,21],"current_hp_per_floor":[53,53,59,43,43,43,47,47,47,53,58,58,64,64,64,44,85,77,73,73,73,75,77,77,62,62,62,62,60,58,58,58,0,0],"gold":259,"neow_bonus":"","is_daily":false,"chose_seed":false,"campfire_upgraded":6,"win_rate":0.0,"timestamp":1608274492,"path_taken":["M","?","?","?","$","R","M","R","T","M","?","R","M","?","R","BOSS","M","M","?","$","M","E","R","M","T","?","$","M","M","?","R","BOSS"],"items_purchased_type":["Relic","Card","Relic","Relic"],"build_version":"2020-12-13","purchased_purges":2,"victory":false,"max_hp_per_floor":[80,80,80,80,80,80,80,80,80,80,85,85,85,85,85,85,85,85,85,85,85,85,85,85,85,85,85,85,85,85,85,85,85,85],"card_choices":[{"not_picked":["Dual Wield","Wild Strike","Cleave"],"picked":"SKIP","floor":1.0},{"not_picked":["Dual Wield","Wild Strike"],"picked":"Cleave","floor":1.0},{"not_picked":["Armaments","Havoc"],"picked":"Pommel Strike","floor":2.0},{"not_picked":["Burning Pact","Anger","Pommel Strike"],"picked":"SKIP","floor":3.0},{"not_picked":["Clothesline","Flex"],"picked":"Clash","floor":7.0},{"not_picked":["Reaper","Shockwave"],"picked":"Shrug It Off","floor":10.0},{"not_picked":["Clash","Whirlwind","Heavy Blade"],"picked":"SKIP","floor":13.0},{"not_picked":["Juggernaut","Feed"],"picked":"Limit Break","floor":16.0},{"not_picked":["Battle Trance","Whirlwind","Shrug It Off"],"picked":"Fire Breathing","floor":18.0},{"not_picked":["Blood for Blood","Sentinel","Hemokinesis","Shrug It Off+1"],"picked":"SKIP","floor":19.0},{"not_picked":["True Grit","Shrug It Off","Clash","Spot Weakness"],"picked":"SKIP","floor":22.0},{"not_picked":["Wild Strike","Rage","Shrug It Off+1","Second Wind+1"],"picked":"SKIP","floor":23.0},{"not_picked":["Flex+1","Brutality","Heavy Blade"],"picked":"Body Slam","floor":25.0},{"not_picked":["Evolve","Reckless Charge","Cleave+1","Dropkick"],"picked":"SKIP","floor":29.0},{"not_picked":["Body Slam+1","Feel No Pain","Twin Strike","Ghostly Armor"],"picked":"SKIP","floor":30.0}],"player_experience":1172467,"relics_obtained":[{"floor":9.0,"key":"Shuriken"},{"floor":14.0,"key":"The Courier"},{"floor":17.0,"key":"Pen Nib"},{"floor":17.0,"key":"Question Card"},{"floor":17.0,"key":"Ginger"},{"floor":23.0,"key":"Letter Opener"},{"floor":26.0,"key":"Meat on the Bone"}],"event_choices":[{"damage_healed":0.0,"max_hp_gain":0.0,"max_hp_loss":0.0,"gold_gain":0.0,"event_name":"Shining Light","player_choice":"Entered Light","floor":4.0,"gold_loss":0.0,"damage_taken":16.0,"cards_upgraded":["Defend_R","Strike_R"]},{"damage_healed":0.0,"max_hp_gain":5.0,"max_hp_loss":0.0,"gold_gain":0.0,"event_name":"Big Fish","player_choice":"Donut","floor":11.0,"gold_loss":0.0,"damage_taken":0.0},{"damage_healed":0.0,"max_hp_gain":0.0,"max_hp_loss":0.0,"gold_gain":0.0,"event_name":"The Mausoleum","player_choice":"Opened","floor":20.0,"gold_loss":0.0,"damage_taken":0.0,"relics_obtained":["Toy Ornithopter"]},{"damage_healed":0.0,"max_hp_gain":0.0,"max_hp_loss":0.0,"gold_gain":0.0,"event_name":"Back to Basics","player_choice":"Simplicity","floor":27.0,"gold_loss":0.0,"damage_taken":0.0,"cards_upgraded":["Strike_R","Strike_R","Strike_R","Defend_R","Defend_R","Defend_R"]},{"damage_healed":0.0,"max_hp_gain":0.0,"max_hp_loss":0.0,"gold_gain":200.0,"event_name":"Wheel of Change","player_choice":"Gold","floor":31.0,"gold_loss":0.0,"damage_taken":0.0}],"is_beta":false,"boss_relics":[{"not_picked":["Black Star","Runic Pyramid"],"picked":"Calling Bell"}],"items_purged_floors":[0,28],"is_endless":false,"potions_floor_spawned":[2,7,22,29,30],"killed_by":"Automaton","ascension_level":0}}