{"host":"owox7x4ngjt9htcc","time":1608278340,"event":{"mods":["BaseMod","Colored Map","DeckTracker","Keyboard Shortcuts","Minty Spire (QoL Compilation)","SuperFastMode"],"gold_per_floor":[144,144,189,234,279,279,369,369,394,784,829,934,439,529,529,829,829,874,344,389,434,434,524,569,614,614,214,214,214,259,349,349,658,658,703,703,748,306,351,351,396,121,146,245,299,398,398,488,488,488],"floor_reached":51,"playtime":1552,"items_purged":["Decay","Decay","FollowUp","Conclude"],"score":1047,"play_id":"8de83949-9e27-432c-9ec9-b8b5abf1b17c","local_time":"20201218165900","daily_mods":["Draft","Colorless Cards","Midas"],"is_ascension_mode":false,"campfire_choices":[{"floor":6.0,"key":"REST"},{"floor":8.0,"key":"REST"},{"floor":15.0,"key":"REST"},{"floor":29.0,"key":"DIG"},{"floor":32.0,"key":"DIG"},{"floor":40.0,"key":"DIG"},{"floor":47.0,"key":"REST"},{"floor":49.0,"key":"DIG"}],"circlet_count":0,"master_deck":["FlurryOfBlows","PathToVictory","PathToVictory","EmptyMind","ThirdEye","Evaluate","PathToVictory","SashWhip","Evaluate","EmptyFist","PathToVictory","ThirdEye","Blind","FearNoEvil","ThirdEye","Finesse","Panacea","Sanctity","PathToVictory","Nirvana","ThirdEye","Devotion","PathToVictory","Wireheading","Study+1","Prostrate+1","Madness","Wish","PathToVictory","Nirvana","ThirdEye","LikeWater","Wireheading+1","Dark Shackles"],"relics":["PureWater","Oddly Smooth Stone","Lantern","Old Coin","Shovel","Pantograph","Sundial","SacredBark","Potion Belt","MealTicket","Frozen Eye","Turnip","StrikeDummy","Membership Card","Mummified Hand","CeramicFish","MutagenicStrength","InkBottle","Art of War","Dream Catcher","Black Star","Girya","Meat on the Bone","Melange","Orichalcum","Juzu Bracelet","Damaru","Omamori","Boot","Regal Pillow","TeardropLocket","Shuriken","Pen Nib","Bag of Marbles","Bottled Flame"],"acts_visited":["Exordium","TheCity","TheBeyond"],"potions_floor_usage":[50,50,50,50,50,50,50,50],"damage_taken":[{"damage":0.0,"enemies":"Small Slimes","floor":1.0,"turns":2.0},{"damage":0.0,"enemies":"Cultist","floor":3.0,"turns":2.0},{"damage":5.0,"enemies":"2 Louse","floor":4.0,"turns":2.0},{"damage":3.0,"enemies":"Blue Slaver","floor":5.0,"turns":2.0},{"damage":9.0,"enemies":"Gremlin Nob","floor":7.0,"turns":3.0},{"damage":14.0,"enemies":"3 Sentries","floor":10.0,"turns":6.0},{"damage":7.0,"enemies":"Exordium Thugs","floor":11.0,"turns":3.0},{"damage":13.0,"enemies":"Lagavulin Event","floor":12.0,"turns":3.0},{"damage":6.0,"enemies":"Gremlin Nob","floor":14.0,"turns":4.0},{"damage":2.0,"enemies":"The Guardian","floor":16.0,"turns":6.0},{"damage":2.0,"enemies":"2 Thieves","floor":18.0,"turns":3.0},{"damage":6.0,"enemies":"3 Byrds","floor":20.0,"turns":4.0},{"damage":13.0,"enemies":"Snake Plant","floor":21.0,"turns":3.0},{"damage":13.0,"enemies":"Gremlin Leader","floor":23.0,"turns":4.0},{"damage":0.0,"enemies":"Centurion and Healer","floor":24.0,"turns":5.0},{"damage":3.0,"enemies":"3 Cultists","floor":25.0,"turns":4.0},{"damage":8.0,"enemies":"Shelled Parasite and Fungi","floor":30.0,"turns":4.0},{"damage":12.0,"enemies":"Slavers","floor":31.0,"turns":6.0},{"damage":17.0,"enemies":"Collector","floor":33.0,"turns":6.0},{"damage":0.0,"enemies":"Orb Walker","floor":35.0,"turns":3.0},{"damage":22.0,"enemies":"3 Darklings","floor":37.0,"turns":4.0},{"damage":18.0,"enemies":"4 Shapes","floor":39.0,"turns":4.0},{"damage":4.0,"enemies":"Writhing Mass","floor":41.0,"turns":4.0},{"damage":28.0,"enemies":"Reptomancer","floor":44.0,"turns":5.0},{"damage":0.0,"enemies":"Maw","floor":45.0,"turns":5.0},{"damage":0.0,"enemies":"Nemesis","floor":46.0,"turns":7.0},{"damage":0.0,"enemies":"Giant Head","floor":48.0,"turns":7.0},{"damage":0,"enemies":"Time Eater","floor":50,"turns":5}],"seed_played":"4511563792049188764","potions_obtained":[{"floor":1.0,"key":"SpeedPotion"},{"floor":3.0,"key":"Dexterity Potion"},{"floor":11.0,"key":"Dexterity Potion"},{"floor":12.0,"key":"LiquidMemories"},{"floor":20.0,"key":"BlessingOfTheForge"},{"floor":23.0,"key":"EntropicBrew"},{"floor":24.0,"key":"Explosive Potion"},{"floor":37.0,"key":"StancePotion"},{"floor":41.0,"key":"Swift Potion"},{"floor":48.0,"key":"EssenceOfSteel"}],"is_trial":false,"path_per_floor":["M","?","M","M","M","R","E","R","T","E","M","?","$","E","R","B",null,"M","$","M","M","?","E","M","M","T","$","?","R","M","E","R","B",null,"M","?","M","$","M","R","M","$","T","E","M","E","R","E","R","B",null],"character_chosen":"WATCHER","items_purchased":["Pantograph","PathToVictory","Nirvana","ThirdEye","Potion Belt","MealTicket","Frozen Eye","Wireheading","Membership Card","Mummified Hand","CeramicFish","Girya","Meat on the Bone","PathToVictory","Melange","FearPotion","Juzu Bracelet","Nirvana","ThirdEye","Damaru"],"campfire_rested":4,"item_purchase_floors":[13,13,13,13,19,19,19,19,27,27,27,38,38,38,38,38,42,42,42,42],"current_hp_per_floor":[72,72,72,67,64,72,63,72,72,58,51,38,38,32,53,70,72,70,70,64,51,51,38,38,35,35,50,50,50,42,30,30,38,72,72,72,50,65,47,47,43,58,58,42,42,42,72,72,72,72],"gold":488,"neow_bonus":"","is_daily":true,"chose_seed":false,"campfire_upgraded":0,"win_rate":0.0,"timestamp":1608278340,"path_taken":["M","?","M","M","?","R","E","R","T","E","M","?","$","E","R","BOSS","M","$","M","M","?","E","M","?","T","$","?","R","M","E","R","BOSS","M","?","M","$","M","R","?","?","T","E","M","E","R","E","R","BOSS"],"items_purchased_type":["Relic","Card","Card","Card","Relic","Relic","Relic","Card","Relic","Relic","Relic","Relic","Relic","Card","Relic","Potion","Relic","Card","Card","Relic"],"build_version":"2020-12-13","purchased_purges":4,"victory":true,"max_hp_per_floor":[72,72,72,72,72,72,72,72,72,72,72,72,72,72,72,72,72,72,72,72,72,72,72,72,72,72,72,72,72,72,72,72,72,72,72,72,72,72,72,72,72,72,72,72,72,72,72,72,72,72],"card_choices":[{"not_picked":["Vengeance","Adaptation"],"picked":"Conclude","floor":0.0},{"not_picked":["CrushJoints","Weave"],"picked":"FlurryOfBlows","floor":0.0},{"not_picked":["Crescendo","SashWhip"],"picked":"PathToVictory","floor":0.0},{"not_picked":["ThirdEye","Indignation"],"picked":"PathToVictory","floor":0.0},{"not_picked":["WheelKick","Nirvana"],"picked":"EmptyMind","floor":0.0},{"not_picked":["Fasting2","JustLucky"],"picked":"ThirdEye","floor":0.0},{"not_picked":["ClearTheMind","ReachHeaven"],"picked":"Evaluate","floor":0.0},{"not_picked":["EmptyFist","SignatureMove"],"picked":"PathToVictory","floor":0.0},{"not_picked":["Discovery","FlurryOfBlows"],"picked":"SashWhip","floor":0.0},{"not_picked":["JustLucky","EmptyMind"],"picked":"Evaluate","floor":0.0},{"not_picked":["JustLucky","ThirdEye"],"picked":"FollowUp","floor":0.0},{"not_picked":["BowlingBash","MentalFortress"],"picked":"EmptyFist","floor":0.0},{"not_picked":["FlurryOfBlows","EmptyBody"],"picked":"PathToVictory","floor":0.0},{"not_picked":["FlurryOfBlows","Consecrate"],"picked":"ThirdEye","floor":0.0},{"not_picked":["WindmillStrike","Protect"],"picked":"Blind","floor":0.0},{"not_picked":["SashWhip","BowlingBash"],"picked":"FearNoEvil","floor":1.0},{"not_picked":["Protect","BowlingBash"],"picked":"ThirdEye","floor":3.0},{"not_picked":["Study","CrushJoints"],"picked":"Finesse","floor":4.0},{"not_picked":["FearNoEvil","Crescendo"],"picked":"Panacea","floor":5.0},{"not_picked":["Halt","EmptyFist","Perseverance"],"picked":"SKIP","floor":7.0},{"not_picked":["Thinking Ahead","Indignation","WheelKick"],"picked":"SKIP","floor":10.0},{"not_picked":["EmptyFist","Halt","FollowUp"],"picked":"SKIP","floor":11.0},{"not_picked":["Evaluate","LikeWater"],"picked":"Sanctity","floor":12.0},{"not_picked":["CutThroughFate","FlurryOfBlows","FlyingSleeves"],"picked":"SKIP","floor":14.0},{"not_picked":["Transmutation","Omniscience"],"picked":"Devotion","floor":16.0},{"not_picked":["CutThroughFate","Swivel"],"picked":"PathToVictory","floor":18.0},{"not_picked":["WindmillStrike","CrushJoints+1","ClearTheMind"],"picked":"SKIP","floor":20.0},{"not_picked":["Forethought","InnerPeace"],"picked":"Study","floor":21.0},{"not_picked":["CrushJoints+1","EmptyMind"],"picked":"Prostrate+1","floor":23.0},{"not_picked":["EmptyFist","Consecrate","Weave"],"picked":"SKIP","floor":24.0},{"not_picked":["ThirdEye","EmptyBody"],"picked":"Madness","floor":25.0},{"not_picked":["Consecrate","SashWhip","Protect"],"picked":"SKIP","floor":30.0},{"not_picked":["Violence","Halt+1","EmptyBody"],"picked":"SKIP","floor":31.0},{"not_picked":["Secret Technique","LessonLearned"],"picked":"Wish","floor":33.0},{"not_picked":["CutThroughFate+1","EmptyFist+1","Vengeance"],"picked":"SKIP","floor":35.0},{"not_picked":["SignatureMove","Protect+1","CrushJoints"],"picked":"SKIP","floor":37.0},{"not_picked":["FollowUp","Collect","EmptyBody"],"picked":"SKIP","floor":39.0},{"not_picked":["Adaptation+1","Trip","Blind"],"picked":"SKIP","floor":41.0},{"not_picked":["SignatureMove+1","Impatience+1"],"picked":"LikeWater","floor":44.0},{"not_picked":["FlurryOfBlows","Pray"],"picked":"Wireheading+1","floor":45.0},{"not_picked":["FlyingSleeves+1","Swivel+1"],"picked":"Dark Shackles","floor":46.0},{"not_picked":["Protect","Weave","FlurryOfBlows+1"],"picked":"SKIP","floor":48.0}],"player_experience":842842,"relics_obtained":[{"floor":7.0,"key":"Oddly Smooth Stone"},{"floor":9.0,"key":"Lantern"},{"floor":10.0,"key":"Old Coin"},{"floor":12.0,"key":"Shovel"},{"floor":14.0,"key":"Sundial"},{"floor":23.0,"key":"Turnip"},{"floor":26.0,"key":"StrikeDummy"},{"floor":29.0,"key":"InkBottle"},{"floor":31.0,"key":"Art of War"},{"floor":32.0,"key":"Dream Catcher"},{"floor":40.0,"key":"Orichalcum"},{"floor":43.0,"key":"Omamori"},{"floor":44.0,"key":"Boot"},{"floor":44.0,"key":"Regal Pillow"},{"floor":46.0,"key":"TeardropLocket"},{"floor":46.0,"key":"Shuriken"},{"floor":48.0,"key":"Pen Nib"},{"floor":48.0,"key":"Bag of Marbles"},{"floor":49.0,"key":"Bottled Flame"}],"event_choices":[{"damage_healed":0.0,"max_hp_gain":0.0,"max_hp_loss":0.0,"gold_gain":0.0,"event_name":"Wheel of Change","player_choice":"Cursed","floor":2.0,"gold_loss":0.0,"damage_taken":0.0,"cards_obtained":["Decay"]},{"damage_healed":0.0,"max_hp_gain":0.0,"max_hp_loss":0.0,"gold_gain":0.0,"event_name":"Dead Adventurer","player_choice":"Searched \u00271\u0027 times","floor":12.0,"gold_loss":0.0,"damage_taken":0.0},{"damage_healed":0.0,"max_hp_gain":0.0,"max_hp_loss":0.0,"gold_gain":0.0,"event_name":"Wheel of Change","player_choice":"Cursed","floor":22.0,"gold_loss":0.0,"damage_taken":0.0,"cards_obtained":["Decay"]},{"damage_healed":0.0,"max_hp_gain":0.0,"max_hp_loss":0.0,"gold_gain":0.0,"event_name":"Drug Dealer","player_choice":"Inject Mutagens","floor":28.0,"gold_loss":0.0,"damage_taken":0.0,"relics_obtained":["MutagenicStrength"]},{"damage_healed":0.0,"max_hp_gain":0.0,"max_hp_loss":0.0,"gold_gain":0.0,"event_name":"Upgrade Shrine","player_choice":"Upgraded","floor":36.0,"gold_loss":0.0,"damage_taken":0.0,"cards_upgraded":["Study"]}],"is_beta":false,"boss_relics":[{"not_picked":["Tiny House","Ectoplasm"],"picked":"SacredBark"},{"not_picked":["Runic Pyramid","Busted Crown"],"picked":"Black Star"}],"items_purged_floors":[13,27,38,42],"is_endless":false,"potions_floor_spawned":[1,3,11,12,20,23,24,37,41,48],"ascension_level":0}}