{"host":"h7xtspmc2x3i8s2i","time":1608251980,"event":{"mods":["2.2 Compatiblity","AchievementEnabler","Act Like it!","AlwaysNeverKeys","Aspiration","Astrologer","BaseMod","Beaked The Cultist","Better Match","Better Sensory Stone","Better Third Choice","Better Vampires","BetterRewards","Challenge The Spire","Colored Map","Colored Powertips","Colorless Booster Pack","Curses Come First","Defuse TimeMaze Blight","Dio Mod","Downfall","Duelist Mod","EXCEPTION","Energized Spire","Friendly Minions","GifTheSpireLib","Gold Saver","Gremlin Skip","Halation","Hubris","Jedi Mod","Key Reminder","Marked Mod","Minty Spire (QoL Compilation)","Pale of the Ancients","Permanent Neow","Random Character Button","Random Character Mod","Rare Cards Sparkle","Relic Filter","Relic Stats","Replay The Spire","SacredBarkPlus","Shop Mod","Somnambulant","Spikes Relics","Spire Birthday Party","StSLib","Steal the Spire","Stuff the Spire","SuperFastMode","The Awakened One except there are too many feathers","The Blue Laboratory","The Cursed","The Death Knight","The Dragon Tamer","The Edgeheg","The Hierophant","The Problem Sleuth","The Wild Card","Transform Curses","Unceasing Turn Reminder","everything is the same but u backflip on backflip","slay the spire mod where everything is the same but ironclad has a cowboy hat","vexMod"],"gold_per_floor":[372,424,424,441,441,441,455,467,467,479,514,531,542,567,567,662,662,679,695,714,714,714,714],"floor_reached":22,"playtime":1051,"items_purged":[],"score":220,"play_id":"d7c00da6-2f05-4e2b-ba22-637e6775f0b5","local_time":"20201217193940","is_ascension_mode":true,"campfire_choices":[{"floor":6,"key":"RECALL"},{"data":"theEdgeheg:GatherChaos","floor":15,"key":"SMITH"}],"circlet_count":0,"master_deck":["theEdgeheg:StarterShootAttack","theEdgeheg:StarterShootAttack","theEdgeheg:StarterShootAttack","theEdgeheg:StarterDodgeSkill","theEdgeheg:StarterDodgeSkill","theEdgeheg:StarterDodgeSkill","theEdgeheg:BloodyKatana","theEdgeheg:ChaosControlSkill","theEdgeheg:GatherChaos+1","theEdgeheg:BlackKatana","theEdgeheg:MasterEmerald","theEdgeheg:BloodyKatana","theEdgeheg:QuickKatana","theEdgeheg:Knives","theEdgeheg:Knives","theEdgeheg:EmeraldGirlfriend","theEdgeheg:PlayRandomCard","theEdgeheg:RandomChaosCard","theEdgeheg:EndlessKatanas","theEdgeheg:Girlfriend+1","theEdgeheg:Knives+1","theEdgeheg:QuickKatana","theEdgeheg:Grr"],"relics":["theEdgeheg:UltimateLifeformRelic","theEdgeheg:GreenEmeraldRelic","aspiration:Nostalgia","m_GuardianBlood","Happy Flower","halation:EternalFortune","Counterbalance","keyreminder:keyreminder","Shovel","halation:QuantumPhysicsTextbook","hubris:Metronome"],"acts_visited":["Exordium","TheCity"],"potions_floor_usage":[8,14,14,14,16],"damage_taken":[{"damage":0,"enemies":"2 Louse","floor":1,"turns":4},{"damage":1,"enemies":"Small Slimes","floor":4,"turns":4},{"damage":0,"enemies":"Cultist","floor":7,"turns":5},{"damage":5,"enemies":"Lots of Slimes","floor":8,"turns":3},{"damage":0,"enemies":"2 Fungi Beasts","floor":10,"turns":4},{"damage":1,"enemies":"Gremlin Nob","floor":11,"turns":6},{"damage":2,"enemies":"Gremlin Gang","floor":12,"turns":4},{"damage":1,"enemies":"Blue Slaver","floor":13,"turns":4},{"damage":1,"enemies":"Lagavulin","floor":14,"turns":9},{"damage":2,"enemies":"Slime Boss","floor":16,"turns":8},{"damage":2,"enemies":"Shell Parasite","floor":18,"turns":7},{"damage":4,"enemies":"Spheric Guardian","floor":19,"turns":8},{"damage":4,"enemies":"Centurion and Healer","floor":20,"turns":7},{"damage":5,"enemies":"Snake Plant","floor":22,"turns":4}],"seed_played":"-3409667289202618171","potions_obtained":[{"floor":2,"key":"Swift Potion"},{"floor":8,"key":"blueLaboratory:HummingbirdPotion"},{"floor":11,"key":"Guardian:BlockOnCardUsePotion"},{"floor":13,"key":"blueLaboratory:HorrorPotion"},{"floor":14,"key":"Death Potion"}],"is_trial":false,"path_per_floor":["M","?","?","M","T","R","M","M","T","M","E","M","M","E","R","B",null,"M","M","M","?","M"],"character_chosen":"THE_DEFAULT","items_purchased":[],"campfire_rested":0,"item_purchase_floors":[],"current_hp_per_floor":[5,4,5,5,5,5,7,5,5,7,8,8,8,8,8,7,8,7,6,4,4,0,0],"gold":714,"neow_bonus":"NOSTALGIA","is_daily":false,"chose_seed":false,"campfire_upgraded":1,"win_rate":0.0,"timestamp":1608251980,"path_taken":["M","?","?","M","?","R","M","M","T","M","E","?","M","E","R","BOSS","M","M","?","?","?"],"items_purchased_type":[],"build_version":"2020-12-13","purchased_purges":0,"victory":false,"max_hp_per_floor":[5,5,8,8,8,8,8,8,8,8,8,8,8,8,8,8,8,8,8,8,8,8,8],"relic_stats":{"Shovel":0,"Happy Flower":[24],"counters":[14,77],"obtain_stats":[{"keyreminder:keyreminder":6,"hubris:Metronome":14,"Shovel":9,"Happy Flower":2,"halation:QuantumPhysicsTextbook":11,"theEdgeheg:UltimateLifeformRelic":0,"aspiration:Nostalgia":0,"theEdgeheg:GreenEmeraldRelic":0,"Counterbalance":5,"halation:EternalFortune":3,"m_GuardianBlood":0},{"keyreminder:keyreminder":2,"hubris:Metronome":9,"Shovel":4,"Happy Flower":1,"halation:QuantumPhysicsTextbook":6,"theEdgeheg:UltimateLifeformRelic":0,"aspiration:Nostalgia":0,"theEdgeheg:GreenEmeraldRelic":0,"Counterbalance":2,"halation:EternalFortune":1,"m_GuardianBlood":0},{"keyreminder:keyreminder":8,"hubris:Metronome":43,"Shovel":16,"Happy Flower":4,"halation:QuantumPhysicsTextbook":26,"theEdgeheg:UltimateLifeformRelic":0,"aspiration:Nostalgia":0,"theEdgeheg:GreenEmeraldRelic":0,"Counterbalance":8,"halation:EternalFortune":4,"m_GuardianBlood":0}]},"card_choices":[{"not_picked":["theEdgeheg:Heh","theEdgeheg:TimmyBackflip"],"picked":"theEdgeheg:BlackKatana","floor":1},{"not_picked":["Flex","theEdgeheg:SexyGirlfriend"],"picked":"theEdgeheg:MasterEmerald","floor":2},{"not_picked":["Thunderclap","theEdgeheg:ChaosCards"],"picked":"theEdgeheg:BloodyKatana","floor":4},{"not_picked":["theEdgeheg:UnplayableBomb","Spot Weakness"],"picked":"theEdgeheg:QuickKatana","floor":7},{"not_picked":["ReplayTheSpireMod:Muscle Training","theEdgeheg:KatanaGF"],"picked":"theEdgeheg:Knives","floor":8},{"not_picked":["ReplayTheSpireMod:Muscle Training","Heavy Blade","Guardian:WalkerClaw"],"picked":"SKIP","floor":10},{"not_picked":["theEdgeheg:TeleportsAbove","theEdgeheg:RegularGun"],"picked":"theEdgeheg:Knives","floor":11},{"not_picked":["theEdgeheg:DashKatana","theEdgeheg:TimmyBackflip"],"picked":"theEdgeheg:EmeraldGirlfriend","floor":12},{"not_picked":["theEdgeheg:BadassArsenal","theEdgeheg:MachineGun"],"picked":"theEdgeheg:PlayRandomCard","floor":13},{"not_picked":["Guardian:WalkerClaw","theEdgeheg:Reload"],"picked":"theEdgeheg:RandomChaosCard","floor":14},{"not_picked":["theEdgeheg:ArtOfTheBlade","Guardian:HyperBeam_Guardian"],"picked":"theEdgeheg:EndlessKatanas","floor":16},{"not_picked":["theEdgeheg:EmeraldGirlfriend","theEdgeheg:Reload+1"],"picked":"theEdgeheg:Girlfriend+1","floor":18},{"not_picked":["theEdgeheg:GunSteal","theEdgeheg:ChaosBlast+1"],"picked":"theEdgeheg:Knives+1","floor":19},{"not_picked":["theEdgeheg:SupersonicSpeed","theEdgeheg:SkateboardTrick+1"],"picked":"theEdgeheg:QuickKatana","floor":20}],"player_experience":512140,"relics_obtained":[{"floor":2,"key":"Happy Flower"},{"floor":5,"key":"Counterbalance"},{"floor":9,"key":"Shovel"},{"floor":11,"key":"halation:QuantumPhysicsTextbook"},{"floor":14,"key":"hubris:Metronome"}],"event_choices":[{"damage_healed":0,"gold_gain":0,"cards_transformed":["theEdgeheg:StarterShootAttack"],"player_choice":"Transformed","damage_taken":0,"max_hp_gain":0,"max_hp_loss":0,"event_name":"Transmorgrifier","floor":21,"gold_loss":0,"cards_obtained":["theEdgeheg:Grr"]}],"is_beta":false,"boss_relics":[{"not_picked":["halation:LoveArrow","vexMod:TanglingVine","hubris:CrackedHourglass"]}],"items_purged_floors":[],"is_endless":false,"potions_floor_spawned":[8,11,13,14],"killed_by":"Snake Plant","ascension_level":2}}