{"host":"zftkeu5v9gqs3wr3","time":1608288378,"event":{"mods":["Act Like it!","Bard","BaseMod","CapriCore","Elementarium","Gensokyo","Jorbs\u0027s Wanderer Trilogy","Mad Scientist","Minty Spire (QoL Compilation)","Potionbrewer","Rare Cards Sparkle","Shade Mod","StSLib","The Cursed","The Immortal","The Runesmith","TheSwordswoman"],"gold_per_floor":[117,117,136,46,46,66,83,100,100,100,135,310,310,330,330,435,435,450,91,111,111,210,210,210,225,249,278,290,308,327,327,327],"floor_reached":31,"playtime":2460,"items_purged":[],"score":259,"play_id":"cd3985e1-125e-4d33-8ba0-6a848edf14cd","local_time":"20201218104618","is_ascension_mode":false,"campfire_choices":[{"data":"Armaments","floor":10,"key":"SMITH"},{"data":"Whirlwind","floor":13,"key":"SMITH"},{"data":"Warcry","floor":15,"key":"SMITH"},{"data":"Cleave","floor":23,"key":"SMITH"}],"circlet_count":0,"master_deck":["Strike_R","Strike_R","Strike_R","Strike_R","Strike_R","Defend_R","Defend_R","Defend_R","Defend_R","Bash","Anger","Inflame","Warcry+1","Whirlwind+1","Cleave+1","Armaments+1","Intimidate","Doubt","Headbutt+1","Barricade+1","Twin Strike+1","Dramatic Entrance+1","Power Through","Reckless Charge+1","Flex+1","Iron Wave+1","Impervious","Berserk+1","Seeing Red+1"],"relics":["Burning Blood","Potion Belt","Molten Egg 2","Frozen Egg 2","Runic Pyramid","Membership Card","Nloth\u0027s Gift","PreservedInsect","Runesmith:Nanobots"],"acts_visited":["Exordium","TheCity"],"potions_floor_usage":[11,14,18,20,30,30,31],"damage_taken":[{"damage":3,"enemies":"Small Slimes","floor":1,"turns":5},{"damage":6,"enemies":"2 Louse","floor":3,"turns":2},{"damage":0,"enemies":"Cultist","floor":6,"turns":3},{"damage":22,"enemies":"Large Slime","floor":7,"turns":4},{"damage":0,"enemies":"3 Louse","floor":8,"turns":1},{"damage":28,"enemies":"Lagavulin","floor":11,"turns":6},{"damage":3,"enemies":"Lots of Slimes","floor":14,"turns":3},{"damage":43,"enemies":"Slime Boss","floor":16,"turns":9},{"damage":25,"enemies":"2 Thieves","floor":18,"turns":3},{"damage":0,"enemies":"Spheric Guardian","floor":20,"turns":1},{"damage":29,"enemies":"Shelled Parasite and Fungi","floor":25,"turns":6},{"damage":25,"enemies":"Slavers","floor":27,"turns":4},{"damage":0,"enemies":"Snake Plant","floor":28,"turns":2},{"damage":13,"enemies":"Chosen and Byrds","floor":29,"turns":6},{"damage":11,"enemies":"Centurion and Healer","floor":30,"turns":3},{"damage":19,"enemies":"3 Cultists","floor":31,"turns":3}],"seed_played":"-6242376159978231258","potions_obtained":[{"floor":3,"key":"potionbrewer:AcidPotion"},{"floor":7,"key":"Explosive Potion"},{"floor":11,"key":"SkillPotion"},{"floor":16,"key":"Energy Potion"},{"floor":27,"key":"potionbrewer:EndurancePotion"},{"floor":28,"key":"potionbrewer:StunPotion"},{"floor":29,"key":"potionbrewer:CleansingPotion"},{"floor":30,"key":"CultistPotion"}],"is_trial":false,"path_per_floor":["M","?","M","$","?","M","M","M","T","R","E","?","R","M","R","B",null,"M","$","M","?","?","R","?","M","T","E","M","M","M","M"],"character_chosen":"IRONCLAD","items_purchased":["Inflame","Warcry","Membership Card","Gremlin Horn","Dramatic Entrance+1","Power Through"],"campfire_rested":0,"item_purchase_floors":[4,4,19,19,19,19],"current_hp_per_floor":[80,80,80,80,80,80,64,70,70,70,48,48,48,51,51,14,80,61,61,67,67,67,67,67,44,44,25,31,24,19,0,0],"gold":327,"neow_bonus":"RANDOM_COMMON_RELIC","is_daily":false,"chose_seed":false,"campfire_upgraded":4,"win_rate":0.0,"timestamp":1608288378,"path_taken":["M","?","M","$","?","M","M","?","T","R","E","?","R","M","R","BOSS","M","$","M","?","?","R","?","M","T","E","M","?","M","M"],"items_purchased_type":["Card","Card","Relic","Relic","Card","Card"],"build_version":"2020-12-13","purchased_purges":0,"victory":false,"max_hp_per_floor":[80,80,80,80,80,80,80,80,80,80,80,80,80,80,80,80,80,80,80,80,80,80,80,80,80,80,80,80,80,80,80,80],"card_choices":[{"not_picked":["Twin Strike","Warcry"],"picked":"Anger","floor":1},{"not_picked":["Sword Boomerang","Rage"],"picked":"Infernal Blade","floor":3},{"not_picked":["Uppercut","Fire Breathing"],"picked":"Whirlwind","floor":6},{"not_picked":["Sword Boomerang","Thunderclap"],"picked":"Cleave","floor":7},{"not_picked":["Combust","Uppercut"],"picked":"Armaments","floor":8},{"not_picked":["Rage","Armaments"],"picked":"Intimidate","floor":11},{"not_picked":["Sever Soul+1","Fire Breathing+1"],"picked":"Headbutt+1","floor":14},{"not_picked":["Juggernaut+1","Bludgeon+1"],"picked":"Barricade+1","floor":16},{"not_picked":["Flame Barrier","Entrench"],"picked":"Twin Strike+1","floor":18},{"not_picked":["Shrug It Off","Power Through"],"picked":"Reckless Charge+1","floor":20},{"not_picked":["Sword Boomerang+1","Body Slam+1"],"picked":"Flex+1","floor":25},{"not_picked":["Warcry","Power Through+1"],"picked":"Iron Wave+1","floor":27},{"not_picked":["Warcry","Clothesline+1"],"picked":"Impervious","floor":28},{"not_picked":["Entrench","Combust+1"],"picked":"Berserk+1","floor":29},{"not_picked":["Sword Boomerang+1","Feel No Pain+1"],"picked":"Seeing Red+1","floor":30}],"player_experience":81459,"relics_obtained":[{"floor":9,"key":"Molten Egg 2"},{"floor":11,"key":"Frozen Egg 2"},{"floor":26,"key":"PreservedInsect"},{"floor":27,"key":"Runesmith:Nanobots"}],"event_choices":[{"damage_healed":0,"gold_gain":0,"player_choice":"Ignored","damage_taken":0,"max_hp_gain":0,"max_hp_loss":0,"event_name":"Golden Wing","floor":2,"gold_loss":0},{"cards_removed":["Infernal Blade"],"damage_healed":0,"gold_gain":0,"player_choice":"Offered Uncommon","damage_taken":0,"max_hp_gain":0,"max_hp_loss":0,"event_name":"Bonfire Elementals","floor":5,"gold_loss":0},{"damage_healed":0,"gold_gain":175,"player_choice":"AGREE","damage_taken":0,"max_hp_gain":0,"max_hp_loss":0,"event_name":"Liars Game","floor":12,"gold_loss":0,"cards_obtained":["Doubt"]},{"damage_healed":0,"gold_gain":99,"player_choice":"Stole From Cult","damage_taken":0,"max_hp_gain":0,"max_hp_loss":0,"event_name":"Nest","floor":22,"gold_loss":0},{"damage_healed":0,"gold_gain":0,"player_choice":"Traded Relic","damage_taken":0,"relics_obtained":["Nloth\u0027s Gift"],"max_hp_gain":0,"max_hp_loss":0,"event_name":"N\u0027loth","floor":24,"relics_lost":["Gremlin Horn"],"gold_loss":0}],"is_beta":false,"boss_relics":[{"not_picked":["Snecko Eye","Ectoplasm"],"picked":"Runic Pyramid"}],"items_purged_floors":[],"is_endless":false,"potions_floor_spawned":[3,7,11,16,27,28,29,30],"killed_by":"3 Cultists","ascension_level":0}}