{"host":"a5y02gvi04tqovpl","time":1608275562,"event":{"mods":["Act Like it!","BaseMod","Better Third Choice","Colored Map","Downfall","Minty Spire (QoL Compilation)","StSLib"],"gold_per_floor":[99,110,110,124,124,151,178,196,216,247,247,264,276,33,43,139,139,64,84,112,130,130,130,156,156,173,173,173,10,10,22,38,38,38],"floor_reached":33,"playtime":1800,"items_purged":["hexamod:Strike","Shame"],"score":279,"play_id":"57487343-372d-471b-a165-6a609e4e8c77","local_time":"20201218174242","is_ascension_mode":false,"campfire_choices":[{"floor":1,"key":"REST"},{"floor":5,"key":"RECALL"},{"data":"hexamod:FastForward","floor":18,"key":"SMITH"},{"floor":22,"key":"REST"},{"floor":25,"key":"REST"}],"circlet_count":0,"master_deck":["hexamod:Defend","hexamod:Defend","hexamod:Defend","hexamod:Defend","hexamod:Sear","hexamod:Float","hexamod:SpectersWail","hexamod:FirstSeal","hexamod:SpectersWail","hexamod:Incineration","hexamod:BurningTouch","hexamod:ExtraCrispy","hexamod:FastForward+1","sneckomod:TrashToTreasure","hexamod:FastForward+1","hexamod:RadiantFlame+1","hexamod:Hexaguard+1","Dagger Spray+1","Thunderclap+1","hexamod:TimeOfNeed","Streamline+1","hexamod:TimeOfNeed","hexamod:SpectersWail+1","hexamod:RetreatToShadows"],"relics":["hexamod:SpiritBrand","Lizard Tail","Nunchaku","Bronze Scales","Dream Catcher","PrismaticShard","Astrolabe","downfall:HeartBlessingRed","Molten Egg 2","Oddly Smooth Stone","Pear"],"acts_visited":["Exordium","TheCity"],"potions_floor_usage":[10,16,32],"damage_taken":[{"damage":0,"enemies":"2 Louse","floor":2,"turns":3},{"damage":1,"enemies":"Jaw Worm","floor":4,"turns":4},{"damage":42,"enemies":"Gremlin Nob","floor":6,"turns":5},{"damage":0,"enemies":"Cultist","floor":8,"turns":3},{"damage":8,"enemies":"3 Louse","floor":9,"turns":2},{"damage":15,"enemies":"Lagavulin","floor":10,"turns":6},{"damage":12,"enemies":"2 Fungi Beasts","floor":12,"turns":3},{"damage":0,"enemies":"Exordium Thugs","floor":13,"turns":2},{"damage":10,"enemies":"downfall:FleeingMerchant","floor":14,"turns":4},{"damage":0,"enemies":"Gremlin Gang","floor":15,"turns":3},{"damage":13,"enemies":"downfall:Watcher","floor":16,"turns":8},{"damage":0,"enemies":"Spheric Guardian","floor":19,"turns":3},{"damage":48,"enemies":"Book of Stabbing","floor":20,"turns":5},{"damage":0,"enemies":"3 Byrds","floor":21,"turns":4},{"damage":12,"enemies":"3 Cultists","floor":26,"turns":5},{"damage":15,"enemies":"downfall:FleeingMerchant","floor":29,"turns":4},{"damage":16,"enemies":"Centurion and Healer","floor":31,"turns":5},{"damage":10,"enemies":"Snake Plant","floor":32,"turns":3},{"damage":30,"enemies":"downfall:Ironclad","floor":33,"turns":4}],"seed_played":"6013993187033682026","potions_obtained":[{"floor":8,"key":"AttackPotion"},{"floor":9,"key":"Guardian:BlockOnCardUsePotion"},{"floor":15,"key":"Weak Potion"},{"floor":16,"key":"Strength Potion"},{"floor":26,"key":"AttackPotion"},{"floor":28,"key":"CultistPotion"}],"is_trial":false,"path_per_floor":["R","M","?","M","R","E","T","M","M","E","?","M","M","$","M","B",null,"R","M","E","M","R","?","T","R","M","?","?","$","?","M","M","B"],"character_chosen":"THE_SPIRIT","items_purchased":["PrismaticShard","hexamod:SpectersWail+1"],"campfire_rested":3,"item_purchase_floors":[14,29],"current_hp_per_floor":[70,70,63,69,69,34,34,34,26,18,18,6,6,31,31,25,70,70,70,22,22,43,43,43,64,52,62,62,47,47,38,28,0,0],"gold":38,"neow_bonus":"ONE_RARE_RELIC","is_daily":false,"chose_seed":false,"campfire_upgraded":1,"win_rate":0.0,"timestamp":1608275562,"path_taken":["R","M","?","M","R","E","T","M","M","E","?","M","M","?","M","BOSS","R","M","E","M","R","?","T","R","?","?","?","$","?","M","M","BOSS"],"items_purchased_type":["Relic","Card"],"build_version":"2020-12-13","purchased_purges":2,"victory":false,"max_hp_per_floor":[70,70,70,70,70,70,70,70,70,70,70,70,70,70,70,70,70,70,70,70,70,70,70,70,70,70,80,80,80,80,80,80,80,80],"card_choices":[{"not_picked":["hexamod:BacktrackSmack","hexamod:GhostShield"],"picked":"hexamod:SpectersWail","floor":2},{"not_picked":["hexamod:RainOfEmbers","hexamod:AdvancingGuard","hexamod:ShieldOfDarkness"],"picked":"SKIP","floor":4},{"not_picked":["hexamod:SwordOfDarkness","hexamod:NightmareStrike","hexamod:GhostShield"],"picked":"SKIP","floor":6},{"not_picked":["hexamod:HeatMetal","hexamod:RecurringNightmare"],"picked":"hexamod:VolcanoVisage","floor":8},{"not_picked":["hexamod:Hexaguard","hexamod:AdvancingGuard"],"picked":"hexamod:SpectersWail","floor":9},{"not_picked":["hexamod:NightmareStrike","hexamod:HauntingEcho"],"picked":"hexamod:Incineration","floor":10},{"not_picked":["hexamod:AdvancingGuard","hexamod:DynamicBlow"],"picked":"hexamod:BurningTouch","floor":12},{"not_picked":["hexamod:Firestarter","hexamod:FastForward"],"picked":"hexamod:ExtraCrispy","floor":13},{"not_picked":["hexamod:GhostLash","hexamod:SkipABeat"],"picked":"hexamod:FastForward","floor":14},{"not_picked":["hexamod:GhostLash","sneckomod:UnknownCommonSkill"],"picked":"sneckomod:TrashToTreasure","floor":15},{"not_picked":["hexamod:BurningTouch","Conclude","Rip and Tear"],"picked":"SKIP","floor":19},{"not_picked":["Guardian:Gem_Yellow","Self Repair"],"picked":"Dagger Spray+1","floor":20},{"not_picked":["hexamod:Hexaguard","champ:Backstep+1"],"picked":"Thunderclap+1","floor":21},{"not_picked":["Slimebound:PressTheAttack+1","Guardian:Planning"],"picked":"Streamline+1","floor":25},{"not_picked":["Streamline+1","expansioncontent:ManipulateTime","hexamod:InspiringFlames"],"picked":"SKIP","floor":26},{"not_picked":["Streamline+1","expansioncontent:ManipulateTime","hexamod:InspiringFlames"],"picked":"SKIP","floor":26},{"not_picked":["sneckomod:QuickMove+1","expansioncontent:ManipulateTime+1"],"picked":"hexamod:TimeOfNeed","floor":29},{"not_picked":["Hello World+1","Skewer+1","hexamod:RainOfEmbers+1"],"picked":"SKIP","floor":31},{"not_picked":["Stack","PathToVictory","Perfected Strike+1"],"picked":"SKIP","floor":32}],"player_experience":14795,"relics_obtained":[{"floor":6,"key":"Nunchaku"},{"floor":7,"key":"Bronze Scales"},{"floor":10,"key":"Dream Catcher"},{"floor":20,"key":"Molten Egg 2"},{"floor":24,"key":"Oddly Smooth Stone"}],"event_choices":[{"damage_healed":0,"gold_gain":0,"cards_transformed":["hexamod:VolcanoVisage"],"player_choice":"Transformed","damage_taken":0,"max_hp_gain":0,"max_hp_loss":0,"event_name":"Transmorgrifier","floor":23,"gold_loss":0,"cards_obtained":["hexamod:TimeOfNeed"]},{"damage_healed":0,"gold_gain":0,"player_choice":"Stole Relic","damage_taken":0,"relics_obtained":["Pear"],"max_hp_gain":0,"max_hp_loss":0,"event_name":"Addict","floor":27,"gold_loss":0,"cards_obtained":["Shame"]},{"damage_healed":0,"gold_gain":0,"player_choice":"Read","damage_taken":0,"max_hp_gain":0,"max_hp_loss":0,"event_name":"The Library","floor":30,"gold_loss":0,"cards_obtained":["hexamod:RetreatToShadows"]}],"is_beta":false,"boss_relics":[{"not_picked":["Philosopher\u0027s Stone","Runic Pyramid"],"picked":"Astrolabe"}],"items_purged_floors":[14,29],"is_endless":false,"potions_floor_spawned":[8,9,15,16,26,31],"killed_by":"downfall:Ironclad","ascension_level":0}}