{"host":"x5a6cvihdukvwm3n","time":1608334197,"event":{"mods":["AlwaysNeverKeys","Aspiration","BaseMod","Beaked The Cultist","BetterRewards","Colored Map","Colored Powertips","Conspire","Curses Come First","Downfall","Friendly Minions","GifTheSpireLib","Gremlin Mod","Halation","Highlight Path","Hubris","Minty Spire (QoL Compilation)","Replay The Spire","Shop Mod","StSLib","Stuff the Spire","SuperFastMode","Synergy Search","Td1madao Mod","The Bladedancer","The Construct","The Disciple","The Jungle","The Servant 0.9.4","vexMod"],"gold_per_floor":[111,111,111,127,144,172,172,200,200,218,241,241,23,42,42,202,202,221,196,226,226,277,277,277,310,310,310,318,318],"floor_reached":28,"playtime":1032,"items_purged":[],"score":266,"play_id":"9a4cec7d-7fc2-4a31-8294-954c383029cf","local_time":"20201219002957","is_ascension_mode":true,"campfire_choices":[{"data":"Metallicize","floor":12,"key":"SMITH"},{"data":"Metallicize","floor":23,"key":"SMITH"}],"circlet_count":0,"master_deck":["Strike_R","Strike_R","Strike_R","Strike_R","Strike_R","Defend_R","Defend_R","Defend_R","Bash","conspire:ExplosiveBarrier+1","Flame Barrier","Metallicize+1","conspire:HitWhereItHurts","Intimidate","conspire:Charge","Metallicize+1","Metallicize","Demon Form","Demon Form","Fire Breathing"],"relics":["Burning Blood","Red Skull","vexMod:ConsolationPrize","Onion Ring","halation:NonexistentMirror","Velvet Choker","Replay:Bottled Steam"],"acts_visited":["Exordium","TheCity"],"potions_floor_usage":[8,16,16,22,25,28],"damage_taken":[{"damage":3,"enemies":"Small Slimes","floor":1,"turns":4},{"damage":6,"enemies":"Cultist","floor":4,"turns":5},{"damage":1,"enemies":"Jaw Worm","floor":5,"turns":5},{"damage":27,"enemies":"Lagavulin","floor":6,"turns":8},{"damage":10,"enemies":"Exordium Thugs","floor":8,"turns":6},{"damage":0,"enemies":"2 Fungi Beasts","floor":10,"turns":4},{"damage":8,"enemies":"Looter","floor":11,"turns":3},{"damage":6,"enemies":"Large Slime","floor":14,"turns":7},{"damage":61,"enemies":"Slime Boss","floor":16,"turns":17},{"damage":4,"enemies":"Spheric Guardian","floor":18,"turns":6},{"damage":15,"enemies":"3 Byrds","floor":20,"turns":5},{"damage":37,"enemies":"3 Cultists","floor":22,"turns":7},{"damage":14,"enemies":"Snecko","floor":25,"turns":6},{"damage":20,"enemies":"Centurion and Healer","floor":28,"turns":2}],"seed_played":"8627530701026679412","potions_obtained":[{"floor":4,"key":"Explosive Potion"},{"floor":7,"key":"Dexterity Potion"},{"floor":7,"key":"Elixir"},{"floor":11,"key":"Block Potion"},{"floor":16,"key":"Elixir"},{"floor":20,"key":"Guardian:BlockOnCardUsePotion"},{"floor":25,"key":"DistilledChaos"}],"is_trial":false,"path_per_floor":["M","?","$","M","M","E","?","M","T","M","M","R","$","M","R_BF","B",null,"M","?","M","?","M","R","?","M","T","?","M"],"character_chosen":"IRONCLAD","items_purchased":["halation:NonexistentMirror","Metallicize"],"campfire_rested":0,"item_purchase_floors":[13,13],"current_hp_per_floor":[80,80,80,80,80,59,59,55,55,61,59,59,59,59,80,25,80,80,80,71,71,40,40,25,17,17,17,0,0],"gold":318,"neow_bonus":"RANDOM_COMMON_RELIC","is_daily":false,"chose_seed":false,"campfire_upgraded":2,"win_rate":0.0,"timestamp":1608334197,"path_taken":["M","?","?","M","M","E","?","M","T","M","?","R","?","M","R_BF","BOSS","M","?","M","?","M","R","?","M","T","?","M"],"items_purchased_type":["Relic","Card"],"build_version":"2020-12-13","purchased_purges":0,"victory":false,"max_hp_per_floor":[80,80,80,80,80,80,80,80,80,80,80,80,80,80,80,80,80,80,80,80,80,80,80,85,85,85,85,85,85],"card_choices":[{"not_picked":["Thunderclap","Headbutt"],"picked":"conspire:ExplosiveBarrier","floor":1},{"not_picked":["Havoc","Clothesline","True Grit"],"picked":"SKIP","floor":4},{"not_picked":["Perfected Strike","Shrug It Off"],"picked":"Metallicize","floor":5},{"not_picked":["Clash","Hemokinesis"],"picked":"conspire:HitWhereItHurts","floor":6},{"not_picked":["Armaments","ReplayTheSpireMod:Strike From Hell"],"picked":"Intimidate","floor":8},{"not_picked":["Sever Soul","Cleave","Pommel Strike"],"picked":"SKIP","floor":10},{"not_picked":["ReplayTheSpireMod:Stacked","Whirlwind"],"picked":"conspire:Charge","floor":11},{"not_picked":["Dropkick","Run Through","ReplayTheSpireMod:Strike From Hell"],"picked":"SKIP","floor":14},{"not_picked":["Bludgeon","Limit Break"],"picked":"Demon Form","floor":16},{"not_picked":["Sentinel","Heavy Blade+1","Clash"],"picked":"SKIP","floor":18},{"not_picked":["Clash+1","Feel No Pain","ReplayTheSpireMod:Strike From Hell"],"picked":"SKIP","floor":20},{"not_picked":["StuffTheSpire:Slingshot","Perfected Strike"],"picked":"Fire Breathing","floor":22},{"not_picked":["Pommel Strike","Combust","Anger"],"picked":"SKIP","floor":25}],"player_experience":278329,"relics_obtained":[{"floor":6,"key":"vexMod:ConsolationPrize"},{"floor":9,"key":"Onion Ring"},{"floor":26,"key":"Replay:Bottled Steam"}],"event_choices":[{"damage_healed":0,"gold_gain":0,"cards_transformed":["Defend_R"],"player_choice":"Transformed","damage_taken":0,"max_hp_gain":0,"max_hp_loss":0,"event_name":"Transmorgrifier","floor":2,"gold_loss":0,"cards_obtained":["Flame Barrier"]},{"damage_healed":0,"gold_gain":0,"player_choice":"Got Potions","damage_taken":0,"max_hp_gain":0,"max_hp_loss":0,"event_name":"Lab","floor":7,"gold_loss":0},{"damage_healed":0,"gold_gain":0,"player_choice":"Shed Blood","damage_taken":20,"max_hp_gain":5,"max_hp_loss":0,"event_name":"Forgotten Altar","floor":24,"gold_loss":0},{"damage_healed":0,"gold_gain":0,"player_choice":"Ignored","damage_taken":0,"max_hp_gain":0,"max_hp_loss":0,"event_name":"The Mausoleum","floor":27,"gold_loss":0}],"is_beta":false,"boss_relics":[{"not_picked":["vexMod:TanglingVine","vexMod:MysteryBossChallenge"],"picked":"Velvet Choker"}],"items_purged_floors":[],"is_endless":false,"potions_floor_spawned":[4,11,14,16,20,25],"killed_by":"Centurion and Healer","ascension_level":4}}