{"host":"hn9kwncajibu2nw8","time":1608273139,"event":{"mods":["AchievementEnabler","BaseMod","Block Reminder","Colored Powertips","DeckTracker","Highlight Path","KOR Keyword Fix","Minty Spire (QoL Compilation)","Quick Restart","Rare Cards Sparkle"],"gold_per_floor":[59,118,153,153,206,206,270,270,317,375,375,469,469,205,205,329,329,367,405,444,444,444],"floor_reached":21,"playtime":935,"items_purged":["Strike_P"],"score":448,"play_id":"cfe78f4a-609d-4829-95d5-69d4a5d7bd5d","local_time":"20201218153219","is_ascension_mode":true,"campfire_choices":[{"data":"HandOfGreed","floor":6.0,"key":"SMITH"},{"floor":11.0,"key":"REST"},{"data":"Eruption","floor":15.0,"key":"SMITH"}],"circlet_count":0,"master_deck":["AscendersBane","Strike_P","Strike_P","Strike_P","Defend_P","Defend_P","Defend_P","Defend_P","Eruption+1","Vigilance","HandOfGreed+1","ThirdEye","Protect","BowlingBash","Meditate+1","FlurryOfBlows","LessonLearned+1","ClearTheMind","Sanctity","InnerPeace"],"relics":["PureWater","Golden Idol","Darkstone Periapt","Oddly Smooth Stone","Smiling Mask","Frozen Egg 2","Potion Belt","Nunchaku","SlaversCollar"],"acts_visited":["Exordium","TheCity"],"potions_floor_usage":[21],"damage_taken":[{"damage":13.0,"enemies":"Small Slimes","floor":1.0,"turns":4.0},{"damage":1.0,"enemies":"2 Louse","floor":2.0,"turns":3.0},{"damage":0.0,"enemies":"Jaw Worm","floor":3.0,"turns":6.0},{"damage":0.0,"enemies":"3 Louse","floor":5.0,"turns":4.0},{"damage":1.0,"enemies":"Lagavulin","floor":7.0,"turns":6.0},{"damage":10.0,"enemies":"Gremlin Nob","floor":10.0,"turns":3.0},{"damage":6.0,"enemies":"3 Sentries","floor":12.0,"turns":5.0},{"damage":0.0,"enemies":"Slime Boss","floor":16.0,"turns":3.0},{"damage":22.0,"enemies":"Spheric Guardian","floor":18.0,"turns":4.0},{"damage":27.0,"enemies":"Chosen","floor":19.0,"turns":7.0},{"damage":1.0,"enemies":"Snecko","floor":20.0,"turns":5.0},{"damage":0,"enemies":"Masked Bandits","floor":21,"turns":2}],"seed_played":"3863004561842220508","potions_obtained":[{"floor":3.0,"key":"SpeedPotion"},{"floor":7.0,"key":"StancePotion"},{"floor":12.0,"key":"FearPotion"},{"floor":18.0,"key":"Strength Potion"},{"floor":20.0,"key":"Weak Potion"}],"is_trial":false,"path_per_floor":["M","M","M","?","M","R","E","?","T","E","R","E","?","$","R","B",null,"M","M","M","?"],"character_chosen":"WATCHER","items_purchased":["Nunchaku","Strength Potion"],"campfire_rested":1,"item_purchase_floors":[14,14],"current_hp_per_floor":[48,47,47,47,47,47,46,35,35,25,43,37,37,37,37,37,56,34,7,6,6,6],"gold":444,"neow_bonus":"RANDOM_COLORLESS_2","is_daily":false,"chose_seed":false,"campfire_upgraded":2,"win_rate":0.0,"timestamp":1608273139,"path_taken":["M","M","M","?","M","R","E","?","T","E","R","E","?","$","R","BOSS","M","M","M","?"],"items_purchased_type":["Relic","Potion"],"build_version":"2020-12-13","purchased_purges":1,"victory":false,"max_hp_per_floor":[68,68,68,62,62,62,62,62,62,62,62,62,62,62,62,62,62,62,62,62,62,62],"card_choices":[{"not_picked":["Chrysalis","Secret Weapon"],"picked":"HandOfGreed","floor":0.0},{"not_picked":["PathToVictory","Halt"],"picked":"ThirdEye","floor":1.0},{"not_picked":["Consecrate","CrushJoints"],"picked":"Protect","floor":2.0},{"not_picked":["Protect","CutThroughFate"],"picked":"BowlingBash","floor":3.0},{"not_picked":["Consecrate","ClearTheMind"],"picked":"Meditate","floor":5.0},{"not_picked":["CutThroughFate","ForeignInfluence"],"picked":"FlurryOfBlows","floor":7.0},{"not_picked":["Halt","PathToVictory"],"picked":"LessonLearned","floor":10.0},{"not_picked":["Prostrate","SashWhip"],"picked":"ClearTheMind","floor":12.0},{"not_picked":["SashWhip","ThirdEye"],"picked":"Sanctity","floor":18.0},{"not_picked":["Protect","CarveReality"],"picked":"InnerPeace","floor":19.0},{"not_picked":["Collect+1","CrushJoints","JustLucky"],"picked":"SKIP","floor":20.0}],"player_experience":464639,"relics_obtained":[{"floor":7.0,"key":"Darkstone Periapt"},{"floor":9.0,"key":"Smiling Mask"},{"floor":10.0,"key":"Frozen Egg 2"},{"floor":12.0,"key":"Potion Belt"}],"event_choices":[{"damage_healed":0.0,"max_hp_gain":0.0,"max_hp_loss":6.0,"gold_gain":0.0,"event_name":"Golden Idol","player_choice":"Lose Max HP","floor":4.0,"gold_loss":0.0,"damage_taken":0.0,"relics_obtained":["Golden Idol"]},{"damage_healed":0.0,"max_hp_gain":0.0,"max_hp_loss":0.0,"gold_gain":0.0,"event_name":"Scrap Ooze","player_choice":"Success","floor":8.0,"gold_loss":0.0,"damage_taken":11.0,"relics_obtained":["Oddly Smooth Stone"]},{"damage_healed":0.0,"max_hp_gain":0.0,"max_hp_loss":0.0,"gold_gain":0.0,"event_name":"Liars Game","player_choice":"Ignored","floor":13.0,"gold_loss":0.0,"damage_taken":0.0},{"damage_healed":0,"gold_gain":0,"player_choice":"Fought Bandits","damage_taken":0,"max_hp_gain":0,"max_hp_loss":0,"event_name":"Masked Bandits","floor":21,"gold_loss":0}],"is_beta":false,"boss_relics":[{"not_picked":["Black Star","Runic Dome"],"picked":"SlaversCollar"}],"items_purged_floors":[14],"is_endless":false,"potions_floor_spawned":[3,7,12,18,20],"killed_by":"Masked Bandits","ascension_level":16}}