{"host":"dxhs514q3sjh5xap","time":1608286290,"event":{"mods":["2.2 Compatiblity","AchievementEnabler","Aspiration","BaseMod","Better Altar","Better Match","Better Note","Better Sensory Stone","Better Skull","Better Third Choice","Better Vampires","BetterRewards","CapriCore","Colored Powertips","Conspire","Downfall","Energized Spire","GifTheSpireLib","Halation","Hermit","Hubris","Koishi","Marisa????????","Minty Spire (QoL Compilation)","Permanent Neow","Quick Restart","Rare Cards Sparkle","Relic Stats","Replay The Spire","Robot Space Explorer","RumiaBox-????????","Shade Mod","Shop Mod","Spikes Relics","StSLib","Stuff the Spire","The Blue Laboratory","The Cursed","The Servant 0.9.4","TheHero","Thieving Mod","Trackpad","vexMod"],"gold_per_floor":[114,114,64,79,91,91,125,125,125,144,162,180,180,199,199,294,294,308,318,104,114,126,161,161,86,111,130,145,162,162,162,162,260,260,273,273,273,41,51,85,95,95,95],"floor_reached":42,"playtime":2154,"items_purged":["RobotSpaceExplorer:Defend","RobotSpaceExplorer:Strike"],"score":479,"play_id":"f4472ebb-dffb-431a-a2d6-b614292811dc","local_time":"20201218181130","is_ascension_mode":false,"campfire_choices":[{"data":"RobotSpaceExplorer:StarLightning","floor":6,"key":"SMITH"},{"data":"RobotSpaceExplorer:IronShell","floor":8,"key":"SMITH"},{"data":"RobotSpaceExplorer:HighVoltage","floor":13,"key":"SMITH"},{"floor":15,"key":"REST"},{"floor":24,"key":"REST"},{"floor":30,"key":"REST"},{"data":"RobotSpaceExplorer:BlastShield","floor":32,"key":"SMITH"}],"circlet_count":0,"master_deck":["RobotSpaceExplorer:Strike","RobotSpaceExplorer:Strike","RobotSpaceExplorer:Strike","RobotSpaceExplorer:Defend","RobotSpaceExplorer:Defend","RobotSpaceExplorer:Defend","RobotSpaceExplorer:Scan","RobotSpaceExplorer:MiniLasers","RobotSpaceExplorer:BlastShield+1","RobotSpaceExplorer:MiniDrones","RobotSpaceExplorer:StarLightning+1","RobotSpaceExplorer:IronShell+1","RobotSpaceExplorer:StunGrenade","RobotSpaceExplorer:HighVoltage+1","RobotSpaceExplorer:ShovelStrike","RobotSpaceExplorer:HighVoltage+1","RobotSpaceExplorer:IronShell","RobotSpaceExplorer:GearShield+1","RobotSpaceExplorer:ScrapMissile+1","RobotSpaceExplorer:Probe","RobotSpaceExplorer:Ammunition+1","RobotSpaceExplorer:ShovelStrike+1","animeID:Shigaraki+1","RobotSpaceExplorer:SwiftStep","RobotSpaceExplorer:PlasmaMissile","RobotSpaceExplorer:SurgingShield+1","RobotSpaceExplorer:PlasmaMissile+1"],"relics":["RobotSpaceExplorer:RoboCore","StuffTheSpire:RedRose","Bronze Scales","StuffTheSpire:ForceGauntlet","Replay:Bronze Core","MerchantsRug","Replay:Bottled Eggs","Vajra","Black Star","Replay:Multitool","halation:PapillonHeart","Gremlin Food","trackpad:SappingStone","Art of War"],"acts_visited":["Exordium","TheCity","TheBeyond"],"potions_floor_usage":[16,16,16,33,33],"damage_taken":[{"damage":0,"enemies":"2 Louse","floor":1,"turns":3},{"damage":0,"enemies":"Jaw Worm","floor":4,"turns":4},{"damage":0,"enemies":"Small Slimes","floor":5,"turns":3},{"damage":7,"enemies":"Lagavulin","floor":7,"turns":8},{"damage":0,"enemies":"Exordium Wildlife","floor":10,"turns":2},{"damage":0,"enemies":"Large Slime","floor":11,"turns":5},{"damage":4,"enemies":"2 Fungi Beasts","floor":12,"turns":1},{"damage":0,"enemies":"Blue Slaver","floor":14,"turns":2},{"damage":8,"enemies":"The Guardian","floor":16,"turns":8},{"damage":8,"enemies":"Chosen","floor":18,"turns":5},{"damage":0,"enemies":"Spheric Guardian","floor":19,"turns":1},{"damage":10,"enemies":"Centurion and Healer","floor":21,"turns":8},{"damage":0,"enemies":"Cultist and Chosen","floor":22,"turns":4},{"damage":19,"enemies":"Slavers","floor":23,"turns":3},{"damage":0,"enemies":"Snake Plant","floor":27,"turns":1},{"damage":8,"enemies":"Shelled Parasite and Fungi","floor":28,"turns":4},{"damage":2,"enemies":"Snecko","floor":29,"turns":5},{"damage":4,"enemies":"Pondfish","floor":33,"turns":4},{"damage":25,"enemies":"Orb Walker","floor":35,"turns":4},{"damage":21,"enemies":"3 Shapes","floor":39,"turns":4},{"damage":23,"enemies":"Reptomancer","floor":40,"turns":6},{"damage":4,"enemies":"3 Darklings","floor":41,"turns":3},{"damage":4,"enemies":"Spire Growth","floor":42,"turns":1}],"seed_played":"7817598609075329344","potions_obtained":[{"floor":5,"key":"GamblersBrew"},{"floor":7,"key":"Toxic Potion"},{"floor":11,"key":"Toxic Potion"},{"floor":16,"key":"FearPotion"},{"floor":22,"key":"blueLaboratory:SavagePotion"},{"floor":27,"key":"blueLaboratory:HorrorPotion"},{"floor":28,"key":"ColorlessPotion"},{"floor":41,"key":"blueLaboratory:TrueEctoplasm"}],"is_trial":false,"path_per_floor":["M","?","?","M","M","R","E","R","T","M","M","M","R","M","R","B",null,"M","M","$","M","M","E","R","$","T","M","M","M","R","?","R","B",null,"M","?","?","$","M","E","M","M"],"character_chosen":"RobotSpaceExplorer","items_purchased":["MerchantsRug","Gremlin Food","RobotSpaceExplorer:PlasmaMissile"],"campfire_rested":3,"item_purchase_floors":[20,38,38],"current_hp_per_floor":[75,75,75,75,75,75,68,68,68,68,68,64,64,64,75,67,75,67,67,67,57,57,38,60,60,60,60,52,50,72,72,72,68,75,50,50,50,50,29,6,2,0,0],"gold":95,"neow_bonus":"ONE_RANDOM_RARE_CARD","is_daily":false,"chose_seed":false,"campfire_upgraded":4,"win_rate":0.0,"timestamp":1608286290,"path_taken":["M","?","?","M","M","R","E","R","T","M","M","M","R","M","R","BOSS","M","M","$","M","M","E","R","$","T","M","M","M","R","?","R","BOSS","M","?","?","$","M","E","M","M"],"items_purchased_type":["Relic","Relic","Card"],"build_version":"2020-12-13","purchased_purges":2,"victory":false,"max_hp_per_floor":[75,75,75,75,75,75,75,75,75,75,75,75,75,75,75,75,75,75,75,75,75,75,75,75,75,75,75,75,75,75,75,75,75,75,75,71,67,67,67,67,67,67,67],"relic_stats":{"counters":[23,89],"Bronze Scales":[159],"Black Star":1,"Art of War":[0],"obtain_stats":[{"Gremlin Food":38,"MerchantsRug":20,"halation:PapillonHeart":37,"trackpad:SappingStone":40,"StuffTheSpire:ForceGauntlet":9,"Vajra":26,"RobotSpaceExplorer:RoboCore":0,"Replay:Multitool":35,"Bronze Scales":7,"Replay:Bronze Core":17,"Black Star":34,"Art of War":40,"StuffTheSpire:RedRose":2,"Replay:Bottled Eggs":23},{"Gremlin Food":19,"MerchantsRug":11,"halation:PapillonHeart":19,"trackpad:SappingStone":21,"StuffTheSpire:ForceGauntlet":4,"Vajra":14,"RobotSpaceExplorer:RoboCore":0,"Replay:Multitool":19,"Bronze Scales":4,"Replay:Bronze Core":9,"Black Star":18,"Art of War":21,"StuffTheSpire:RedRose":1,"Replay:Bottled Eggs":14},{"Gremlin Food":75,"MerchantsRug":42,"halation:PapillonHeart":75,"trackpad:SappingStone":85,"StuffTheSpire:ForceGauntlet":18,"Vajra":57,"RobotSpaceExplorer:RoboCore":0,"Replay:Multitool":75,"Bronze Scales":18,"Replay:Bronze Core":36,"Black Star":71,"Art of War":85,"StuffTheSpire:RedRose":3,"Replay:Bottled Eggs":57}]},"card_choices":[{"not_picked":["RobotSpaceExplorer:ShockKick","RobotSpaceExplorer:SurgingStrike"],"picked":"RobotSpaceExplorer:MiniDrones","floor":1},{"not_picked":["RobotSpaceExplorer:SurgingStrike","RobotSpaceExplorer:Blaster"],"picked":"RobotSpaceExplorer:StarLightning","floor":4},{"not_picked":["RobotSpaceExplorer:StarDust","RobotSpaceExplorer:ImprovisedAttack"],"picked":"RobotSpaceExplorer:IronShell","floor":5},{"not_picked":["RobotSpaceExplorer:MetalStrike","RobotSpaceExplorer:ImprovisedAttack"],"picked":"RobotSpaceExplorer:StunGrenade","floor":7},{"not_picked":["RobotSpaceExplorer:ImprovisedAttack","RobotSpaceExplorer:GlueShot","RobotSpaceExplorer:SurgingShield"],"picked":"SKIP","floor":10},{"not_picked":["RobotSpaceExplorer:MetalStrike","RobotSpaceExplorer:ImprovisedAttack"],"picked":"RobotSpaceExplorer:HighVoltage","floor":11},{"not_picked":["RobotSpaceExplorer:GlueShot","RobotSpaceExplorer:Counterblock","RobotSpaceExplorer:SurgingStrike"],"picked":"SKIP","floor":12},{"not_picked":["RobotSpaceExplorer:Counterblock","RobotSpaceExplorer:SlimeMissile"],"picked":"RobotSpaceExplorer:ShovelStrike","floor":14},{"not_picked":["RobotSpaceExplorer:Comet","RobotSpaceExplorer:Explosion"],"picked":"RobotSpaceExplorer:HighVoltage","floor":16},{"not_picked":["RobotSpaceExplorer:SurgingShield","RobotSpaceExplorer:StarDust+1"],"picked":"RobotSpaceExplorer:IronShell","floor":18},{"not_picked":["RobotSpaceExplorer:GlueShot","RobotSpaceExplorer:Blitz","RobotSpaceExplorer:FreezingShield"],"picked":"SKIP","floor":19},{"not_picked":["RobotSpaceExplorer:FrostMissile","RobotSpaceExplorer:ScrapMissile"],"picked":"RobotSpaceExplorer:GearShield+1","floor":21},{"not_picked":["RobotSpaceExplorer:ShockKick","RobotSpaceExplorer:MakeshiftVolley"],"picked":"RobotSpaceExplorer:ScrapMissile+1","floor":22},{"not_picked":["RobotSpaceExplorer:MetalStrike","RobotSpaceExplorer:ExhaustFan","RobotSpaceExplorer:FrostMissile+1"],"picked":"SKIP","floor":23},{"not_picked":["RobotSpaceExplorer:ImprovisedAttack","RobotSpaceExplorer:DualCore"],"picked":"RobotSpaceExplorer:Probe","floor":27},{"not_picked":["RobotSpaceExplorer:FreezeRay","RobotSpaceExplorer:PowerGlove"],"picked":"RobotSpaceExplorer:Ammunition+1","floor":28},{"not_picked":["RobotSpaceExplorer:Counterblock+1","RobotSpaceExplorer:Accelerator"],"picked":"RobotSpaceExplorer:ShovelStrike+1","floor":29},{"not_picked":["RobotSpaceExplorer:Scanner","RobotSpaceExplorer:DroneSwarm"],"picked":"RobotSpaceExplorer:Exploration","floor":33},{"not_picked":["RobotSpaceExplorer:Counterblock","RobotSpaceExplorer:GlueSpray+1"],"picked":"RobotSpaceExplorer:SwiftStep","floor":35},{"not_picked":["RobotSpaceExplorer:Ammunition+1","RobotSpaceExplorer:Counterblock+1"],"picked":"RobotSpaceExplorer:SurgingShield+1","floor":39},{"not_picked":["RobotSpaceExplorer:ScrapToss+1","RobotSpaceExplorer:SurgingStrike+1","RobotSpaceExplorer:ShockKick"],"picked":"SKIP","floor":40},{"not_picked":["RobotSpaceExplorer:DoubleFind+1","RobotSpaceExplorer:SlimeMissile+1"],"picked":"RobotSpaceExplorer:PlasmaMissile+1","floor":41}],"player_experience":307351,"relics_obtained":[{"floor":7,"key":"Bronze Scales"},{"floor":9,"key":"StuffTheSpire:ForceGauntlet"},{"floor":23,"key":"Replay:Bottled Eggs"},{"floor":26,"key":"Vajra"},{"floor":35,"key":"Replay:Multitool"},{"floor":40,"key":"trackpad:SappingStone"},{"floor":40,"key":"Art of War"}],"event_choices":[{"cards_removed":["Regret"],"damage_healed":0,"gold_gain":0,"player_choice":"Card Removal","damage_taken":0,"max_hp_gain":0,"max_hp_loss":0,"event_name":"The Cleric","floor":3,"gold_loss":50},{"cards_removed":["RobotSpaceExplorer:IronShell"],"damage_healed":0,"gold_gain":0,"player_choice":"Take \u0026 Give","damage_taken":0,"max_hp_gain":0,"max_hp_loss":0,"event_name":"betterNote:BetterNote","floor":31,"gold_loss":0,"cards_obtained":["animeID:Shigaraki"]},{"damage_healed":0,"gold_gain":0,"player_choice":"Max HP","damage_taken":0,"max_hp_gain":0,"max_hp_loss":4,"event_name":"Winding Halls","floor":36,"gold_loss":0}],"is_beta":false,"boss_relics":[{"not_picked":["vexMod:EndlessSickness","Coffee Dripper"],"picked":"Replay:Bronze Core"},{"not_picked":["vexMod:CursedCompass","aspiration:FutureDiary"],"picked":"Black Star"}],"items_purged_floors":[20,25],"is_endless":false,"potions_floor_spawned":[5,7,11,16,22,27,28,41],"killed_by":"Spire Growth","ascension_level":0}}