{"host":"yvb207ks1sg3cxef","time":1608323581,"event":{"mods":["2.2 Compatiblity","BaseMod","Bestiary","Colored Powertips","Minty Spire (QoL Compilation)","Permanent Neow","Quick Restart","Relic Stats","StSLib"],"gold_per_floor":[110,33,33,48,58,58,85,85,85,117,117,67,95,107,107,212,212,230,230,230,230,230,230,230],"floor_reached":23,"playtime":1436,"items_purged":[],"score":278,"play_id":"497d2d0a-a113-4ee1-8f70-756c8213d084","local_time":"20201219020301","is_ascension_mode":true,"campfire_choices":[{"data":"Doom and Gloom","floor":6.0,"key":"SMITH"},{"data":"Sweeping Beam","floor":8.0,"key":"SMITH"},{"data":"Steam","floor":11.0,"key":"SMITH"},{"data":"Recycle","floor":15.0,"key":"SMITH"}],"circlet_count":0,"master_deck":["Strike_B+1","Strike_B+1","Strike_B+1","Defend_B+1","Defend_B+1","Defend_B+1","Defend_B+1","Zap","Dualcast","Sweeping Beam+1","Doom and Gloom+1","Cold Snap","Steam+1","Cold Snap","Hologram","Seek","Recycle+1","Creative AI","CurseOfTheBell","Barrage+1","Writhe","Ghostly","Ghostly","Ghostly","Ghostly","Ghostly"],"relics":["Coffee Dripper","TungstenRod","Toy Ornithopter","Thread and Needle","Bag of Marbles","Juzu Bracelet","Calling Bell","Orichalcum","Ornamental Fan","WingedGreaves","Shovel"],"acts_visited":["Exordium","TheCity"],"potions_floor_usage":[],"damage_taken":[{"damage":1.0,"enemies":"Small Slimes","floor":1.0,"turns":3.0},{"damage":0.0,"enemies":"2 Louse","floor":4.0,"turns":2.0},{"damage":0.0,"enemies":"Jaw Worm","floor":5.0,"turns":3.0},{"damage":3.0,"enemies":"3 Sentries","floor":7.0,"turns":6.0},{"damage":24.0,"enemies":"Gremlin Nob","floor":10.0,"turns":5.0},{"damage":0.0,"enemies":"3 Sentries","floor":13.0,"turns":4.0},{"damage":0.0,"enemies":"3 Louse","floor":14.0,"turns":2.0},{"damage":9,"enemies":"Hexaghost","floor":16,"turns":12},{"damage":0,"enemies":"3 Byrds","floor":18,"turns":4},{"damage":41,"enemies":"Gremlin Leader","floor":23,"turns":9}],"seed_played":"8758926229630466408","potions_obtained":[{"floor":5.0,"key":"LiquidMemories"},{"floor":13.0,"key":"Swift Potion"}],"is_trial":false,"path_per_floor":["M","$","?","M","M","R","E","R","T","E","R","?","E","M","R","B",null,"M","?","?","?","?","E"],"character_chosen":"DEFECT","items_purchased":["Doom and Gloom"],"campfire_rested":0,"item_purchase_floors":[2],"current_hp_per_floor":[74,74,62,62,62,62,59,59,59,35,35,35,35,35,35,26,75,75,75,75,37,37,0,0],"gold":230,"neow_bonus":"BOSS_RELIC","is_daily":false,"chose_seed":false,"campfire_upgraded":4,"win_rate":0.0,"timestamp":1608323581,"path_taken":["M","$","?","M","M","R","E","R","T","E","R","?","E","M","R","BOSS","M","?","?","?","?","E"],"items_purchased_type":["Card"],"build_version":"2020-12-13","purchased_purges":0,"victory":false,"max_hp_per_floor":[75,75,75,75,75,75,75,75,75,75,75,75,75,75,75,75,75,75,75,75,37,37,37,37],"relic_stats":{"Shovel":0,"counters":[10,50],"Ornamental Fan":[8],"Juzu Bracelet":0,"Orichalcum":[24],"obtain_stats":[{"Calling Bell":17,"Shovel":19,"Ornamental Fan":17,"Thread and Needle":9,"WingedGreaves":17,"Coffee Dripper":0,"Bag of Marbles":10,"Juzu Bracelet":13,"Orichalcum":17,"Cracked Core":0,"TungstenRod":3,"Toy Ornithopter":7},{"Calling Bell":8,"Shovel":9,"Ornamental Fan":8,"Thread and Needle":4,"WingedGreaves":8,"Coffee Dripper":0,"Bag of Marbles":5,"Juzu Bracelet":6,"Orichalcum":8,"Cracked Core":0,"TungstenRod":1,"Toy Ornithopter":4},{"Calling Bell":37,"Shovel":41,"Ornamental Fan":37,"Thread and Needle":14,"WingedGreaves":37,"Coffee Dripper":0,"Bag of Marbles":19,"Juzu Bracelet":23,"Orichalcum":37,"Cracked Core":0,"TungstenRod":3,"Toy Ornithopter":14}],"TungstenRod":15,"Toy Ornithopter":0},"card_choices":[{"not_picked":["Melter","Leap"],"picked":"Sweeping Beam","floor":1.0},{"not_picked":["Leap","Barrage"],"picked":"Cold Snap","floor":4.0},{"not_picked":["Conserve Battery","Hologram"],"picked":"Steam","floor":5.0},{"not_picked":["BootSequence","Streamline"],"picked":"Cold Snap","floor":7.0},{"not_picked":["Go for the Eyes","Leap"],"picked":"Hologram","floor":10.0},{"not_picked":["Hyperbeam","Conserve Battery"],"picked":"Seek","floor":13.0},{"not_picked":["Force Field","Chaos"],"picked":"Recycle","floor":14.0},{"not_picked":["Meteor Strike","Seek"],"picked":"Creative AI","floor":16},{"not_picked":["Leap","Aggregate"],"picked":"Barrage+1","floor":18}],"player_experience":190301,"relics_obtained":[{"floor":7.0,"key":"Toy Ornithopter"},{"floor":9.0,"key":"Thread and Needle"},{"floor":10.0,"key":"Bag of Marbles"},{"floor":13.0,"key":"Juzu Bracelet"},{"floor":17,"key":"Orichalcum"},{"floor":17,"key":"Ornamental Fan"},{"floor":17,"key":"WingedGreaves"}],"event_choices":[{"damage_healed":0.0,"max_hp_gain":0.0,"max_hp_loss":0.0,"gold_gain":0.0,"event_name":"Scrap Ooze","player_choice":"Success","floor":3.0,"gold_loss":0.0,"damage_taken":12.0,"relics_obtained":["TungstenRod"]},{"cards_removed":["Strike_B"],"damage_healed":0.0,"max_hp_gain":0.0,"max_hp_loss":0.0,"gold_gain":0.0,"event_name":"The Cleric","player_choice":"Card Removal","floor":12.0,"gold_loss":50.0,"damage_taken":0.0},{"damage_healed":0,"gold_gain":0,"player_choice":"Opened","damage_taken":0,"relics_obtained":["Shovel"],"max_hp_gain":0,"max_hp_loss":0,"event_name":"The Mausoleum","floor":19,"gold_loss":0,"cards_obtained":["Writhe"]},{"damage_healed":0,"gold_gain":0,"player_choice":"Simplicity","damage_taken":0,"max_hp_gain":0,"max_hp_loss":0,"event_name":"Back to Basics","floor":20,"gold_loss":0,"cards_upgraded":["Strike_B","Strike_B","Strike_B","Defend_B","Defend_B","Defend_B","Defend_B"]},{"damage_healed":0,"gold_gain":0,"player_choice":"Became a Ghost","damage_taken":0,"max_hp_gain":0,"max_hp_loss":38,"event_name":"Ghosts","floor":21,"gold_loss":0,"cards_obtained":["Ghostly","Ghostly","Ghostly","Ghostly","Ghostly"]},{"damage_healed":0,"gold_gain":0,"player_choice":"Ignored","damage_taken":0,"max_hp_gain":0,"max_hp_loss":0,"event_name":"Vampires","floor":22,"gold_loss":0}],"is_beta":false,"boss_relics":[{"not_picked":["Tiny House","Snecko Eye"],"picked":"Calling Bell"}],"items_purged_floors":[],"is_endless":false,"potions_floor_spawned":[5,13],"killed_by":"Gremlin Leader","ascension_level":2}}