{"host":"wcdwdpnxbe04tinu","time":1608326001,"event":{"mods":["BaseMod","Downfall","Minty Spire (QoL Compilation)","Relic Sorter","StSLib"],"gold_per_floor":[99,99,132,132,132,132,132,132,132,42,56,69,69,88,105,208,208,208,308,233,253,253,280,329,346,271,297,313,330,330,6,22,125,125,50,150,180,207,229,425,425,425,458,458,474,490,509,509,526,526,526,526,526],"floor_reached":52,"playtime":2743,"items_purged":["Regret","champ:Defend"],"score":775,"play_id":"5997ffc1-0f17-41ff-813d-cd17b1f3e994","local_time":"20201218151321","is_ascension_mode":false,"campfire_choices":[{"data":"champ:Taunt","floor":1,"key":"SMITH"},{"data":"champ:BerserkersShout","floor":6,"key":"SMITH"},{"data":"champ:AdrenalArmor","floor":9,"key":"SMITH"},{"floor":18,"key":"RECALL"},{"data":"champ:BerserkersShout","floor":20,"key":"SMITH"},{"data":"champ:EndlessRage","floor":22,"key":"SMITH"},{"data":"champ:EnragedBash","floor":26,"key":"SMITH"},{"data":"champ:Shatter","floor":35,"key":"SMITH"},{"data":"champ:Encircle","floor":42,"key":"SMITH"},{"data":"champ:Backstep","floor":44,"key":"SMITH"}],"circlet_count":0,"master_deck":["champ:Strike","champ:Strike","champ:Strike+1","champ:Defend","champ:Defend+1","champ:Defend","champ:Execute+1","champ:Taunt+1","champ:BerserkersShout+1","champ:AdrenalArmor+1","champ:RisingSlash","champ:EndlessRage+1","champ:BerserkersShout+1","champ:BladeFlurry","champ:EnragedBash+1","champ:Shatter+1","champ:EndlessRage+1","champ:BladeFlurry","champ:Backstep+1","champ:Encircle+1"],"relics":["champ:ChampionCrown","downfall:HeartsMalice","Blood Vial","downfall:ShatteredFragment","Bronze Scales","Busted Crown","champ:BlackKnightHelmet","Eternal Feather","downfall:HeartBlessingRed","Kunai","downfall:HeartBlessingBlue","Guardian:PocketSentry","Ginger","Black Star","downfall:HeartBlessingGreen","MawBank","Bottled Tornado","Boot","Centennial Puzzle","Shuriken"],"acts_visited":["Exordium","TheCity","TheBeyond","TheEnding"],"potions_floor_usage":[23,33,33,40,46],"damage_taken":[{"damage":0,"enemies":"Jaw Worm","floor":2,"turns":1},{"damage":0,"enemies":"3 Sentries","floor":3,"turns":1},{"damage":0,"enemies":"Small Slimes","floor":8,"turns":1},{"damage":23,"enemies":"downfall:FleeingMerchant","floor":10,"turns":4},{"damage":14,"enemies":"2 Louse","floor":11,"turns":2},{"damage":25,"enemies":"Exordium Wildlife","floor":12,"turns":2},{"damage":28,"enemies":"Large Slime","floor":14,"turns":5},{"damage":22,"enemies":"Exordium Thugs","floor":15,"turns":3},{"damage":91,"enemies":"downfall:Silent","floor":16,"turns":8},{"damage":132,"enemies":"downfall:Silent","floor":19,"turns":7},{"damage":36,"enemies":"Spheric Guardian","floor":21,"turns":3},{"damage":56,"enemies":"Gremlin Leader","floor":23,"turns":4},{"damage":28,"enemies":"3 Byrds","floor":25,"turns":3},{"damage":77,"enemies":"Book of Stabbing","floor":27,"turns":4},{"damage":31,"enemies":"Snake Plant","floor":28,"turns":2},{"damage":38,"enemies":"Snecko","floor":29,"turns":3},{"damage":17,"enemies":"downfall:FleeingMerchant","floor":31,"turns":4},{"damage":40,"enemies":"3 Cultists","floor":32,"turns":3},{"damage":90,"enemies":"downfall:Ironclad","floor":33,"turns":7},{"damage":115,"enemies":"Giant Head","floor":37,"turns":7},{"damage":46,"enemies":"3 Darklings","floor":38,"turns":3},{"damage":44,"enemies":"3 Shapes","floor":39,"turns":4},{"damage":32,"enemies":"downfall:FleeingMerchant","floor":40,"turns":4},{"damage":78,"enemies":"Nemesis","floor":43,"turns":5},{"damage":60,"enemies":"Maw","floor":45,"turns":5},{"damage":41,"enemies":"Writhing Mass","floor":46,"turns":3},{"damage":52,"enemies":"Sphere and 2 Shapes","floor":47,"turns":2},{"damage":65,"enemies":"Maw","floor":49,"turns":4},{"damage":82,"enemies":"downfall:Defect","floor":50,"turns":4},{"damage":111,"enemies":"downfall:CharBossMerchant","floor":52,"turns":4}],"seed_played":"4978339912253033957","potions_obtained":[{"floor":3,"key":"Strength Potion"},{"floor":11,"key":"Fire Potion"},{"floor":12,"key":"Regen Potion"},{"floor":25,"key":"DistilledChaos"},{"floor":33,"key":"FearPotion"},{"floor":45,"key":"FearPotion"},{"floor":46,"key":"LiquidMemories"},{"floor":47,"key":"GamblersBrew"}],"is_trial":false,"path_per_floor":["R","M","E","?","?","R","T","M","R","$","M","M","?","M","M","B",null,"R","?","R","M","R","E","T","M","R","E","M","M","?","$","M","B",null,"R","?","E","M","M","$","T","R","E","R","M","M","M","?","M","B",null,"E"],"character_chosen":"THE_CHAMP","items_purchased":["Ginger","champ:Encircle"],"campfire_rested":0,"item_purchase_floors":[31,40],"current_hp_per_floor":[90,90,90,90,63,63,63,65,65,65,67,66,66,72,79,70,90,90,49,55,57,63,79,79,75,94,78,64,62,27,33,35,14,100,100,100,65,55,74,73,73,85,82,94,105,105,103,103,105,105,105,0,0],"gold":526,"neow_bonus":"THREE_ENEMY_KILL","is_daily":false,"chose_seed":false,"campfire_upgraded":9,"win_rate":0.0,"timestamp":1608326001,"path_taken":["R","M","E","?","?","R","T","M","R","$","M","M","?","M","M","BOSS","R","?","R","M","R","E","T","M","R","E","M","M","?","$","M","BOSS","R","?","E","M","M","$","T","R","E","R","M","M","?","?","M","BOSS","E"],"items_purchased_type":["Relic","Card"],"build_version":"2020-12-13","purchased_purges":2,"victory":false,"max_hp_per_floor":[90,90,90,90,90,90,90,90,90,90,90,90,90,90,90,90,90,90,90,90,90,90,90,90,90,100,100,100,100,100,100,100,100,100,100,100,100,100,100,100,100,100,100,100,105,105,105,105,105,105,105,105,105],"card_choices":[{"not_picked":["champ:BerserkerStyle","champ:AdrenalArmor"],"picked":"champ:BerserkersShout","floor":2},{"not_picked":["champ:FocusedGladiator","champ:FightOn"],"picked":"champ:AdrenalArmor","floor":3},{"not_picked":["champ:GladiatorsShout","champ:FightOn"],"picked":"champ:RisingSlash","floor":8},{"not_picked":["champ:StanceDance","champ:DefensiveShout","champ:IronFortress"],"picked":"SKIP","floor":10},{"not_picked":["champ:AdrenalArmor","champ:BladeFlurry"],"picked":"champ:EndlessRage","floor":11},{"not_picked":["champ:GladiatorsShout","champ:IronFortress","champ:SkillfulDodge"],"picked":"SKIP","floor":12},{"not_picked":["champ:PerfectedStrike","champ:Lariat","champ:BerserkersShout"],"picked":"SKIP","floor":14},{"not_picked":["champ:BladeFlurry","champ:ShieldWall","champ:GladiatorsShout"],"picked":"SKIP","floor":15},{"not_picked":[],"picked":"champ:BerserkersShout","floor":19},{"not_picked":["champ:FanOfKnives"],"picked":"SKIP","floor":21},{"not_picked":["champ:BladeFlurry"],"picked":"SKIP","floor":23},{"not_picked":[],"picked":"champ:BladeFlurry","floor":23},{"not_picked":[],"picked":"champ:EnragedBash","floor":25},{"not_picked":[],"picked":"champ:Shatter","floor":27},{"not_picked":["champ:Circumvent"],"picked":"SKIP","floor":28},{"not_picked":["champ:TornadoPunch+1"],"picked":"SKIP","floor":29},{"not_picked":["champ:FocusedDefense+1"],"picked":"SKIP","floor":31},{"not_picked":["champ:FocusedDefense"],"picked":"SKIP","floor":32},{"not_picked":["champ:GladiatorsShout+1"],"picked":"SKIP","floor":37},{"not_picked":[],"picked":"champ:EndlessRage+1","floor":38},{"not_picked":[],"picked":"champ:BladeFlurry","floor":39},{"not_picked":[],"picked":"champ:Backstep","floor":40},{"not_picked":[],"picked":"champ:FightOn","floor":43},{"not_picked":["champ:SkillfulDodge+1"],"picked":"SKIP","floor":45},{"not_picked":["champ:CrookedStrike"],"picked":"SKIP","floor":46},{"not_picked":["champ:EnragedBash"],"picked":"SKIP","floor":47},{"not_picked":["champ:DefensiveShout+1"],"picked":"SKIP","floor":49}],"player_experience":512700,"relics_obtained":[{"floor":3,"key":"Blood Vial"},{"floor":7,"key":"Bronze Scales"},{"floor":19,"key":"champ:BlackKnightHelmet"},{"floor":19,"key":"Eternal Feather"},{"floor":23,"key":"Kunai"},{"floor":27,"key":"Guardian:PocketSentry"},{"floor":37,"key":"MawBank"},{"floor":37,"key":"Bottled Tornado"},{"floor":41,"key":"Boot"},{"floor":43,"key":"Centennial Puzzle"},{"floor":43,"key":"Shuriken"}],"event_choices":[{"damage_healed":0,"gold_gain":0,"player_choice":"Ignored","damage_taken":0,"max_hp_gain":0,"max_hp_loss":0,"event_name":"Transmorgrifier","floor":48,"gold_loss":0}],"is_beta":false,"boss_relics":[{"not_picked":["SacredBark","Astrolabe"],"picked":"Busted Crown"},{"not_picked":["Runic Pyramid","Cursed Key"],"picked":"Black Star"}],"items_purged_floors":[10,40],"is_endless":false,"potions_floor_spawned":[3,11,12,14,16,25,27,28,33,45,46,47,49],"killed_by":"downfall:CharBossMerchant","ascension_level":0}}