{"host":"6azrrw3tf7wb0f4b","time":1608265920,"event":{"mods":["BaseMod","DeckTracker","Minty Spire (QoL Compilation)","SuperFastMode"],"gold_per_floor":[114,124,136,154,168,202,213,278,332,332,342,353,370,385,385,457,457,471,471,471,264,275,310,310,327,327,327,342,342,342],"floor_reached":29,"playtime":761,"items_purged":["Rupture+1"],"score":480,"play_id":"70a8c6d3-7cf1-44e7-be04-1165b19db6d9","local_time":"20201218133200","is_ascension_mode":true,"campfire_choices":[{"data":"Armaments","floor":10,"key":"SMITH"},{"floor":15,"key":"REST"},{"floor":24,"key":"REST"}],"circlet_count":0,"master_deck":["AscendersBane","Strike_R","Strike_R","Defend_R","Defend_R","Bash","Headbutt","Offering","Armaments+1","Pommel Strike","Shrug It Off","Feed","Body Slam","Inflame","Sword Boomerang","Immolate","Feed","Reckless Charge+1","Juggernaut+1","Clothesline","Warcry","Intimidate","Shockwave","Entrench","Rupture","Feel No Pain"],"relics":["Burning Blood","NeowsBlessing","StoneCalendar","Smiling Mask","Bronze Scales","Astrolabe","Orrery","Paper Frog","Oddly Smooth Stone"],"acts_visited":["Exordium","TheCity"],"potions_floor_usage":[6,6,14,16,22,23,25],"damage_taken":[{"damage":0.0,"enemies":"2 Louse","floor":1.0,"turns":1.0},{"damage":0.0,"enemies":"Small Slimes","floor":2.0,"turns":1.0},{"damage":0.0,"enemies":"Jaw Worm","floor":3.0,"turns":1.0},{"damage":7.0,"enemies":"Looter","floor":4.0,"turns":3.0},{"damage":18.0,"enemies":"Lots of Slimes","floor":5.0,"turns":4.0},{"damage":22,"enemies":"Gremlin Nob","floor":6,"turns":3},{"damage":13,"enemies":"Exordium Thugs","floor":7,"turns":4},{"damage":25,"enemies":"3 Sentries","floor":8,"turns":7},{"damage":6,"enemies":"Exordium Wildlife","floor":11,"turns":4},{"damage":15,"enemies":"2 Fungi Beasts","floor":12,"turns":5},{"damage":7,"enemies":"Exordium Thugs","floor":13,"turns":3},{"damage":5,"enemies":"Gremlin Gang","floor":14,"turns":3},{"damage":40,"enemies":"Hexaghost","floor":16,"turns":7},{"damage":21,"enemies":"3 Byrds","floor":18,"turns":4},{"damage":36,"enemies":"Chosen","floor":22,"turns":5},{"damage":23,"enemies":"Gremlin Leader","floor":23,"turns":5},{"damage":32,"enemies":"Centurion and Healer","floor":25,"turns":7},{"damage":39,"enemies":"Snake Plant","floor":28,"turns":3},{"damage":16,"enemies":"Shelled Parasite and Fungi","floor":29,"turns":3}],"seed_played":"-3527149786443829511","potions_obtained":[{"floor":2.0,"key":"Strength Potion"},{"floor":5.0,"key":"GamblersBrew"},{"floor":6,"key":"Energy Potion"},{"floor":8,"key":"BlessingOfTheForge"},{"floor":14,"key":"DistilledChaos"},{"floor":16,"key":"Dexterity Potion"},{"floor":18,"key":"Explosive Potion"},{"floor":23,"key":"Regen Potion"}],"is_trial":false,"path_per_floor":["M","M","M","M","M","E","M","?","T","R","M","M","M","M","R","B",null,"M","?","?","$","M","E","R","M","T","?","M","M"],"character_chosen":"IRONCLAD","items_purchased":["Orrery"],"campfire_rested":2,"item_purchase_floors":[21],"current_hp_per_floor":[74,75,75,74,62,46,43,27,27,27,30,21,23,27,54,20,73,66,66,66,66,36,22,52,44,44,44,11,0,0],"gold":342,"neow_bonus":"THREE_ENEMY_KILL","is_daily":false,"chose_seed":false,"campfire_upgraded":1,"win_rate":0.0,"timestamp":1608265920,"path_taken":["M","M","M","M","M","E","M","?","T","R","M","M","M","M","R","BOSS","M","?","?","$","M","E","R","M","T","?","M","M"],"items_purchased_type":["Relic"],"build_version":"2020-12-13","purchased_purges":1,"victory":false,"max_hp_per_floor":[75,75,75,75,75,75,79,82,82,82,85,85,88,91,91,91,91,99,99,99,99,99,102,102,105,105,105,105,105,105],"card_choices":[{"not_picked":["Heavy Blade","Twin Strike"],"picked":"Headbutt","floor":1.0},{"not_picked":["Wild Strike","Perfected Strike"],"picked":"Offering","floor":2.0},{"not_picked":["Wild Strike","Rupture"],"picked":"Armaments","floor":3.0},{"not_picked":["Heavy Blade","Rupture"],"picked":"Pommel Strike","floor":4.0},{"not_picked":["Rage","Intimidate"],"picked":"Shrug It Off","floor":5.0},{"not_picked":["Ghostly Armor","Battle Trance"],"picked":"Feed","floor":6},{"not_picked":["Clash","Perfected Strike"],"picked":"Body Slam","floor":7},{"not_picked":["Twin Strike","Flex"],"picked":"Inflame","floor":8},{"not_picked":["Pommel Strike","Cleave","True Grit"],"picked":"SKIP","floor":11},{"not_picked":["Clothesline","Havoc"],"picked":"Sword Boomerang","floor":12},{"not_picked":["Shrug It Off","Clash"],"picked":"Immolate","floor":13},{"not_picked":["Thunderclap","Pommel Strike","Clash"],"picked":"SKIP","floor":14},{"not_picked":["Immolate","Offering"],"picked":"Feed","floor":16},{"not_picked":["Anger","Iron Wave","Reckless Charge"],"picked":"SKIP","floor":18},{"not_picked":["Perfected Strike","Heavy Blade"],"picked":"Intimidate","floor":21},{"not_picked":["Feel No Pain","Warcry"],"picked":"Shockwave","floor":21},{"not_picked":["Shockwave","Combust","Infernal Blade"],"picked":"SKIP","floor":22},{"not_picked":["Wild Strike","Heavy Blade"],"picked":"Entrench","floor":23},{"not_picked":["Anger","Heavy Blade","Rampage"],"picked":"SKIP","floor":25},{"not_picked":["Warcry","Dual Wield"],"picked":"Feel No Pain","floor":28}],"player_experience":605259,"relics_obtained":[{"floor":6,"key":"StoneCalendar"},{"floor":8,"key":"Smiling Mask"},{"floor":9,"key":"Bronze Scales"},{"floor":23,"key":"Paper Frog"},{"floor":26,"key":"Oddly Smooth Stone"}],"event_choices":[{"damage_healed":0,"gold_gain":0,"player_choice":"Searched \u00271\u0027 times","damage_taken":0,"max_hp_gain":0,"max_hp_loss":0,"event_name":"Dead Adventurer","floor":8,"gold_loss":0},{"damage_healed":0,"gold_gain":0,"player_choice":"Ignored","damage_taken":0,"max_hp_gain":0,"max_hp_loss":0,"event_name":"Vampires","floor":19,"gold_loss":0},{"damage_healed":0,"gold_gain":0,"cards_transformed":["Defend_R","Strike_R"],"player_choice":"Became Test Subject","damage_taken":0,"max_hp_gain":0,"max_hp_loss":0,"event_name":"Drug Dealer","floor":20,"gold_loss":0,"cards_obtained":["Clothesline","Warcry"]},{"damage_healed":0,"gold_gain":0,"player_choice":"Read","damage_taken":0,"max_hp_gain":0,"max_hp_loss":0,"event_name":"The Library","floor":27,"gold_loss":0,"cards_obtained":["Rupture"]}],"is_beta":false,"boss_relics":[{"not_picked":["Tiny House","Philosopher\u0027s Stone"],"picked":"Astrolabe"}],"items_purged_floors":[21],"is_endless":false,"potions_floor_spawned":[2,5,6,8,11,14,16,18,23],"killed_by":"Shelled Parasite and Fungi","ascension_level":16}}