{"host":"2461dio7vetlq1z3","time":1608327863,"event":{"mods":["2.2 Compatiblity","AchievementEnabler","BaseMod","Better Third Choice","Hermit","Minty Spire (QoL Compilation)","Relic Stats","Spicy Shops","StSLib","The Animator","Waifu the Spire"],"gold_per_floor":[141,216,216,229,229,263,263,12,12,44,44,73,105,124,124,222,222,235,235,247,3,19,53,53,70,141,141,171,71,86,112,112,210,210,228,228,242,242,265,295,295,315,315,143,178,197,247,280,280,280,280],"floor_reached":52,"playtime":4306,"items_purged":["animator:Strike","animator:Strike","animator:Strike_OnePunchMan","animator:Spearman+1","animator:Genos+1"],"score":938,"play_id":"61c9d7dc-7652-4f76-aab3-b442116b93e5","local_time":"20201218224423","is_ascension_mode":true,"campfire_choices":[{"data":"animator:MumenRider","floor":7,"key":"SMITH"},{"floor":11,"key":"REST"},{"data":"animator:MumenRider","floor":15,"key":"SMITH"},{"data":"animator:Melzalgald","floor":24,"key":"SMITH"},{"data":"animator:Melzalgald","floor":27,"key":"SMITH"},{"floor":32,"key":"DIG"},{"floor":41,"key":"DIG"},{"data":"animator:Hibiki","floor":49,"key":"SMITH"}],"circlet_count":0,"master_deck":["animator:Defend_OnePunchMan","animator:Defend","animator:Defend","animator:Defend","animator:MumenRider+1","animator:ItamiYouji","animator:KrulTepes+1","animator:Berserker","animator:YaoHaDucy","animator:Melzalgald+1","animator:MumenRider+1","animator:SwordMaiden","animator:Melzalgald+1","animator:OrikoMikuni","animator:Sonic","animator:SilverFang","animator:FeridBathory+1","animator:Hibiki+1","animator:MetalKnight","animator:Rimuru"],"relics":["animator:LivingPicture","animator:ColorlessFragment","Mummified Hand","Bottled Flame","Paper Frog","animator:Buoy","Smiling Mask","Frozen Egg 2","Coffee Dripper","Whetstone","Happy Flower","CloakClasp","Shovel","animator:OldCoffin","Busted Crown","animator:ExquisiteBloodVial","Torii","Anchor","animator:ShionDessert","animator:WornHelmet","Girya","Paper Crane"],"acts_visited":["Exordium","TheCity","TheBeyond"],"potions_floor_usage":[6,16,23,28,30,40,50,51,51],"damage_taken":[{"damage":0,"enemies":"Cultist","floor":1,"turns":3},{"damage":2,"enemies":"Jaw Worm","floor":4,"turns":2},{"damage":20,"enemies":"Gremlin Nob","floor":6,"turns":3},{"damage":11,"enemies":"3 Sentries","floor":10,"turns":8},{"damage":28,"enemies":"Gremlin Nob","floor":12,"turns":4},{"damage":0,"enemies":"2 Louse","floor":13,"turns":2},{"damage":12,"enemies":"Exordium Wildlife","floor":14,"turns":3},{"damage":15,"enemies":"The Guardian","floor":16,"turns":9},{"damage":4,"enemies":"Spheric Guardian","floor":18,"turns":3},{"damage":0,"enemies":"3 Byrds","floor":20,"turns":4},{"damage":13,"enemies":"Cultist and Chosen","floor":22,"turns":5},{"damage":46,"enemies":"Book of Stabbing","floor":23,"turns":6},{"damage":4,"enemies":"Snake Plant","floor":25,"turns":3},{"damage":4,"enemies":"Slavers","floor":28,"turns":7},{"damage":2,"enemies":"Shelled Parasite and Fungi","floor":30,"turns":3},{"damage":1,"enemies":"Centurion and Healer","floor":31,"turns":5},{"damage":29,"enemies":"Automaton","floor":33,"turns":15},{"damage":0,"enemies":"3 Shapes","floor":35,"turns":4},{"damage":7,"enemies":"3 Darklings","floor":37,"turns":6},{"damage":36,"enemies":"Nemesis","floor":40,"turns":13},{"damage":23,"enemies":"Writhing Mass","floor":42,"turns":6},{"damage":1,"enemies":"Reptomancer","floor":45,"turns":7},{"damage":0,"enemies":"Spire Growth","floor":46,"turns":5},{"damage":0,"enemies":"Mind Bloom Boss Battle","floor":47,"turns":7},{"damage":28,"enemies":"Nemesis","floor":48,"turns":8},{"damage":2,"enemies":"animator:KrulTepes","floor":50,"turns":8},{"damage":38,"enemies":"Time Eater","floor":51,"turns":14}],"seed_played":"-3481781434193952081","potions_obtained":[{"floor":4,"key":"Swift Potion"},{"floor":12,"key":"Regen Potion"},{"floor":14,"key":"SpeedPotion"},{"floor":25,"key":"Block Potion"},{"floor":28,"key":"SteroidPotion"},{"floor":31,"key":"SpeedPotion"},{"floor":33,"key":"SteroidPotion"},{"floor":42,"key":"BlessingOfTheForge"},{"floor":45,"key":"SpeedPotion"},{"floor":47,"key":"Dexterity Potion"}],"is_trial":false,"path_per_floor":["M","?","?","M","T","E","R","$","T","E","R","E","M","M","R","B",null,"M","?","M","$","M","E","R","M","T","R","E","$","M","M","R","B",null,"M","?","M","?","T","E","R","M","T","$","E","M","?","E","R","M","B",null],"character_chosen":"THE_ANIMATOR","items_purchased":["animator:ColorlessFragment","Whetstone","animator:Hibiki"],"campfire_rested":1,"item_purchase_floors":[8,21,44],"current_hp_per_floor":[60,49,46,44,44,24,24,24,24,13,31,6,10,2,2,6,47,49,49,55,55,48,8,8,11,11,11,13,13,19,26,26,6,49,59,59,56,51,51,25,25,14,14,14,25,40,54,36,36,48,34],"gold":280,"neow_bonus":"THREE_RARE_CARDS","is_daily":false,"chose_seed":false,"campfire_upgraded":5,"win_rate":0.0,"timestamp":1608327863,"path_taken":["M","?","?","M","?","E","R","$","T","E","R","E","?","M","R","BOSS","M","?","M","$","M","E","R","?","T","R","E","$","M","M","R","BOSS","M","?","M","?","?","E","R","M","T","$","E","M","?","E","R","BOSS"],"items_purchased_type":["Relic","Relic","Card"],"build_version":"2020-12-13","purchased_purges":5,"victory":true,"max_hp_per_floor":[60,60,60,60,60,60,60,60,60,60,60,61,61,61,61,61,61,61,61,61,61,61,61,61,62,62,62,62,62,62,62,62,63,63,63,63,63,63,63,63,63,63,63,63,63,64,64,64,64,64,67],"relic_stats":{"Shovel":2,"Busted Crown":44,"Happy Flower":[37],"Torii":12,"counters":[27,163],"Mummified Hand":[16],"CloakClasp":[350],"Whetstone":["animator:Genos","animator:KrulTepes"],"Smiling Mask":350,"obtain_stats":[{"animator:Buoy":9,"Girya":47,"animator:ShionDessert":43,"Happy Flower":23,"Torii":40,"animator:ColorlessFragment":8,"animator:TheMissingPiece":0,"CloakClasp":26,"Whetstone":21,"Frozen Egg 2":12,"animator:WornHelmet":45,"Paper Crane":48,"Smiling Mask":10,"Blood Vial":10,"Bottled Flame":5,"Anchor":41,"Shovel":28,"Busted Crown":34,"animator:ExquisiteBloodVial":40,"Mummified Hand":3,"animator:LivingPicture":0,"Coffee Dripper":17,"animator:OldCoffin":32,"Paper Frog":6},{"animator:Buoy":3,"Girya":24,"animator:ShionDessert":21,"Happy Flower":12,"Torii":20,"animator:ColorlessFragment":3,"animator:TheMissingPiece":0,"CloakClasp":13,"Whetstone":10,"Frozen Egg 2":5,"animator:WornHelmet":22,"Paper Crane":25,"Smiling Mask":4,"Blood Vial":4,"Bottled Flame":2,"Anchor":20,"Shovel":14,"Busted Crown":17,"animator:ExquisiteBloodVial":20,"Mummified Hand":1,"animator:LivingPicture":0,"Coffee Dripper":8,"animator:OldCoffin":16,"Paper Frog":3},{"animator:Buoy":8,"Girya":133,"animator:ShionDessert":114,"Happy Flower":52,"Torii":108,"animator:ColorlessFragment":8,"animator:TheMissingPiece":0,"CloakClasp":55,"Whetstone":41,"Frozen Egg 2":20,"animator:WornHelmet":121,"Paper Crane":141,"Smiling Mask":16,"Blood Vial":16,"Bottled Flame":5,"Anchor":108,"Shovel":62,"Busted Crown":85,"animator:ExquisiteBloodVial":108,"Mummified Hand":3,"animator:LivingPicture":0,"Coffee Dripper":34,"animator:OldCoffin":70,"Paper Frog":8}]},"card_choices":[{"not_picked":["animator:GoblinSlayer","animator:Shizu"],"picked":"animator:ItamiYouji","floor":0},{"not_picked":["animator:Shinoa","animator:Benimaru"],"picked":"animator:KrulTepes","floor":1},{"not_picked":["animator:Hakurou","animator:Rider","animator:ShinjiMatou"],"picked":"SKIP","floor":4},{"not_picked":["animator:Tatsumaki","animator:NagisaMomoe","animator:YuiTsuruno"],"picked":"SKIP","floor":6},{"not_picked":["animator:KrulTepes","animator:Shuna"],"picked":"animator:Berserker","floor":10},{"not_picked":["animator:Kyubey","animator:Tatsumaki"],"picked":"animator:YaoHaDucy","floor":12},{"not_picked":["animator:Tatsumaki","animator:MumenRider"],"picked":"animator:Melzalgald","floor":13},{"not_picked":["animator:IrohaTamaki","animator:LizardPriest"],"picked":"animator:MumenRider","floor":14},{"not_picked":["animator:Kyubey","animator:FeridBathory+1"],"picked":"animator:SwordMaiden","floor":16},{"not_picked":["animator:NagisaMomoe+1","animator:RoryMercury"],"picked":"animator:Spearman+1","floor":18},{"not_picked":["animator:Tatsumaki","animator:Genos"],"picked":"animator:Melzalgald","floor":20},{"not_picked":["animator:KyokoSakura","animator:Illya","animator:Tatsumaki"],"picked":"SKIP","floor":22},{"not_picked":["animator:Guren","animator:Lancer+1"],"picked":"animator:OrikoMikuni","floor":23},{"not_picked":["animator:Melzalgald","animator:Tatsumaki"],"picked":"animator:Sonic","floor":25},{"not_picked":["animator:IrohaTamaki","animator:KyokoSakura","animator:Yuuichirou"],"picked":"SKIP","floor":28},{"not_picked":["animator:DwarfShaman","animator:Witch","animator:Kaijin+1"],"picked":"SKIP","floor":30},{"not_picked":["animator:Melzalgald","animator:Sonic"],"picked":"animator:SilverFang","floor":31},{"not_picked":["animator:HomuraAkemi","animator:GoblinSlayer"],"picked":"animator:FeridBathory+1","floor":33},{"not_picked":["animator:Shigure"],"picked":"SKIP","floor":35},{"not_picked":["animator:Genos"],"picked":"SKIP","floor":37},{"not_picked":["animator:RoryMercury"],"picked":"SKIP","floor":42},{"not_picked":["animator:EmiyaShirou"],"picked":"SKIP","floor":45},{"not_picked":[],"picked":"animator:MetalKnight","floor":46},{"not_picked":[],"picked":"animator:Rimuru","floor":48}],"player_experience":817745,"relics_obtained":[{"floor":5,"key":"Bottled Flame"},{"floor":6,"key":"Paper Frog"},{"floor":9,"key":"animator:Buoy"},{"floor":10,"key":"Blood Vial"},{"floor":10,"key":"Smiling Mask"},{"floor":12,"key":"Blood Vial"},{"floor":12,"key":"Frozen Egg 2"},{"floor":16,"key":"Blood Vial"},{"floor":23,"key":"Happy Flower"},{"floor":26,"key":"CloakClasp"},{"floor":28,"key":"Blood Vial"},{"floor":28,"key":"Shovel"},{"floor":32,"key":"animator:OldCoffin"},{"floor":33,"key":"Blood Vial"},{"floor":40,"key":"animator:ExquisiteBloodVial"},{"floor":40,"key":"Torii"},{"floor":41,"key":"Anchor"},{"floor":43,"key":"animator:ShionDessert"},{"floor":45,"key":"Blood Vial"},{"floor":45,"key":"animator:WornHelmet"},{"floor":47,"key":"Girya"},{"floor":48,"key":"Paper Crane"}],"event_choices":[{"damage_healed":0,"gold_gain":75,"player_choice":"Gold","damage_taken":11,"max_hp_gain":0,"max_hp_loss":0,"event_name":"betterThird:BetterGoop","floor":2,"gold_loss":0},{"damage_healed":0,"gold_gain":0,"player_choice":"Relic ","damage_taken":3,"max_hp_gain":0,"max_hp_loss":0,"event_name":"betterThird:BetterScrap","floor":3,"gold_loss":0,"cards_obtained":["Crippling Poison"]},{"cards_removed":["animator:Strike"],"damage_healed":0,"gold_gain":0,"player_choice":"Offered Basic","damage_taken":0,"max_hp_gain":0,"max_hp_loss":0,"event_name":"Bonfire Elementals","floor":19,"gold_loss":0},{"damage_healed":0,"gold_gain":0,"player_choice":"Ignored","damage_taken":0,"max_hp_gain":0,"max_hp_loss":0,"event_name":"Tomb of Lord Red Mask","floor":36,"gold_loss":0},{"damage_healed":0,"gold_gain":0,"player_choice":"Memory 2","damage_taken":5,"max_hp_gain":0,"max_hp_loss":0,"event_name":"SensoryStone","floor":38,"gold_loss":0},{"damage_healed":0,"gold_gain":0,"player_choice":"Fight","damage_taken":0,"max_hp_gain":0,"max_hp_loss":0,"event_name":"MindBloom","floor":47,"gold_loss":0}],"is_beta":false,"boss_relics":[{"not_picked":["Mark of Pain","Velvet Choker"],"picked":"Coffee Dripper"},{"not_picked":["Calling Bell","animator:CursedBlade"],"picked":"Busted Crown"}],"items_purged_floors":[8,21,21,29,29],"is_endless":false,"potions_floor_spawned":[4,12,14,25,28,31,33,42,45,47,50],"ascension_level":5}}