{"host":"gp6kafy53r5vaktt","time":1608319845,"event":{"mods":["BaseMod","Colored Map","Highlight Path","Minty Spire (QoL Compilation)"],"gold_per_floor":[113,113,129,58,58,90,90,117,117,130,158,158,158,158,158,253,253,264,282,300,225,238,272,272,272,296,296,325,338,367,393,393,488,538,553,355,375,177,62,62,92,92,92,111,130,90,118,131,131,131,131,131,37,70,70],"floor_reached":56,"playtime":3959,"items_purged":[],"score":1405,"play_id":"2017e4b3-9fb5-4df5-b327-8d6a3a9adf80","local_time":"20201218213045","is_ascension_mode":true,"campfire_choices":[{"data":"Flame Barrier","floor":7,"key":"SMITH"},{"data":"Perfected Strike","floor":13,"key":"SMITH"},{"data":"Shrug It Off","floor":15,"key":"SMITH"},{"data":"Barricade","floor":24,"key":"SMITH"},{"data":"Whirlwind","floor":27,"key":"SMITH"},{"floor":32,"key":"REST"},{"data":"Entrench","floor":40,"key":"SMITH"},{"data":"Uppercut","floor":42,"key":"SMITH"},{"floor":49,"key":"RECALL"},{"data":"Battle Trance","floor":52,"key":"SMITH"}],"circlet_count":0,"master_deck":["Strike_R+1","Strike_R+1","Strike_R+1","Strike_R+1","Strike_R+1","Defend_R+1","Defend_R+1","Defend_R+1","Bash+1","Shrug It Off+1","Cleave+1","Flame Barrier+1","Perfected Strike+1","Evolve+1","Barricade+1","Whirlwind+1","Pommel Strike+1","Seeing Red+1","True Grit+1","Body Slam+1","Thunderclap+1","Entrench+1","Clothesline+1","Fire Breathing+1","Shrug It Off+1","Battle Trance+1","Perfected Strike","Shrug It Off+1","Uppercut+1","Body Slam+1","True Grit+1","Warcry+1","Offering"],"relics":["Busted Crown","CaptainsWheel","Pear","Strawberry","Paper Frog","WingedGreaves","Mark of Pain","Thread and Needle","War Paint","Lantern","Pantograph","Whetstone","Tiny House","Membership Card","Shuriken","DollysMirror","Bag of Preparation","Anchor","Du-Vu Doll"],"acts_visited":["Exordium","TheCity","TheBeyond","TheEnding"],"potions_floor_usage":[16,16,18,22,35,50,50,55,55],"damage_taken":[{"damage":11,"enemies":"Jaw Worm","floor":1,"turns":4},{"damage":0,"enemies":"Small Slimes","floor":3,"turns":3},{"damage":28,"enemies":"Lagavulin","floor":6,"turns":7},{"damage":4,"enemies":"3 Sentries","floor":8,"turns":7},{"damage":0,"enemies":"Cultist","floor":10,"turns":3},{"damage":5,"enemies":"Lagavulin","floor":11,"turns":5},{"damage":1,"enemies":"Slime Boss","floor":16,"turns":5},{"damage":5,"enemies":"3 Byrds","floor":18,"turns":5},{"damage":4,"enemies":"Shell Parasite","floor":19,"turns":6},{"damage":7,"enemies":"Snecko","floor":20,"turns":5},{"damage":3,"enemies":"Cultist and Chosen","floor":22,"turns":6},{"damage":13,"enemies":"Book of Stabbing","floor":23,"turns":6},{"damage":10,"enemies":"Gremlin Leader","floor":28,"turns":5},{"damage":0,"enemies":"3 Cultists","floor":29,"turns":4},{"damage":8,"enemies":"Slavers","floor":30,"turns":4},{"damage":7,"enemies":"Gremlin Leader","floor":31,"turns":4},{"damage":15,"enemies":"Champ","floor":33,"turns":9},{"damage":0,"enemies":"3 Darklings","floor":35,"turns":2},{"damage":0,"enemies":"3 Shapes","floor":37,"turns":3},{"damage":0,"enemies":"Giant Head","floor":41,"turns":6},{"damage":14,"enemies":"Transient","floor":44,"turns":5},{"damage":0,"enemies":"Spire Growth","floor":45,"turns":2},{"damage":14,"enemies":"Reptomancer","floor":47,"turns":6},{"damage":0,"enemies":"Maw","floor":48,"turns":6},{"damage":0,"enemies":"Time Eater","floor":50,"turns":6},{"damage":12,"enemies":"Shield and Spear","floor":54,"turns":5},{"damage":87,"enemies":"The Heart","floor":55,"turns":11}],"seed_played":"7872202540753411069","potions_obtained":[{"floor":3,"key":"SkillPotion"},{"floor":6,"key":"Dexterity Potion"},{"floor":11,"key":"Weak Potion"},{"floor":20,"key":"PowerPotion"},{"floor":28,"key":"BlessingOfTheForge"},{"floor":31,"key":"Regen Potion"},{"floor":33,"key":"BlessingOfTheForge"},{"floor":34,"key":"DuplicationPotion"},{"floor":41,"key":"Energy Potion"},{"floor":54,"key":"BlessingOfTheForge"}],"is_trial":false,"path_per_floor":["M","?","M","$","?","E","R","E","T","M","E","?","R","?","R","B",null,"M","M","M","?","M","E","R","?","T","R","E","M","E","E","R","B",null,"M","$","M","$","$","R","E","R","T","M","M","?","E","M","R","B",null,"R","$","E","B",null],"character_chosen":"IRONCLAD","items_purchased":["Flame Barrier","Membership Card","CultistPotion","Shuriken","Shrug It Off","Battle Trance","Perfected Strike","Shrug It Off","Uppercut","DollysMirror","Offering","Dexterity Potion"],"campfire_rested":1,"item_purchase_floors":[4,36,36,38,38,38,38,39,39,39,53,53],"current_hp_per_floor":[69,66,66,66,66,48,48,51,51,51,46,27,27,27,27,26,97,92,88,81,81,78,65,65,65,65,65,55,55,47,40,69,79,102,102,102,102,102,102,102,102,102,102,88,88,88,74,74,74,99,102,102,102,90,30],"gold":70,"neow_bonus":"BOSS_RELIC","is_daily":false,"chose_seed":false,"campfire_upgraded":8,"win_rate":0.0,"timestamp":1608319845,"path_taken":["M","?","M","$","?","E","R","E","T","?","E","?","R","?","R","BOSS","M","M","M","?","M","E","R","?","T","R","E","?","E","E","R","BOSS","M","$","M","$","$","R","E","R","T","M","M","?","E","M","R","BOSS","R","$","E","BOSS"],"items_purchased_type":["Card","Relic","Potion","Relic","Card","Card","Card","Card","Card","Relic","Card","Potion"],"build_version":"2020-12-13","purchased_purges":0,"victory":true,"max_hp_per_floor":[80,80,80,80,80,90,90,97,97,97,97,97,97,97,97,97,97,97,97,97,97,97,97,97,97,97,97,97,97,97,97,97,97,102,102,102,102,102,102,102,102,102,102,102,102,102,102,102,102,102,102,102,102,102,102],"card_choices":[{"not_picked":[],"picked":"Shrug It Off","floor":1},{"not_picked":[],"picked":"Cleave","floor":3},{"not_picked":["Havoc"],"picked":"SKIP","floor":6},{"not_picked":["Twin Strike"],"picked":"SKIP","floor":8},{"not_picked":[],"picked":"Perfected Strike","floor":10},{"not_picked":[],"picked":"Evolve","floor":11},{"not_picked":[],"picked":"Barricade","floor":16},{"not_picked":["Searing Blow"],"picked":"SKIP","floor":18},{"not_picked":[],"picked":"Whirlwind","floor":19},{"not_picked":[],"picked":"Pommel Strike","floor":20},{"not_picked":[],"picked":"Seeing Red","floor":22},{"not_picked":["Immolate"],"picked":"SKIP","floor":23},{"not_picked":[],"picked":"True Grit+1","floor":28},{"not_picked":[],"picked":"Body Slam+1","floor":29},{"not_picked":["Clothesline"],"picked":"SKIP","floor":30},{"not_picked":[],"picked":"Thunderclap+1","floor":31},{"not_picked":[],"picked":"Entrench","floor":34},{"not_picked":[],"picked":"Clothesline+1","floor":35},{"not_picked":[],"picked":"Fire Breathing+1","floor":37},{"not_picked":[],"picked":"True Grit+1","floor":41},{"not_picked":["Clash"],"picked":"SKIP","floor":44},{"not_picked":["Havoc+1"],"picked":"SKIP","floor":45},{"not_picked":["Reckless Charge+1"],"picked":"SKIP","floor":47},{"not_picked":[],"picked":"Warcry+1","floor":48},{"not_picked":["Body Slam"],"picked":"SKIP","floor":54}],"player_experience":51136,"relics_obtained":[{"floor":6,"key":"Pear"},{"floor":8,"key":"Strawberry"},{"floor":9,"key":"Paper Frog"},{"floor":11,"key":"WingedGreaves"},{"floor":23,"key":"Thread and Needle"},{"floor":26,"key":"War Paint"},{"floor":28,"key":"Lantern"},{"floor":30,"key":"Pantograph"},{"floor":31,"key":"Whetstone"},{"floor":41,"key":"Bag of Preparation"},{"floor":47,"key":"Anchor"},{"floor":54,"key":"Du-Vu Doll"}],"event_choices":[{"damage_healed":0,"gold_gain":0,"player_choice":"Success","damage_taken":3,"relics_obtained":["CaptainsWheel"],"max_hp_gain":0,"max_hp_loss":0,"event_name":"Scrap Ooze","floor":2,"gold_loss":0},{"damage_healed":0,"gold_gain":0,"player_choice":"Upgraded","damage_taken":0,"max_hp_gain":0,"max_hp_loss":0,"event_name":"Upgrade Shrine","floor":5,"gold_loss":0,"cards_upgraded":["Bash"]},{"damage_healed":0,"gold_gain":0,"player_choice":"Entered Light","damage_taken":19,"max_hp_gain":0,"max_hp_loss":0,"event_name":"Shining Light","floor":12,"gold_loss":0,"cards_upgraded":["Defend_R","Defend_R"]},{"damage_healed":0,"gold_gain":0,"player_choice":"Grow","damage_taken":0,"max_hp_gain":0,"max_hp_loss":0,"event_name":"Living Wall","floor":14,"gold_loss":0,"cards_upgraded":["Evolve"]},{"cards_removed":["Defend_R"],"damage_healed":0,"gold_gain":0,"player_choice":"Gave Gold","damage_taken":0,"max_hp_gain":0,"max_hp_loss":0,"event_name":"Beggar","floor":21,"gold_loss":75},{"damage_healed":0,"gold_gain":0,"player_choice":"Simplicity","damage_taken":0,"max_hp_gain":0,"max_hp_loss":0,"event_name":"Back to Basics","floor":25,"gold_loss":0,"cards_upgraded":["Strike_R","Strike_R","Strike_R","Strike_R","Strike_R","Defend_R"]},{"damage_healed":0,"gold_gain":0,"player_choice":"Upgraded Two","damage_taken":0,"max_hp_gain":0,"max_hp_loss":0,"event_name":"Designer","floor":46,"gold_loss":40,"cards_upgraded":["Shrug It Off","Shrug It Off"]}],"is_beta":false,"boss_relics":[{"not_picked":["Snecko Eye","SlaversCollar"],"picked":"Mark of Pain"},{"not_picked":["Empty Cage","Pandora\u0027s Box"],"picked":"Tiny House"}],"items_purged_floors":[],"is_endless":false,"potions_floor_spawned":[3,6,11,20,28,31,33,41,44,47,54],"ascension_level":1}}