{"host":"o3b7ow6d1xe49css","time":1608272223,"event":{"mods":["2.2 Compatiblity","Act Like it!","Aspiration","BaseMod","Bestiary","Better Altar","Better Match","Better Note","Better Sensory Stone","Better Skull","Better Third Choice","Colored Powertips","Conspire","Downfall","Elementarium","Energized Spire","Force Act Four","GifTheSpireLib","Halation","Hermit","Hubris","Infinite Spire","Minty Spire (QoL Compilation)","Quick Restart","Replay The Spire","Spicy Shops","Spikes Relics","StSLib","Stuff the Spire","The Blue Laboratory","The Jungle","Wandering Minibosses","vexMod"],"gold_per_floor":[119,134,148,148,160,185,185,203,273,273,273,305,305,334,346,457,469,491,520,532,562,168,168,200,200,200,200,200,241,289,320,320,471,471,525,573,573,573,95,95,95,132,132,132,175,175,221,262,262,269,269,269,46,80,227],"floor_reached":56,"playtime":3271,"items_purged":["Clumsy","Strike_R","Strike_R","Strike_R","Strike_R"],"score":2063,"play_id":"530b22af-83c0-425b-b143-1267ef7af8e6","local_time":"20201217211703","daily_mods":["Heirloom","Flight"],"is_ascension_mode":true,"campfire_choices":[{"data":"ReplayTheSpireMod:Muscle Training","floor":7,"key":"SMITH"},{"floor":10,"key":"REST"},{"data":"Bash","floor":13,"key":"SMITH"},{"data":"Heavy Blade","floor":15,"key":"SMITH"},{"data":"Pot Of Greed","floor":23,"key":"SMITH"},{"floor":25,"key":"RECALL"},{"data":"Pot Of Greed","floor":32,"key":"SMITH"},{"data":"Limit Break","floor":40,"key":"SMITH"},{"data":"Pot Of Greed","floor":44,"key":"SMITH"},{"floor":46,"key":"DIG"},{"data":"infinitespire:UltimateForm","floor":49,"key":"SMITH"},{"data":"Reaper","floor":52,"key":"SMITH"}],"circlet_count":0,"master_deck":["Defend_R+1","Defend_R+1","Defend_R+1","Defend_R+1","Bash+1","Headbutt+1","Disarm+1","Battle Trance+1","ReplayTheSpireMod:Muscle Training+1","Metallicize+1","Immolate+1","Heavy Blade+1","Reaper+1","ReplayTheSpireMod:LeadingStrike+1","Heavy Blade+1","Pot Of Greed+1","Pot Of Greed+1","Twin Strike","Armaments+1","Limit Break+1","Pot Of Greed+1","conspire:ExplosiveBarrier+1","Limit Break+1","Uppercut+1","infinitespire:UltimateForm+1"],"relics":["Burning Blood","Ring of Chaos","StuffTheSpire:NeowsTribute","hubris:Towel","Pear","BrokenLever","Replay:Multitool","MawBank","aspiration:RitualDagger","Grinning Jar","champ:Barbells","sneckomod:BlankCard","halation:IllGainedPizza","Black Star","Bottled Flame","Omamori","hubris:SphereOfDissonance","StuffTheSpire:Gunfinga","Torii","Replay:WaspNest","infinitespire:EvilPickle","energizedSpire:MagnifyingGlass","halation:TrafficLight","aspiration:Nostalgia","Replay:M_SmolderingBlood","Centennial Puzzle","hubris:KleinBottle","Mango","StuffTheSpire:EmeraldSignet","Replay:Bottled Eggs","aspiration:FrozenJewel","Singing Bowl","halation:PrussianBluePaint","aspiration:AnachronicSnailShell","Replay:Baseball","hubris:Metronome","Shuriken","StuffTheSpire:ForceGauntlet","halation:PromiseList"],"acts_visited":["Exordium","TheCity","TheBeyond","TheEnding"],"potions_floor_usage":[6,6,14,19,21,24,29,33,33,45],"damage_taken":[{"damage":6,"enemies":"Cultist","floor":1,"turns":3},{"damage":12,"enemies":"Small Slimes","floor":2,"turns":4},{"damage":5,"enemies":"Jaw Worm","floor":3,"turns":3},{"damage":9,"enemies":"Blue Slaver","floor":5,"turns":4},{"damage":20,"enemies":"Lagavulin","floor":6,"turns":5},{"damage":30,"enemies":"Large Slime","floor":8,"turns":8},{"damage":5,"enemies":"Replay:BlueRogue","floor":12,"turns":7},{"damage":9,"enemies":"Lagavulin","floor":14,"turns":6},{"damage":79,"enemies":"Fading Forest","floor":16,"turns":11},{"damage":19,"enemies":"3 Byrds","floor":18,"turns":6},{"damage":77,"enemies":"Spheric Guardian","floor":19,"turns":5},{"damage":44,"enemies":"Centurion and Healer","floor":21,"turns":6},{"damage":60,"enemies":"Nightmare","floor":24,"turns":6},{"damage":31,"enemies":"Slavers","floor":29,"turns":3},{"damage":34,"enemies":"Book of Stabbing","floor":30,"turns":6},{"damage":18,"enemies":"Slavers","floor":31,"turns":3},{"damage":25,"enemies":"Pondfish","floor":33,"turns":6},{"damage":26,"enemies":"3 Shapes","floor":35,"turns":3},{"damage":17,"enemies":"Orb Walker","floor":36,"turns":2},{"damage":6,"enemies":"Reptomancer","floor":42,"turns":2},{"damage":10,"enemies":"Giant Head","floor":45,"turns":3},{"damage":30,"enemies":"Nightmare","floor":47,"turns":4},{"damage":4,"enemies":"Nemesis","floor":48,"turns":1},{"damage":26,"enemies":"hubris:GrandSnecko","floor":50,"turns":3},{"damage":13,"enemies":"Shield and Spear","floor":54,"turns":3},{"damage":51,"enemies":"The Heart","floor":55,"turns":4}],"seed_played":"-862625560212509458","potions_obtained":[{"floor":2,"key":"blueLaboratory:BottleOfRum"},{"floor":5,"key":"blueLaboratory:HorrorPotion"},{"floor":6,"key":"blueLaboratory:PhilterOfMotion"},{"floor":12,"key":"DistilledChaos"},{"floor":16,"key":"blueLaboratory:NullPotion"},{"floor":18,"key":"LiquidMemories"},{"floor":19,"key":"ColorlessPotion"},{"floor":31,"key":"HeartOfIron"},{"floor":35,"key":"blueLaboratory:NullPotion"},{"floor":42,"key":"DuplicationPotion"}],"is_trial":true,"path_per_floor":["M","M","M","?","M","E","R","M","T","R","?","E","R","E","R","B",null,"M","M","?","M","$","R","NM","R","T","R","AVR","E","E","E","R","B",null,"M","M","AVR","?","$","R","$","E","T","R","E","R","NM","E","R","B",null,"R","$","E","B",null],"character_chosen":"IRONCLAD","items_purchased":["Grinning Jar","champ:Barbells","Twin Strike","Swift Potion","aspiration:Nostalgia","Uppercut","Centennial Puzzle","hubris:KleinBottle","BloodPotion"],"campfire_rested":1,"item_purchase_floors":[22,22,22,22,39,39,39,41,53],"current_hp_per_floor":[80,74,75,75,72,68,68,44,44,71,76,77,77,74,74,9,74,61,86,86,95,95,95,59,59,59,87,87,78,77,87,87,95,95,87,88,88,88,88,88,69,109,109,109,111,111,115,117,117,117,117,117,117,119,121],"gold":227,"neow_bonus":"","is_daily":false,"chose_seed":false,"campfire_upgraded":9,"win_rate":0.0,"timestamp":1608272223,"path_taken":["M","M","M","?","M","E","R","M","T","R","?","E","R","E","R","BOSS","M","M","?","M","$","R","NM","R","T","R","AVR","E","E","E","R","BOSS","M","M","AVR","?","$","R","?","E","T","R","E","R","NM","E","R","BOSS","R","$","E","BOSS"],"items_purchased_type":["Relic","Relic","Card","Potion","Relic","Card","Relic","Relic","Potion"],"build_version":"2020-12-13","purchased_purges":5,"victory":true,"max_hp_per_floor":[80,80,80,80,80,90,90,90,90,90,95,95,95,95,95,95,95,95,95,95,95,95,95,95,95,95,95,95,95,95,95,95,95,95,95,95,95,95,95,95,95,109,109,109,111,111,115,117,117,117,117,117,117,119,121],"card_choices":[{"not_picked":["Clothesline","Thunderclap"],"picked":"Headbutt","floor":1},{"not_picked":["hubris:ReadiedAction","ReplayTheSpireMod:Strike From Hell"],"picked":"Disarm","floor":2},{"not_picked":["Feel No Pain","StuffTheSpire:TitanForm"],"picked":"Battle Trance","floor":3},{"not_picked":["Dual Wield","hubris:ReadiedAction"],"picked":"ReplayTheSpireMod:Muscle Training","floor":5},{"not_picked":["Run Through","StuffTheSpire:Resist"],"picked":"Metallicize","floor":6},{"not_picked":["Ghostly Armor","hubris:SharpeningStone","Dark Embrace"],"picked":"SKIP","floor":8},{"not_picked":["Replay:Undeath\u0027s Touch","Heavy Blade"],"picked":"Immolate","floor":12},{"not_picked":["Fire Breathing","Flex"],"picked":"Heavy Blade","floor":14},{"not_picked":["Double Tap","Juggernaut"],"picked":"Reaper","floor":16},{"not_picked":["Feel No Pain+1","Havoc+1","Searing Blow"],"picked":"SKIP","floor":18},{"not_picked":["Iron Wave+1","ReplayTheSpireMod:LeadingStrike","Headbutt+1"],"picked":"SKIP","floor":19},{"not_picked":["Iron Wave+1","Headbutt+1"],"picked":"ReplayTheSpireMod:LeadingStrike","floor":19},{"not_picked":["ReplayTheSpireMod:Strike From Hell","Flex","Brutality"],"picked":"SKIP","floor":21},{"not_picked":["Flex","True Grit","Replay:Undeath\u0027s Touch+1"],"picked":"SKIP","floor":24},{"not_picked":["Havoc","Body Slam+1"],"picked":"Armaments+1","floor":29},{"not_picked":["Sword Boomerang","StuffTheSpire:RockThrow","Evolve"],"picked":"SKIP","floor":30},{"not_picked":["Warcry","Twin Strike","Rupture"],"picked":"SKIP","floor":31},{"not_picked":["Double Tap","Feed"],"picked":"Limit Break","floor":33},{"not_picked":["Disarm","Headbutt","Invigoration+1"],"picked":"SKIP","floor":35},{"not_picked":["Flex+1","Seeing Red"],"picked":"conspire:ExplosiveBarrier","floor":36},{"not_picked":["ReplayTheSpireMod:??????????????????????","hubris:InfiniteBlow+121"],"picked":"infinitespire:UltimateForm","floor":41},{"not_picked":["Eclipse","Demon Form","FollowUp+1"],"picked":"SKIP","floor":42},{"not_picked":["Reckless Charge","ReplayReversal","Replay:Many Hands"],"picked":"Singing Bowl","floor":45},{"not_picked":["infinitespire:TheBestDefense","hubris:InfiniteBlow+121","infinitespire:DeathsTouch"],"picked":"Singing Bowl","floor":47},{"not_picked":["StuffTheSpire:TitanForm","CrushJoints","Clash+1"],"picked":"Singing Bowl","floor":47},{"not_picked":["Flame Barrier+1","Headbutt","True Grit"],"picked":"Singing Bowl","floor":48},{"not_picked":["Fiend Fire","conspire:Charge","Dual Wield"],"picked":"Singing Bowl","floor":54},{"not_picked":["Barricade","Eclipse","Bludgeon"],"picked":"Singing Bowl","floor":55}],"player_experience":1734738,"relics_obtained":[{"floor":6,"key":"Pear"},{"floor":9,"key":"BrokenLever"},{"floor":12,"key":"Replay:Multitool"},{"floor":14,"key":"MawBank"},{"floor":24,"key":"sneckomod:BlankCard"},{"floor":29,"key":"Bottled Flame"},{"floor":29,"key":"Omamori"},{"floor":30,"key":"hubris:SphereOfDissonance"},{"floor":30,"key":"StuffTheSpire:Gunfinga"},{"floor":31,"key":"Torii"},{"floor":31,"key":"Replay:WaspNest"},{"floor":42,"key":"Mango"},{"floor":42,"key":"StuffTheSpire:EmeraldSignet"},{"floor":43,"key":"Replay:Bottled Eggs"},{"floor":45,"key":"aspiration:FrozenJewel"},{"floor":45,"key":"Singing Bowl"},{"floor":46,"key":"halation:PrussianBluePaint"},{"floor":47,"key":"aspiration:AnachronicSnailShell"},{"floor":47,"key":"Replay:Baseball"},{"floor":48,"key":"hubris:Metronome"},{"floor":48,"key":"Shuriken"},{"floor":54,"key":"StuffTheSpire:ForceGauntlet"},{"floor":54,"key":"halation:PromiseList"}],"event_choices":[{"damage_healed":0,"gold_gain":0,"player_choice":"Donut","damage_taken":0,"max_hp_gain":5,"max_hp_loss":0,"event_name":"Big Fish","floor":11,"gold_loss":0},{"damage_healed":0,"gold_gain":0,"player_choice":"Copied","damage_taken":0,"max_hp_gain":0,"max_hp_loss":0,"event_name":"Duplicator","floor":20,"gold_loss":0,"cards_obtained":["Heavy Blade"]},{"damage_healed":0,"gold_gain":0,"cards_transformed":["Strike_R"],"player_choice":"Transformed","damage_taken":0,"max_hp_gain":0,"max_hp_loss":0,"event_name":"Transmorgrifier","floor":38,"gold_loss":0,"cards_obtained":["Limit Break"]}],"is_beta":false,"boss_relics":[{"not_picked":["StuffTheSpire:RunicConfusion","Mark of Pain"],"picked":"aspiration:RitualDagger"},{"not_picked":["conspire:SeveredTorchhead","vexMod:DeviousBotling"],"picked":"energizedSpire:MagnifyingGlass"}],"items_purged_floors":[22,28,37,39,53],"is_endless":true,"potions_floor_spawned":[2,5,6,12,16,18,19,31,35,42],"ascension_level":5}}