{"host":"6e4d2nejd5141r00","time":1608276000,"event":{"mods":["Act Like it!","BaseMod","Better Synergies","Better Third Choice","BetterRewards","CapriCore","Colored Map","Colored Powertips","Downfall","GifTheSpireLib","Infinite Spire","Minty Spire (QoL Compilation)","Replay The Spire","StSLib"],"gold_per_floor":[99,199,199,199,199,233,288,288,213,242,292,277,277,277,294,393,393,318,318,318],"floor_reached":19,"playtime":855,"items_purged":[],"score":192,"play_id":"179cedfc-7bea-4c7e-b03d-03590645c041","local_time":"20201218082000","is_ascension_mode":false,"campfire_choices":[{"floor":1,"key":"RECALL"},{"data":"champ:Devastate","floor":9,"key":"SMITH"},{"data":"champ:DefensiveStyle","floor":18,"key":"SMITH"}],"circlet_count":0,"master_deck":["champ:Strike","champ:Strike","champ:Strike","champ:Strike","champ:Defend","champ:Defend","champ:Defend","champ:Defend","champ:Execute","champ:Taunt","champ:Backstep","Amplify+1","champ:Devastate+1","champ:DefensiveStyle+1","champ:GutPunch","champ:DefensiveShout+1","Parasite","champ:Backstep","champ:Circumvent","Pain","champ:StrikeOfGenius+1"],"relics":["champ:ChampionCrown","downfall:HeartsMalice","Blood Vial","infinitespire:Lucky Rock","Tiny Chest","downfall:HeartBlessingRed","MealTicket","Ring of Greed","Ring of Misfortune","Blue Doll","Golden Egg","SacredBark","downfall:HeartBlessingGreen"],"acts_visited":["Exordium","TheCity"],"potions_floor_usage":[19],"damage_taken":[{"damage":0,"enemies":"2 Louse","floor":3,"turns":1},{"damage":0,"enemies":"3 Sentries","floor":6,"turns":1},{"damage":0,"enemies":"Small Slimes","floor":8,"turns":1},{"damage":46,"enemies":"Gremlin Nob","floor":10,"turns":6},{"damage":15,"enemies":"downfall:FleeingMerchant","floor":12,"turns":4},{"damage":0,"enemies":"Cultist","floor":14,"turns":1},{"damage":17,"enemies":"Exordium Thugs","floor":15,"turns":5},{"damage":51,"enemies":"downfall:Silent","floor":16,"turns":10},{"damage":55,"enemies":"Gremlin Leader","floor":19,"turns":15}],"seed_played":"4784568596657141106","potions_obtained":[{"floor":10,"key":"Reflective Coating"},{"floor":15,"key":"Milkshake"},{"floor":16,"key":"ColorlessPotion"}],"is_trial":false,"path_per_floor":["R","?","M","?","?","E","T","M","R","E","?","$","?","M","M","B",null,"R","E"],"character_chosen":"THE_CHAMP","items_purchased":[],"campfire_rested":0,"item_purchase_floors":[],"current_hp_per_floor":[90,90,90,90,78,80,80,82,82,38,38,50,72,74,74,51,90,90,38,38],"gold":318,"neow_bonus":"THREE_ENEMY_KILL","is_daily":false,"chose_seed":false,"campfire_upgraded":2,"win_rate":0.0,"timestamp":1608276000,"path_taken":["R","?","M","?","?","E","T","M","R","E","?","$","?","M","M","BOSS","R","E"],"items_purchased_type":[],"build_version":"2020-12-13","purchased_purges":0,"victory":false,"max_hp_per_floor":[90,90,90,90,90,90,90,90,90,90,90,90,90,90,90,90,90,90,90,90],"card_choices":[{"not_picked":["champ:FlashCut","champ:GutPunch"],"picked":"champ:Backstep","floor":3},{"not_picked":["champ:FightOn","champ:BerserkersShout"],"picked":"champ:Devastate","floor":6},{"not_picked":["champ:Aggression","champ:GladiatorsShout"],"picked":"champ:DefensiveStyle","floor":8},{"not_picked":["champ:IronFortress","champ:Haymaker"],"picked":"champ:GutPunch","floor":10},{"not_picked":["champ:BladeFlurry","champ:FanOfKnives"],"picked":"champ:DefensiveShout","floor":12},{"not_picked":["champ:Haymaker","champ:PerfectedStrike"],"picked":"champ:Backstep","floor":14},{"not_picked":["champ:IronFortress","champ:EnragedBash"],"picked":"champ:Circumvent","floor":15},{"not_picked":["champ:ShieldThrow","champ:MurderStrike"],"picked":"champ:StrikeOfGenius","floor":16}],"player_experience":114201,"relics_obtained":[{"floor":6,"key":"infinitespire:Lucky Rock"},{"floor":7,"key":"Tiny Chest"},{"floor":10,"key":"MealTicket"},{"floor":11,"key":"Ring of Greed"},{"floor":11,"key":"Ring of Misfortune"},{"floor":11,"key":"Blue Doll"},{"floor":11,"key":"Golden Egg"}],"event_choices":[{"damage_healed":22,"gold_gain":0,"player_choice":"Healed and dodged fight","damage_taken":0,"max_hp_gain":0,"max_hp_loss":0,"event_name":"Mushrooms","floor":13,"gold_loss":0,"cards_obtained":["Parasite"]}],"is_beta":false,"boss_relics":[{"not_picked":["Replay:Bronze Core","Empty Cage"],"picked":"SacredBark"}],"items_purged_floors":[],"is_endless":false,"potions_floor_spawned":[10,15,16],"killed_by":"Gremlin Leader","ascension_level":0}}