{"host":"61r95uy0hn86b9iu","time":1608260219,"event":{"mods":["AchievementEnabler","BaseMod","Better Vampires","BetterRewards","Colored Powertips","Hubris","Minty Spire (QoL Compilation)","Shop Mod","StSLib"],"gold_per_floor":[110,110,110,80,99,99,133,133,180,140,64,64,99,113,113,113,113],"floor_reached":16,"playtime":375,"items_purged":["Strike_G"],"score":344,"play_id":"b6e616f1-0e0b-470d-98e0-b9de02d2b777","local_time":"20201217205659","is_ascension_mode":true,"campfire_choices":[{"data":"Neutralize","floor":6.0,"key":"SMITH"},{"floor":8.0,"key":"REST"},{"floor":15.0,"key":"REST"}],"circlet_count":0,"master_deck":["AscendersBane","Strike_G","Strike_G","Strike_G","Strike_G","Defend_G","Defend_G","Defend_G","Defend_G","Defend_G","Survivor","Neutralize+1","Caltrops","Flechettes","Dagger Throw","Injury","Footwork","Heel Hook","Corpse Explosion","Bullet Time","Crippling Poison"],"relics":["Ring of the Snake","Ginger","Golden Idol","Anchor","hubris:OldNail","Ninja Scroll","Letter Opener"],"acts_visited":["Exordium"],"potions_floor_usage":[],"damage_taken":[{"damage":0.0,"enemies":"2 Louse","floor":1.0,"turns":3.0},{"damage":4.0,"enemies":"Small Slimes","floor":5.0,"turns":4.0},{"damage":36.0,"enemies":"Gremlin Nob","floor":7.0,"turns":5.0},{"damage":0.0,"enemies":"3 Sentries","floor":13.0,"turns":3.0},{"damage":1.0,"enemies":"Cultist","floor":14.0,"turns":4.0},{"damage":52,"enemies":"Slime Boss","floor":16,"turns":8}],"seed_played":"8791582414632762661","potions_obtained":[{"floor":4.0,"key":"Ancient Potion"},{"floor":4.0,"key":"Strength Potion"}],"is_trial":false,"path_per_floor":["M","$","?","?","M","R","E","R","T","?","$","T","E","M","R","B"],"character_chosen":"THE_SILENT","items_purchased":["Ginger","Caltrops","Flechettes","Corpse Explosion"],"campfire_rested":2,"item_purchase_floors":[0,0,0,11],"current_hp_per_floor":[52,52,52,52,48,48,12,31,31,31,31,31,31,30,49,0,0],"gold":113,"neow_bonus":"","is_daily":false,"chose_seed":false,"campfire_upgraded":1,"win_rate":0.0,"timestamp":1608260219,"path_taken":["M","$","?","?","?","R","E","R","T","?","$","?","E","M","R","BOSS"],"items_purchased_type":["Relic","Card","Card","Card"],"build_version":"2020-12-13","purchased_purges":1,"victory":false,"max_hp_per_floor":[66,66,66,66,66,66,66,66,66,66,66,66,66,66,66,66,66],"card_choices":[{"not_picked":["Deflect","hubris:Counter"],"picked":"Dagger Throw","floor":1.0},{"not_picked":["Acrobatics","Dagger Throw"],"picked":"Footwork","floor":5.0},{"not_picked":["Prepared","Eviscerate"],"picked":"Heel Hook","floor":7.0},{"not_picked":["Setup","Finisher"],"picked":"Bullet Time","floor":13.0},{"not_picked":["Concentrate","Cloak And Dagger"],"picked":"Crippling Poison","floor":14.0}],"player_experience":3149856,"relics_obtained":[{"floor":7.0,"key":"Anchor"},{"floor":9.0,"key":"hubris:OldNail"},{"floor":12.0,"key":"Ninja Scroll"},{"floor":13.0,"key":"Letter Opener"}],"event_choices":[{"damage_healed":0.0,"max_hp_gain":0.0,"max_hp_loss":0.0,"gold_gain":0.0,"event_name":"Golden Idol","player_choice":"Take Wound","floor":3.0,"gold_loss":0.0,"damage_taken":0.0,"relics_obtained":["Golden Idol"],"cards_obtained":["Injury"]},{"damage_healed":0.0,"max_hp_gain":0.0,"max_hp_loss":0.0,"gold_gain":0.0,"event_name":"The Woman in Blue","player_choice":"Bought 2 Potions","floor":4.0,"gold_loss":0.0,"damage_taken":0.0},{"damage_healed":0.0,"max_hp_gain":0.0,"max_hp_loss":0.0,"gold_gain":0.0,"event_name":"World of Goop","player_choice":"Left Gold","floor":10.0,"gold_loss":40.0,"damage_taken":0.0}],"is_beta":false,"boss_relics":[],"items_purged_floors":[0],"is_endless":false,"potions_floor_spawned":[5],"killed_by":"Slime Boss","ascension_level":18}}