{"host":"no0bdlpxzp7bzzks","time":1608267298,"event":{"mods":["BaseMod","Better Match","Block Reminder","Colored Map","Curses Come First","DeckTracker","Downfall","Duelist Mod","Filter the Spire","Highlight Path","Jorbs\u0027s Wanderer Trilogy","Key Reminder","Mad Scientist","Minty Spire (QoL Compilation)","Permanent Neow","Relic Sorter","Relic Stats","StSLib","The Construct"],"gold_per_floor":[16,16,27,47,47,77,77,96,96,114,189,33,33,44,44,145,145,157,170,170,95,95,95],"floor_reached":22,"playtime":2388,"items_purged":["MadScienceMod:Strike_MadScience"],"score":236,"play_id":"15f18780-cd87-48bd-96e1-a6809d8c785a","local_time":"20201217225458","is_ascension_mode":false,"campfire_choices":[{"data":"MadScienceMod:AutoStrike","floor":7.0,"key":"SMITH"},{"data":"MadScienceMod:CloneVats","floor":15.0,"key":"SMITH"}],"circlet_count":0,"master_deck":["MadScienceMod:Strike_MadScience","MadScienceMod:Strike_MadScience","MadScienceMod:Strike_MadScience","MadScienceMod:Defend_MadScience","MadScienceMod:Defend_MadScience","MadScienceMod:Defend_MadScience+1","MadScienceMod:Defend_MadScience","MadScienceMod:PoweredStrike","MadScienceMod:HideBehindJunk+1","MadScienceMod:AutoStrike+1","MadScienceMod:OilDrum","MadScienceMod:PowerArmor","MadScienceMod:Tune+1","MadScienceMod:EnergyBarrier+1","MadScienceMod:Sprocket+1","MadScienceMod:Refuel+1","MadScienceMod:CloneVats+1","MadScienceMod:ExploreOptions+1","MadScienceMod:GattlingGun","MadScienceMod:RadioactiveSword","MadScienceMod:RecyclingStation","MadScienceMod:Automate+1","MadScienceMod:PowerArmor","Necronomicurse"],"relics":["MadScienceMod:FuelTank","Peace Pipe","Blood Vial","Toxic Egg 2","keyreminder:keyreminder","Orrery","Meat on the Bone","construct:ClawGrip","Necronomicon"],"acts_visited":["Exordium","TheCity"],"potions_floor_usage":[16,16,16,22],"damage_taken":[{"damage":0.0,"enemies":"Jaw Worm","floor":1.0,"turns":7.0},{"damage":1.0,"enemies":"Cultist","floor":3.0,"turns":3.0},{"damage":1.0,"enemies":"2 Louse","floor":4.0,"turns":3.0},{"damage":48.0,"enemies":"Gremlin Nob","floor":6.0,"turns":5.0},{"damage":2.0,"enemies":"Looter","floor":8.0,"turns":4.0},{"damage":1.0,"enemies":"Exordium Thugs","floor":10.0,"turns":9.0},{"damage":0.0,"enemies":"2 Fungi Beasts","floor":14.0,"turns":6.0},{"damage":0,"enemies":"The Guardian","floor":16,"turns":11},{"damage":0,"enemies":"Chosen","floor":18,"turns":3},{"damage":3,"enemies":"Shell Parasite","floor":19,"turns":6},{"damage":63,"enemies":"Chosen and Byrds","floor":22,"turns":14}],"seed_played":"-8138985494021386918","potions_obtained":[{"floor":1.0,"key":"construct:ShiftPotion"},{"floor":6.0,"key":"BlessingOfTheForge"},{"floor":8.0,"key":"LiquidMemories"},{"floor":14.0,"key":"DistilledChaos"},{"floor":16,"key":"champ:CounterPotion"},{"floor":19,"key":"champ:CounterPotion"}],"is_trial":false,"path_per_floor":["M","?","M","M","?","E","R","M","T","M","?","$","T","M","R","B",null,"M","M","?","$","M"],"character_chosen":"MAD_SCIENTIST","items_purchased":["Orrery"],"campfire_rested":0,"item_purchase_floors":[12],"current_hp_per_floor":[75,75,74,74,59,13,13,13,13,14,3,3,3,17,17,31,75,75,72,56,56,0,0],"gold":95,"neow_bonus":"ONE_RARE_RELIC","is_daily":false,"chose_seed":false,"campfire_upgraded":2,"win_rate":0.0,"timestamp":1608267298,"path_taken":["M","?","M","?","?","E","R","M","T","M","?","$","?","M","R","BOSS","M","M","?","$","M"],"items_purchased_type":["Relic"],"build_version":"2020-12-13","purchased_purges":1,"victory":false,"max_hp_per_floor":[75,75,75,75,75,75,75,75,75,75,75,75,75,75,75,75,75,75,75,75,75,75,75],"relic_stats":{"Peace Pipe":0,"Blood Vial":13,"counters":[11,71],"Necronomicon":[0],"obtain_stats":[{"MadScienceMod:FuelTank":0,"Peace Pipe":0,"Blood Vial":2,"keyreminder:keyreminder":9,"construct:ClawGrip":17,"Orrery":12,"Necronomicon":20,"Toxic Egg 2":6,"Meat on the Bone":13},{"MadScienceMod:FuelTank":0,"Peace Pipe":0,"Blood Vial":1,"keyreminder:keyreminder":5,"construct:ClawGrip":8,"Orrery":6,"Necronomicon":10,"Toxic Egg 2":4,"Meat on the Bone":6},{"MadScienceMod:FuelTank":0,"Peace Pipe":0,"Blood Vial":7,"keyreminder:keyreminder":22,"construct:ClawGrip":48,"Orrery":31,"Necronomicon":57,"Toxic Egg 2":18,"Meat on the Bone":31}],"Meat on the Bone":24},"card_choices":[{"not_picked":["MadScienceMod:PowerArmor","MadScienceMod:FlexibleSpear"],"picked":"MadScienceMod:AutoStrike","floor":1.0},{"not_picked":["MadScienceMod:FumeBlast","MadScienceMod:FragmentationGrenade"],"picked":"MadScienceMod:OilDrum","floor":3.0},{"not_picked":["MadScienceMod:Sprocket","MadScienceMod:FlameCannon"],"picked":"MadScienceMod:PowerArmor","floor":4.0},{"not_picked":["MadScienceMod:FumeBlast","MadScienceMod:FlameCannon"],"picked":"MadScienceMod:Tune+1","floor":6.0},{"not_picked":["MadScienceMod:ExploreOptions+1","MadScienceMod:OmniHammer"],"picked":"MadScienceMod:EnergyBarrier+1","floor":8.0},{"not_picked":["MadScienceMod:AntimatterBomb+1","MadScienceMod:RadioactiveSword"],"picked":"MadScienceMod:Sprocket+1","floor":10.0},{"not_picked":["MadScienceMod:FumeBlast","MadScienceMod:ExploreOptions+1"],"picked":"MadScienceMod:Refuel+1","floor":12.0},{"not_picked":["MadScienceMod:LightOnFire","MadScienceMod:Retarget+1"],"picked":"MadScienceMod:CloneVats","floor":12.0},{"not_picked":["MadScienceMod:RadioactiveSword","MadScienceMod:AcidSpray"],"picked":"MadScienceMod:ExploreOptions+1","floor":12.0},{"not_picked":["MadScienceMod:Sprocket+1","MadScienceMod:AcidSpray"],"picked":"MadScienceMod:GattlingGun","floor":12.0},{"not_picked":["MadScienceMod:ParticleBeam","MadScienceMod:LightOnFire"],"picked":"MadScienceMod:RadioactiveSword","floor":12.0},{"not_picked":["MadScienceMod:Bombardment+1","MadScienceMod:Strafe"],"picked":"MadScienceMod:RecyclingStation","floor":14.0},{"not_picked":["MadScienceMod:ClockworkAssistant","MadScienceMod:Postpone+1"],"picked":"MadScienceMod:Automate+1","floor":16},{"not_picked":["MadScienceMod:FragmentationGrenade+1","MadScienceMod:MechanicalClaw"],"picked":"MadScienceMod:PowerArmor","floor":18},{"not_picked":["MadScienceMod:Detonate+1","MadScienceMod:FragmentationGrenade+1","MadScienceMod:MechanicalClaw"],"picked":"SKIP","floor":19}],"player_experience":141313,"relics_obtained":[{"floor":6.0,"key":"Toxic Egg 2"},{"floor":13.0,"key":"Meat on the Bone"},{"floor":20,"key":"Necronomicon"}],"event_choices":[{"damage_healed":0.0,"max_hp_gain":0.0,"max_hp_loss":0.0,"gold_gain":0.0,"event_name":"WeMeetAgain","player_choice":"Gave Potion","floor":2.0,"gold_loss":0.0,"damage_taken":0.0,"relics_obtained":["Blood Vial"]},{"damage_healed":0.0,"max_hp_gain":0.0,"max_hp_loss":0.0,"gold_gain":0.0,"event_name":"Shining Light","player_choice":"Entered Light","floor":5.0,"gold_loss":0.0,"damage_taken":15.0,"cards_upgraded":["MadScienceMod:Defend_MadScience","MadScienceMod:HideBehindJunk"]},{"damage_healed":0.0,"max_hp_gain":0.0,"max_hp_loss":0.0,"gold_gain":75.0,"event_name":"World of Goop","player_choice":"Gather Gold","floor":11.0,"gold_loss":0.0,"damage_taken":11.0},{"damage_healed":0,"gold_gain":0,"player_choice":"Obtained Book","damage_taken":16,"max_hp_gain":0,"max_hp_loss":0,"event_name":"Cursed Tome","floor":20,"gold_loss":0}],"is_beta":false,"boss_relics":[{"not_picked":["Cursed Key","Tiny House"],"picked":"construct:ClawGrip"}],"items_purged_floors":[21],"is_endless":false,"potions_floor_spawned":[1,6,8,14,16,19],"killed_by":"Chosen and Byrds","ascension_level":0}}