{"host":"epo9t9qajflxsfbx","time":1608262810,"event":{"mods":["Act Like it!","BaseMod","Better Altar","Better Match","Better Note","Better Sensory Stone","Better Skull","Better Third Choice","Better Vampires","BetterRewards","Clockwork Mod","Defuse TimeMaze Blight","Displayed Cursed Tome","Elementarium","Hermit","Highlight Path","Hubris","Infinite Spire","Minty Spire (QoL Compilation)","Quick Restart","Relic Stats","Replay The Spire","Shade Mod","Shop Mod","Somnambulant","StSLib","The Bladedancer","The Cursed","The Hierophant","The Jungle","The Servant 0.9.4","everything is the same but u backflip on backflip"],"gold_per_floor":[119,25,43,6,24,43,43,43],"floor_reached":7,"playtime":339,"items_purged":[],"score":43,"play_id":"5682b7e4-6a9f-4811-a2ae-e37722e51635","local_time":"20201217194010","daily_mods":["Heirloom","DeadlyEvents"],"is_ascension_mode":false,"campfire_choices":[],"circlet_count":0,"master_deck":["blademaster:Strike","blademaster:Strike","blademaster:Strike","blademaster:Strike","blademaster:Defend","blademaster:Defend","blademaster:Defend","blademaster:Defend","blademaster:RagingBlow","blademaster:HighVoltage","blademaster:AspectOfWind","blademaster:DragonStrike","blademaster:Flurry","blademaster:DragonStrike","blademaster:DeadlyDance","blademaster:OneTrickPony","blademaster:DaggerAndCloak"],"relics":["blademaster:DancersAmulet","Ring of Chaos","Replay:PocketPolymizer"],"acts_visited":["Exordium"],"potions_floor_usage":[],"damage_taken":[{"damage":0,"enemies":"Cultist","floor":1,"turns":3},{"damage":0,"enemies":"Jaw Worm","floor":3,"turns":2},{"damage":2,"enemies":"2 Louse","floor":5,"turns":4},{"damage":0,"enemies":"Looter","floor":6,"turns":2},{"damage":85,"enemies":"Gremlin Nob","floor":7,"turns":5}],"seed_played":"-478172909521672960","potions_obtained":[{"floor":3,"key":"Elixir"}],"is_trial":true,"path_per_floor":["M","$","M","$","M","M","E"],"character_chosen":"THE_BLADEMASTER","items_purchased":["blademaster:DragonStrike","blademaster:Flurry","blademaster:DeadlyDance"],"campfire_rested":0,"item_purchase_floors":[2,2,4],"current_hp_per_floor":[75,75,75,75,73,73,0,0],"gold":43,"neow_bonus":"","is_daily":false,"chose_seed":false,"campfire_upgraded":0,"win_rate":0.0,"timestamp":1608262810,"path_taken":["M","$","?","$","M","M","E"],"items_purchased_type":["Card","Card","Card"],"build_version":"2020-12-13","purchased_purges":0,"victory":false,"max_hp_per_floor":[75,75,75,75,75,75,75,75],"relic_stats":{"counters":[5,16],"obtain_stats":[{"Replay:PocketPolymizer":0,"Ring of Chaos":0,"blademaster:DancersAmulet":0},{"Replay:PocketPolymizer":0,"Ring of Chaos":0,"blademaster:DancersAmulet":0},{"Replay:PocketPolymizer":0,"Ring of Chaos":0,"blademaster:DancersAmulet":0}]},"card_choices":[{"not_picked":["blademaster:AirSlash","blademaster:EyeOfTheTornado"],"picked":"blademaster:AspectOfWind","floor":1},{"not_picked":["blademaster:Vortex","blademaster:SlyStabs"],"picked":"blademaster:DragonStrike","floor":3},{"not_picked":["blademaster:Thrust","blademaster:BladeMastery"],"picked":"blademaster:OneTrickPony","floor":5},{"not_picked":["blademaster:Quickstep","blademaster:BladeMastery"],"picked":"blademaster:DaggerAndCloak","floor":6}],"player_experience":264078,"relics_obtained":[],"event_choices":[],"is_beta":false,"boss_relics":[],"items_purged_floors":[],"is_endless":false,"potions_floor_spawned":[3],"killed_by":"Gremlin Nob","ascension_level":0}}