{"host":"z7h0k8blg7jrnodm","time":1608333418,"event":{"mods":["BaseMod","Challenge The Spire","Colored Map","Colored Powertips","Custom Start","Key Reminder","Minty Spire (QoL Compilation)","Quick Restart","Random Character Button","Relic Stats","StSLib","SuperFastMode","Unceasing Turn Reminder"],"gold_per_floor":[364,382,396,149,149,149,177,177,177,188,263,276,276,291,291,362,362,373,373,389,405,405,405,405,405],"floor_reached":24,"playtime":605,"items_purged":["Strike_G"],"score":396,"play_id":"8cb70fe0-42d0-4388-9ba9-e886b89a8647","local_time":"20201219011658","is_ascension_mode":true,"campfire_choices":[{"data":"Deadly Poison","floor":6,"key":"SMITH"},{"floor":8,"key":"REST"},{"data":"Sucker Punch","floor":15,"key":"SMITH"},{"data":"Predator","floor":23,"key":"SMITH"}],"circlet_count":0,"master_deck":["AscendersBane","Strike_G+1","Strike_G+1","Strike_G+1","Defend_G+1","Defend_G+1","Defend_G+1","Defend_G+1","Defend_G+1","Survivor","Neutralize","Deadly Poison+1","Slice","Quick Slash","PiercingWail","Sucker Punch+1","PiercingWail","Cloak And Dagger","After Image","Predator+1","Leg Sweep","Backflip","Dagger Spray"],"relics":["Ring of the Snake","Medical Kit","Blue Candle","FossilizedHelix","Philosopher\u0027s Stone"],"acts_visited":["Exordium","TheCity"],"potions_floor_usage":[7,16,18,20],"damage_taken":[{"damage":6,"enemies":"Cultist","floor":1,"turns":6},{"damage":0,"enemies":"2 Louse","floor":2,"turns":3},{"damage":2,"enemies":"Small Slimes","floor":3,"turns":4},{"damage":34,"enemies":"3 Sentries","floor":7,"turns":12},{"damage":0,"enemies":"2 Fungi Beasts","floor":10,"turns":3},{"damage":0,"enemies":"Looter","floor":12,"turns":3},{"damage":0,"enemies":"Blue Slaver","floor":14,"turns":4},{"damage":12,"enemies":"Hexaghost","floor":16,"turns":11},{"damage":0,"enemies":"Shell Parasite","floor":18,"turns":6},{"damage":0,"enemies":"Chosen","floor":20,"turns":4},{"damage":0,"enemies":"Snecko","floor":21,"turns":7},{"damage":48,"enemies":"Book of Stabbing","floor":24,"turns":7}],"seed_played":"2780267539789335910","potions_obtained":[{"floor":1,"key":"ColorlessPotion"},{"floor":10,"key":"Swift Potion"},{"floor":12,"key":"DuplicationPotion"},{"floor":16,"key":"LiquidMemories"}],"is_trial":false,"path_per_floor":["M","M","M","$","?","R","E","R","T","M","?","M","?","M","R","B",null,"M","?","M","M","?","R","E"],"character_chosen":"THE_SILENT","items_purchased":["Medical Kit"],"campfire_rested":1,"item_purchase_floors":[4],"current_hp_per_floor":[53,53,51,51,44,44,10,28,28,28,17,17,17,17,17,5,46,46,46,46,46,46,46,0,0],"gold":405,"neow_bonus":"TWO_FIFTY_GOLD","is_daily":false,"chose_seed":false,"campfire_upgraded":3,"win_rate":0.0,"timestamp":1608333418,"path_taken":["M","M","M","$","?","R","E","R","T","M","?","M","?","M","R","BOSS","M","?","M","M","?","R","E"],"items_purchased_type":["Relic"],"build_version":"2020-12-13","purchased_purges":1,"victory":false,"max_hp_per_floor":[60,60,60,60,60,60,60,60,60,60,60,60,60,60,60,60,60,60,60,60,60,60,60,60,60],"relic_stats":{"counters":[12,70],"Blue Candle":[0],"Medical Kit":[6],"obtain_stats":[{"Blue Candle":7,"Philosopher\u0027s Stone":17,"Medical Kit":4,"FossilizedHelix":9,"Ring of the Snake":0},{"Blue Candle":4,"Philosopher\u0027s Stone":8,"Medical Kit":3,"FossilizedHelix":4,"Ring of the Snake":0},{"Blue Candle":25,"Philosopher\u0027s Stone":46,"Medical Kit":13,"FossilizedHelix":25,"Ring of the Snake":0}],"Ring of the Snake":[24]},"card_choices":[{"not_picked":["Bane","Dodge and Roll"],"picked":"Deadly Poison","floor":1},{"not_picked":["Accuracy","Underhanded Strike"],"picked":"Slice","floor":2},{"not_picked":["Slice","Endless Agony"],"picked":"Quick Slash","floor":3},{"not_picked":["Sucker Punch","Reflex"],"picked":"PiercingWail","floor":7},{"not_picked":["Acrobatics","Calculated Gamble"],"picked":"Sucker Punch","floor":10},{"not_picked":["Deflect","Prepared"],"picked":"PiercingWail","floor":12},{"not_picked":["Bullet Time","All Out Attack"],"picked":"Cloak And Dagger","floor":14},{"not_picked":["Doppelganger","Die Die Die"],"picked":"After Image","floor":16},{"not_picked":["Concentrate","Underhanded Strike+1"],"picked":"Predator","floor":18},{"not_picked":["PiercingWail","Underhanded Strike"],"picked":"Backflip","floor":20},{"not_picked":["Bane","Quick Slash"],"picked":"Dagger Spray","floor":21}],"player_experience":279019,"relics_obtained":[{"floor":7,"key":"Blue Candle"},{"floor":9,"key":"FossilizedHelix"}],"event_choices":[{"cards_removed":["Strike_G"],"damage_healed":0,"gold_gain":0,"player_choice":"Card Removal","damage_taken":7,"max_hp_gain":0,"max_hp_loss":0,"event_name":"Golden Wing","floor":5,"gold_loss":0},{"damage_healed":0,"gold_gain":75,"player_choice":"Gather Gold","damage_taken":11,"max_hp_gain":0,"max_hp_loss":0,"event_name":"World of Goop","floor":11,"gold_loss":0},{"damage_healed":0,"gold_gain":0,"player_choice":"Ignored","damage_taken":0,"max_hp_gain":0,"max_hp_loss":0,"event_name":"Shining Light","floor":13,"gold_loss":0},{"damage_healed":0,"gold_gain":0,"player_choice":"Read","damage_taken":0,"max_hp_gain":0,"max_hp_loss":0,"event_name":"The Library","floor":19,"gold_loss":0,"cards_obtained":["Leg Sweep"]},{"damage_healed":0,"gold_gain":0,"player_choice":"Simplicity","damage_taken":0,"max_hp_gain":0,"max_hp_loss":0,"event_name":"Back to Basics","floor":22,"gold_loss":0,"cards_upgraded":["Strike_G","Strike_G","Strike_G","Defend_G","Defend_G","Defend_G","Defend_G","Defend_G"]}],"is_beta":false,"boss_relics":[{"not_picked":["Busted Crown","Astrolabe"],"picked":"Philosopher\u0027s Stone"}],"items_purged_floors":[4],"is_endless":false,"potions_floor_spawned":[1,10,12,16],"killed_by":"Book of Stabbing","ascension_level":20}}