{"host":"12piqfhmdln9x2la","time":1608313119,"event":{"mods":["2.2 Compatiblity","AchievementEnabler","BaseMod","BetterRewards","Colored Powertips","Minty Spire (QoL Compilation)","Quick Restart","SuperFastMode"],"gold_per_floor":[116,130,130,140,160,190,190,215,215,215,239,254,254,254],"floor_reached":13,"playtime":349,"items_purged":[],"score":95,"play_id":"0e9bd988-063e-4382-bf3d-a51486112738","local_time":"20201219023839","is_ascension_mode":false,"campfire_choices":[{"data":"Noxious Fumes","floor":10,"key":"SMITH"}],"circlet_count":0,"master_deck":["Strike_G","Strike_G","Strike_G","Strike_G","Strike_G","Defend_G","Defend_G","Defend_G","Defend_G","Defend_G","Survivor","Neutralize","Expertise","Crippling Poison+1","Prepared","Noxious Fumes+1","Backflip","PiercingWail","Poisoned Stab","Deadly Poison"],"relics":["Ring of the Snake","The Specimen","FossilizedHelix","Singing Bowl","Pantograph","Eternal Feather","Odd Mushroom"],"acts_visited":["Exordium"],"potions_floor_usage":[8,13],"damage_taken":[{"damage":3,"enemies":"Jaw Worm","floor":1,"turns":4},{"damage":7,"enemies":"2 Louse","floor":2,"turns":3},{"damage":0,"enemies":"Small Slimes","floor":4,"turns":2},{"damage":3,"enemies":"2 Fungi Beasts","floor":5,"turns":3},{"damage":34,"enemies":"3 Sentries","floor":6,"turns":8},{"damage":10,"enemies":"Gremlin Nob","floor":8,"turns":5},{"damage":3,"enemies":"The Mushroom Lair","floor":11,"turns":3},{"damage":0,"enemies":"Blue Slaver","floor":12,"turns":4},{"damage":18,"enemies":"Lagavulin","floor":13,"turns":5}],"seed_played":"-5168388522919581780","potions_obtained":[{"floor":2,"key":"SteroidPotion"},{"floor":8,"key":"BlessingOfTheForge"},{"floor":12,"key":"AttackPotion"}],"is_trial":false,"path_per_floor":["M","M","?","M","M","E","?","E","T","R","?","M","E"],"character_chosen":"THE_SILENT","items_purchased":[],"campfire_rested":0,"item_purchase_floors":[],"current_hp_per_floor":[60,53,53,53,50,16,13,3,3,12,9,9,0,0],"gold":254,"neow_bonus":"ONE_RARE_RELIC","is_daily":false,"chose_seed":false,"campfire_upgraded":1,"win_rate":0.0,"timestamp":1608313119,"path_taken":["M","M","?","M","M","E","?","E","T","R","?","M","E"],"items_purchased_type":[],"build_version":"2020-12-13","purchased_purges":0,"victory":false,"max_hp_per_floor":[63,63,63,63,63,63,63,63,63,63,63,63,63,63],"card_choices":[{"not_picked":["Blade Dance","Heel Hook"],"picked":"Expertise","floor":1},{"not_picked":["Endless Agony","Flying Knee"],"picked":"Crippling Poison","floor":2},{"not_picked":["Flying Knee","Riddle With Holes"],"picked":"Prepared","floor":4},{"not_picked":["Masterful Stab","Cloak And Dagger"],"picked":"Noxious Fumes","floor":5},{"not_picked":["Infinite Blades","Glass Knife"],"picked":"Backflip","floor":6},{"not_picked":["Slice","Masterful Stab"],"picked":"PiercingWail","floor":8},{"not_picked":["Riddle With Holes","Quick Slash"],"picked":"Poisoned Stab","floor":11},{"not_picked":["Quick Slash","Poisoned Stab"],"picked":"Deadly Poison","floor":12}],"player_experience":94737,"relics_obtained":[{"floor":6,"key":"FossilizedHelix"},{"floor":8,"key":"Pantograph"},{"floor":9,"key":"Eternal Feather"},{"floor":11,"key":"Odd Mushroom"}],"event_choices":[{"damage_healed":0,"gold_gain":0,"player_choice":"Grow","damage_taken":0,"max_hp_gain":0,"max_hp_loss":0,"event_name":"Living Wall","floor":3,"gold_loss":0,"cards_upgraded":["Crippling Poison"]},{"damage_healed":0,"gold_gain":0,"player_choice":"Success","damage_taken":3,"relics_obtained":["Singing Bowl"],"max_hp_gain":0,"max_hp_loss":0,"event_name":"Scrap Ooze","floor":7,"gold_loss":0},{"damage_healed":0,"gold_gain":0,"player_choice":"Fought Mushrooms","damage_taken":0,"max_hp_gain":0,"max_hp_loss":0,"event_name":"Mushrooms","floor":11,"gold_loss":0}],"is_beta":false,"boss_relics":[],"items_purged_floors":[],"is_endless":false,"potions_floor_spawned":[2,8,12],"killed_by":"Lagavulin","ascension_level":0}}