{"host":"4lebci84u2l5u89t","time":1608335017,"event":{"mods":["AchievementEnabler","Aspiration","Bard","BaseMod","Beaked The Cultist","Better Altar","Better Match","Better Note","Better Sensory Stone","Better Skull","Better Third Choice","BetterRewards","CCEM","Colored Map","Conspire","Downfall","GifTheSpireLib","Googly Eyes","Halation","Hermit","Highlight Path","Hubris","Hunter ??","Jedi Mod","Jorbs\u0027s Wanderer Trilogy","Lobotomy","Mad Scientist","Marisa????????","Mimic Mod","Minty Spire (QoL Compilation)","Permanent Neow","Replay The Spire","Shade Mod","Spicy Shops","StSLib","Stuff the Spire","Unceasing Turn Reminder"],"gold_per_floor":[113,113,124,139,158,158,210,210,210,210,227,227,227],"floor_reached":12,"playtime":1133,"items_purged":[],"score":80,"play_id":"7403d58c-5194-4d23-9ee5-de50bfdaaad9","local_time":"20201219004337","is_ascension_mode":false,"campfire_choices":[{"data":"stsjorbsmod:Mania","floor":6,"key":"SMITH"},{"data":"stsjorbsmod:Pyromancy","floor":8,"key":"SMITH"}],"circlet_count":0,"master_deck":["stsjorbsmod:ForbiddenGrimoire+1","stsjorbsmod:Strike_Wanderer","stsjorbsmod:Strike_Wanderer","stsjorbsmod:Strike_Wanderer","stsjorbsmod:Strike_Wanderer","stsjorbsmod:Defend_Wanderer","stsjorbsmod:Defend_Wanderer","stsjorbsmod:Defend_Wanderer","stsjorbsmod:Defend_Wanderer","stsjorbsmod:FreshAdventure","stsjorbsmod:EyeOfTheStorm","MHz","stsjorbsmod:Mania+1","Pain","FairyFestival","stsjorbsmod:Aid","MeatLantern","stsjorbsmod:FaerieFire","QueenOfHatred","stsjorbsmod:Message","Yin","stsjorbsmod:Pyromancy+1","Self Repair"],"relics":["stsjorbsmod:GrimoireRelic","CogitoBucket","WarpedTongs","CCEMRelics:JestersCrown","CCEMRelics:WhiteRose","jedi:cryingmask","Yang_Lob","ChangeAnything"],"acts_visited":["Exordium"],"potions_floor_usage":[11,11],"damage_taken":[{"damage":0,"enemies":"Small Slimes","floor":1,"turns":5},{"damage":9,"enemies":"Cultist","floor":3,"turns":4},{"damage":5,"enemies":"2 Louse","floor":4,"turns":4},{"damage":3,"enemies":"Blue Slaver","floor":5,"turns":4},{"damage":37,"enemies":"3 Sentries","floor":7,"turns":9},{"damage":24,"enemies":"Looter","floor":11,"turns":3},{"damage":50,"enemies":"Lagavulin","floor":12,"turns":2}],"seed_played":"7434553626226447490","potions_obtained":[{"floor":4,"key":"GamblersBrew"},{"floor":5,"key":"LiquidMemories"},{"floor":11,"key":"champ:CounterPotion"}],"is_trial":false,"path_per_floor":["M","?","M","M","M","R","E","R","T","?","M","E"],"character_chosen":"WANDERER","items_purchased":[],"campfire_rested":0,"item_purchase_floors":[],"current_hp_per_floor":[68,68,61,61,62,62,38,38,38,18,9,0,0],"gold":227,"neow_bonus":"","is_daily":false,"chose_seed":false,"campfire_upgraded":2,"win_rate":0.0,"timestamp":1608335017,"path_taken":["M","?","?","M","M","R","E","R","T","?","M","E"],"items_purchased_type":[],"build_version":"2020-12-13","purchased_purges":0,"victory":false,"max_hp_per_floor":[68,68,68,68,68,68,68,68,68,68,68,68,68],"card_choices":[{"not_picked":["Freischutz","FairyFestival"],"picked":"MHz","floor":1},{"not_picked":["stsjorbsmod:Channel","stsjorbsmod:Rest"],"picked":"stsjorbsmod:Mania","floor":1},{"not_picked":["Murderer","SpiderBud"],"picked":"FairyFestival","floor":3},{"not_picked":["stsjorbsmod:Index","stsjorbsmod:SmithingStrike"],"picked":"stsjorbsmod:Aid","floor":3},{"not_picked":["ShyLook","PunishingBird"],"picked":"MeatLantern","floor":4},{"not_picked":["stsjorbsmod:TollTheDead","stsjorbsmod:Hurt"],"picked":"stsjorbsmod:FaerieFire","floor":4},{"not_picked":["Scorched","WallGazer"],"picked":"QueenOfHatred","floor":5},{"not_picked":["stsjorbsmod:ColorSpray","stsjorbsmod:Prestidigitation"],"picked":"stsjorbsmod:Message","floor":5},{"not_picked":["PunishingBird","CherryBlossoms"],"picked":"Yin","floor":7},{"not_picked":["stsjorbsmod:HoldMonster","stsjorbsmod:Message"],"picked":"stsjorbsmod:Pyromancy","floor":7},{"not_picked":["stsjorbsmod:Trauma","stsjorbsmod:HedgeWizard","stsjorbsmod:Channel"],"picked":"SKIP","floor":11}],"player_experience":268803,"relics_obtained":[{"floor":7,"key":"CCEMRelics:JestersCrown"},{"floor":9,"key":"CCEMRelics:WhiteRose"}],"event_choices":[{"damage_healed":0,"gold_gain":0,"player_choice":"Rummage","damage_taken":0,"relics_obtained":["WarpedTongs"],"max_hp_gain":0,"max_hp_loss":0,"event_name":"Accursed Blacksmith","floor":2,"gold_loss":0,"cards_obtained":["Pain"]}],"is_beta":false,"boss_relics":[],"items_purged_floors":[],"is_endless":false,"potions_floor_spawned":[4,5,11],"killed_by":"Lagavulin","ascension_level":0}}