{"host":"1tl36azeqm6yhdgj","time":1608310394,"event":{"mods":["AchievementEnabler","BaseMod","Minty Spire (QoL Compilation)","StSLib","The IronCluck","everything is the same but u backflip on backflip"],"gold_per_floor":[115,128,128,142,157,157,187,262,262,272,272,272,290,61,61,61,61],"floor_reached":16,"playtime":422,"items_purged":["Injury"],"score":179,"play_id":"ac94dfec-d194-4770-a944-408048f16d54","local_time":"20201218115314","is_ascension_mode":true,"campfire_choices":[{"data":"Seeing Red","floor":6.0,"key":"SMITH"},{"floor":11,"key":"REST"},{"floor":15,"key":"REST"}],"circlet_count":0,"master_deck":["AscendersBane","Strike_R","Strike_R","Strike_R","Strike_R","Defend_R","Defend_R","Defend_R","Defend_R","Bash","Master of Strategy","Seeing Red+1","Inflame","Pommel Strike","Twin Strike","Uppercut","Flex"],"relics":["Burning Blood","Art of War","Boot","Golden Idol","MealTicket"],"acts_visited":["Exordium"],"potions_floor_usage":[7,10,10],"damage_taken":[{"damage":0.0,"enemies":"2 Louse","floor":1.0,"turns":3.0},{"damage":11.0,"enemies":"Cultist","floor":2.0,"turns":4.0},{"damage":2.0,"enemies":"Jaw Worm","floor":4.0,"turns":3.0},{"damage":6.0,"enemies":"Looter","floor":5.0,"turns":2.0},{"damage":20,"enemies":"Lagavulin","floor":7,"turns":5},{"damage":16,"enemies":"Exordium Wildlife","floor":10,"turns":5},{"damage":38,"enemies":"Exordium Thugs","floor":13,"turns":4},{"damage":48,"enemies":"Hexaghost","floor":16,"turns":9}],"seed_played":"-7417724755078718604","potions_obtained":[{"floor":2.0,"key":"Energy Potion"},{"floor":4.0,"key":"GamblersBrew"},{"floor":5.0,"key":"SteroidPotion"},{"floor":7,"key":"Weak Potion"},{"floor":10,"key":"BloodPotion"}],"is_trial":false,"path_per_floor":["M","M","?","M","M","R","E","?","T","M","R","?","M","$","R","B"],"character_chosen":"IRONCLAD","items_purchased":["MealTicket"],"campfire_rested":2,"item_purchase_floors":[14],"current_hp_per_floor":[56,51,51,55,55,55,41,30,30,35,57,57,25,25,47,0,0],"gold":61,"neow_bonus":"RANDOM_COLORLESS_2","is_daily":false,"chose_seed":false,"campfire_upgraded":1,"win_rate":0.0,"timestamp":1608310394,"path_taken":["M","M","?","M","?","R","E","?","T","M","R","?","M","?","R","BOSS"],"items_purchased_type":["Relic"],"build_version":"2020-12-13","purchased_purges":1,"victory":false,"max_hp_per_floor":[75,75,75,75,75,75,75,75,75,75,75,75,75,75,75,75,75],"card_choices":[{"not_picked":["Mayhem","Thinking Ahead"],"picked":"Master of Strategy","floor":0.0},{"not_picked":["Power Through","Body Slam"],"picked":"Seeing Red","floor":1.0},{"not_picked":["Second Wind","Sword Boomerang"],"picked":"Inflame","floor":2.0},{"not_picked":["Iron Wave","Warcry"],"picked":"Pommel Strike","floor":4.0},{"not_picked":["Armaments","Wild Strike"],"picked":"Twin Strike","floor":5.0},{"not_picked":["Searing Blow","Entrench"],"picked":"Uppercut","floor":7},{"not_picked":["Battle Trance","True Grit"],"picked":"Flex","floor":10},{"not_picked":["Headbutt","Dual Wield","True Grit"],"picked":"SKIP","floor":13}],"player_experience":1962906,"relics_obtained":[{"floor":7,"key":"Art of War"},{"floor":9,"key":"Boot"}],"event_choices":[{"cards_removed":["Strike_R"],"damage_healed":0.0,"max_hp_gain":0.0,"max_hp_loss":0.0,"gold_gain":0.0,"event_name":"Purifier","player_choice":"Purged","floor":3.0,"gold_loss":0.0,"damage_taken":0.0},{"damage_healed":0,"gold_gain":75,"player_choice":"Gather Gold","damage_taken":11,"max_hp_gain":0,"max_hp_loss":0,"event_name":"World of Goop","floor":8,"gold_loss":0},{"damage_healed":0,"gold_gain":0,"player_choice":"Take Wound","damage_taken":0,"relics_obtained":["Golden Idol"],"max_hp_gain":0,"max_hp_loss":0,"event_name":"Golden Idol","floor":12,"gold_loss":0,"cards_obtained":["Injury"]}],"is_beta":false,"boss_relics":[],"items_purged_floors":[14],"is_endless":false,"potions_floor_spawned":[2,4,5,7,10],"killed_by":"Hexaghost","ascension_level":15}}