{"host":"sst22apzgpn07t8v","time":1608297204,"event":{"mods":["Act Like it!","BaseMod","Downfall","Hallownest","HololiveMod","Lobotomy","LobotomyExtend","Minty Spire (QoL Compilation)","Replay The Spire","Shop Mod","StSLib"],"gold_per_floor":[100,100,128,228,228,228,228,228,259,259,275,293,119,119,139,237,237,237,237,237,222,222],"floor_reached":21,"playtime":850,"items_purged":[],"score":206,"play_id":"2de43e33-7545-4644-a348-ef6e8b03b65b","local_time":"20201218211324","is_ascension_mode":true,"campfire_choices":[],"circlet_count":0,"master_deck":["SpecialBullet","SpecialBullet","SpecialBullet","SpecialBullet","SpecialBullet","SpecialBullet","ExtractionCode","SecurityCode","Funeral","Heaven","OSAHOGD","Harvest","BlueStar","Diffraction","Twilight","ShyLook","Adoration","SolemnVow","WristCuter","VoidDream","DaCapo","OldLady","DaCapo","Wingbeat+1","Woodsman","Heaven+1"],"relics":["CogitoBucket","downfall:HeartsMalice","Gambling Chip","LetterFromLob","MagicBullet_r","Busted Crown"],"acts_visited":["Exordium","TheCity"],"potions_floor_usage":[16],"damage_taken":[{"damage":0,"enemies":"Gremlin Nob","floor":3,"turns":1},{"damage":0,"enemies":"Small Slimes","floor":6,"turns":1},{"damage":0,"enemies":"2 Louse","floor":8,"turns":1},{"damage":6,"enemies":"Cultist","floor":11,"turns":3},{"damage":12,"enemies":"Exordium Wildlife","floor":12,"turns":3},{"damage":10,"enemies":"downfall:FleeingMerchant","floor":13,"turns":4},{"damage":30,"enemies":"Gremlin Gang","floor":15,"turns":2},{"damage":24,"enemies":"downfall:Ironclad","floor":16,"turns":5},{"damage":15,"enemies":"downfall:FleeingMerchant","floor":21,"turns":4}],"seed_played":"-8673749816868984240","potions_obtained":[{"floor":9,"key":"Energy Potion"},{"floor":9,"key":"Fire Potion"},{"floor":9,"key":"hexamod:EctoCoolerPotion"},{"floor":19,"key":"SkillPotion"}],"is_trial":false,"path_per_floor":["R","?","E","?","?","M","T","M","?","R","M","M","$","M","M","B",null,"R","?","R","$"],"character_chosen":"Angela","items_purchased":["Adoration","SolemnVow"],"campfire_rested":0,"item_purchase_floors":[13,13],"current_hp_per_floor":[70,70,70,70,70,70,70,70,70,70,70,70,70,70,58,52,70,70,70,70,70,70],"gold":222,"neow_bonus":"THREE_ENEMY_KILL","is_daily":false,"chose_seed":false,"campfire_upgraded":0,"win_rate":0.0,"timestamp":1608297204,"path_taken":["R","?","E","?","?","M","T","M","?","R","M","M","?","?","M","BOSS","R","?","R","$"],"items_purchased_type":["Card","Card"],"build_version":"2020-12-13","purchased_purges":0,"victory":false,"max_hp_per_floor":[70,70,70,70,70,70,70,70,70,70,70,70,70,70,70,70,70,70,70,70,70,70],"card_choices":[{"not_picked":["OldLady","LaLuna"],"picked":"Funeral","floor":3},{"not_picked":["Discord"],"picked":"Heaven","floor":3},{"not_picked":["MHz","CherryBlossoms"],"picked":"OSAHOGD","floor":6},{"not_picked":["TodaysExpression","Soda"],"picked":"SKIP","floor":6},{"not_picked":["Horn","GreenStem"],"picked":"SKIP","floor":8},{"not_picked":["Beak","Horn"],"picked":"Harvest","floor":11},{"not_picked":["CherryBlossom","Loneliness","Lantern"],"picked":"SKIP","floor":11},{"not_picked":["CherryBlossoms","SpiderBud"],"picked":"BlueStar","floor":12},{"not_picked":["Horn","Hornet"],"picked":"Diffraction","floor":12},{"not_picked":["Wingbeat","Horn","CherryBlossom"],"picked":"SKIP","floor":12},{"not_picked":["LifeForTheDareDevil","CUTE"],"picked":"Twilight","floor":13},{"not_picked":["GalaxyChild","PunishingBird"],"picked":"ShyLook","floor":13},{"not_picked":["CherryBlossom","TheSmile","TodaysExpression"],"picked":"SKIP","floor":13},{"not_picked":["Noise","TodaysExpression"],"picked":"WristCuter","floor":15},{"not_picked":["BlackSwan","MeatLantern"],"picked":"VoidDream","floor":15},{"not_picked":["BlueScar","Horn","Penitence"],"picked":"SKIP","floor":15},{"not_picked":["TheSmile","Mimicry"],"picked":"DaCapo","floor":16},{"not_picked":["BeautyBeast","FairyFestival","Porccubus"],"picked":"Singing Bowl","floor":16},{"not_picked":["QueenBee","SpiderBud"],"picked":"OldLady","floor":16},{"not_picked":["ParadiseLost","TheSmile"],"picked":"DaCapo","floor":16},{"not_picked":[],"picked":"Wingbeat+1","floor":21},{"not_picked":["FairyFestival","SpiderBud","Porccubus"],"picked":"Singing Bowl","floor":21},{"not_picked":["SpiderBud","BigBird"],"picked":"Woodsman","floor":21},{"not_picked":[],"picked":"Heaven+1","floor":21}],"player_experience":171371,"relics_obtained":[{"floor":3,"key":"Gambling Chip"},{"floor":3,"key":"LetterFromLob"}],"event_choices":[{"damage_healed":0,"gold_gain":0,"player_choice":"Got Potions","damage_taken":0,"max_hp_gain":0,"max_hp_loss":0,"event_name":"Lab","floor":19,"gold_loss":0}],"is_beta":false,"boss_relics":[{"not_picked":["Replay:Bronze Core","Honey Jar"],"picked":"Busted Crown"}],"items_purged_floors":[],"is_endless":false,"potions_floor_spawned":[],"ascension_level":1}}