{"host":"gbop6m4qugddaz18","time":1608311157,"event":{"mods":["2.2 Compatiblity","BaseMod","Better Third Choice","Block Reminder","Downfall","GifTheSpireLib","Highlight Path","Minty Spire (QoL Compilation)","Replay The Spire","StSLib"],"gold_per_floor":[117,117,117,167,189,225,225,268,268,288,288,338,361,391,391,501,501,526,526,10,41,41,85,110,110,110,110,110,149,149,192,192,310,310,345,46,82,82,103,145,145,169,169,169,204,204,252,310,310,320,320,320,38,85,97,97],"floor_reached":55,"playtime":2599,"items_purged":["sneckomod:Bewildered","Shame","Shame"],"score":1189,"play_id":"6d24e80e-32f3-4d45-ad3b-af264d28e724","local_time":"20201218120557","is_ascension_mode":true,"campfire_choices":[{"data":"Zap","floor":7.0,"key":"SMITH"},{"data":"Dualcast","floor":11.0,"key":"SMITH"},{"data":"Ball Lightning","floor":15.0,"key":"SMITH"},{"data":"Go for the Eyes","floor":28.0,"key":"SMITH"},{"data":"Cold Snap","floor":30.0,"key":"SMITH"},{"data":"Reboot","floor":32.0,"key":"SMITH"},{"floor":41.0,"key":"RECALL"},{"data":"Core Surge","floor":44.0,"key":"SMITH"},{"data":"Conserve Battery","floor":46.0,"key":"SMITH"},{"data":"Capacitor","floor":49.0,"key":"SMITH"},{"data":"Seek","floor":52.0,"key":"SMITH"}],"circlet_count":0,"master_deck":["Defend_B","Defend_B","Defend_B","Zap+1","Dualcast+1","Ball Lightning+1","Beam Cell+1","Languid","Cold Snap+1","Seek+1","Capacitor+1","Leap","Go for the Eyes+1","Conserve Battery+1","Reboot+1","Injury","Defragment+1","Coolheaded","FTL","Beam Cell","Stack","Conserve Battery+1","Bite","Bite","Bite","Bite","Bite","Decay","Lockon+1","Machine Learning+1","Parasite","Core Surge+1","Stack+1","Leap","Ball Lightning+1","Steam+1","sneckomod:Bewildered","BootSequence","Cold Snap","Echo Form+1","Melter","FIFO Queue+1"],"relics":["Cracked Core","NeowsBlessing","Ring of Hypnosis","Ring of Greed","Replay:Bandana","Tiny Chest","Eternal Feather","ReplayTheSpireMod:Shallot","Frozen Egg 2","Replay:Ringing Soul","MealTicket","SlaversCollar","Bronze Scales","Gremlin Food","Juzu Bracelet","Lantern","Letter Opener","Guardian:PocketSentry","Replay:Rubber Ducky","Honey Jar","Oddly Smooth Stone","ReplayTheSpireMod:Lightbulb","White Beast Statue","Pear","StoneCalendar","Bag of Marbles","Bag of Preparation"],"acts_visited":["Exordium","TheCity","TheBeyond","TheEnding"],"potions_floor_usage":[55],"damage_taken":[{"damage":0.0,"enemies":"Small Slimes","floor":1.0,"turns":1.0},{"damage":0.0,"enemies":"Jaw Worm","floor":5.0,"turns":1.0},{"damage":0.0,"enemies":"Gremlin Nob","floor":6.0,"turns":1.0},{"damage":13.0,"enemies":"Replay:BlueRogue","floor":8.0,"turns":4.0},{"damage":0.0,"enemies":"2 Louse","floor":10.0,"turns":2.0},{"damage":6.0,"enemies":"3 Sentries","floor":12.0,"turns":4.0},{"damage":6.0,"enemies":"2 Fungi Beasts","floor":14.0,"turns":4.0},{"damage":50.0,"enemies":"Hexaghost","floor":16.0,"turns":10.0},{"damage":10.0,"enemies":"2 Thieves","floor":18.0,"turns":4.0},{"damage":2.0,"enemies":"Chosen","floor":21.0,"turns":5.0},{"damage":15.0,"enemies":"Book of Stabbing","floor":23.0,"turns":4.0},{"damage":0.0,"enemies":"Replay:Snechameleon","floor":29.0,"turns":6.0},{"damage":0.0,"enemies":"Gremlin Leader","floor":31.0,"turns":3.0},{"damage":35.0,"enemies":"Automaton","floor":33.0,"turns":9.0},{"damage":15.0,"enemies":"3 Shapes","floor":35.0,"turns":3.0},{"damage":0.0,"enemies":"Orb Walker","floor":37.0,"turns":3.0},{"damage":16.0,"enemies":"Jaw Worm Horde","floor":39.0,"turns":5.0},{"damage":0.0,"enemies":"R_Hoarder","floor":40.0,"turns":8.0},{"damage":1.0,"enemies":"Sphere and 2 Shapes","floor":45.0,"turns":4.0},{"damage":0.0,"enemies":"Giant Head","floor":47.0,"turns":9.0},{"damage":26.0,"enemies":"2 Orb Walkers","floor":48.0,"turns":5.0},{"damage":64.0,"enemies":"Time Eater","floor":50.0,"turns":10.0},{"damage":71,"enemies":"Shield and Spear","floor":54,"turns":8},{"damage":74,"enemies":"The Heart","floor":55,"turns":9}],"seed_played":"-8607891751202364349","potions_obtained":[{"floor":5.0,"key":"AttackPotion"},{"floor":14.0,"key":"Dexterity Potion"},{"floor":16.0,"key":"Strength Potion"},{"floor":23.0,"key":"Milkshake"},{"floor":27.0,"key":"LifebloodPotion"},{"floor":27.0,"key":"FearPotion"},{"floor":33.0,"key":"BlessingOfTheForge"},{"floor":40.0,"key":"PowerPotion"},{"floor":45.0,"key":"GamblersBrew"},{"floor":47.0,"key":"PotionOfCapacity"},{"floor":48.0,"key":"FearPotion"},{"floor":54,"key":"Fire Potion"}],"is_trial":false,"path_per_floor":["M","?","?","?","M","E","R","E","T","M","R","E","T","M","R","B",null,"M","?","$","M","?","E","T","?","T","?","R","E","R","E","R","B",null,"M","$","M","$","M","E","R","T","T","R","M","R","E","?","R","B",null,"R","$","E","B"],"character_chosen":"DEFECT","items_purchased":["Bronze Scales","Coolheaded","FTL","Beam Cell","Gremlin Food","Oddly Smooth Stone","Leap","Bag of Marbles"],"campfire_rested":0,"item_purchase_floors":[20,20,20,20,20,36,36,53],"current_hp_per_floor":[75,75,60,60,60,60,66,53,53,53,62,59,59,56,65,18,84,77,60,78,79,79,67,67,70,70,70,73,76,76,79,79,61,82,76,88,91,91,80,95,97,97,97,97,99,100,113,90,114,71,116,116,116,56,0,0],"gold":97,"neow_bonus":"THREE_ENEMY_KILL","is_daily":false,"chose_seed":false,"campfire_upgraded":10,"win_rate":0.0,"timestamp":1608311157,"path_taken":["M","?","?","?","M","E","R","E","T","M","R","E","?","M","R","BOSS","M","?","$","M","?","E","?","?","T","?","R","E","R","E","R","BOSS","M","$","M","?","M","E","R","?","T","R","M","R","E","?","R","BOSS","R","$","E","BOSS"],"items_purchased_type":["Relic","Card","Card","Card","Relic","Relic","Card","Relic"],"build_version":"2020-12-13","purchased_purges":3,"victory":false,"max_hp_per_floor":[75,75,75,75,75,75,75,75,75,75,75,78,78,81,81,84,84,87,92,95,98,98,101,101,73,73,73,73,76,76,79,79,82,82,85,88,91,91,94,97,97,97,97,97,100,100,113,116,116,116,116,116,116,119,119,119],"card_choices":[{"not_picked":["Redo","BasicCrystalCard"],"picked":"Ball Lightning","floor":1.0},{"not_picked":["Stack","Panic Button"],"picked":"Cold Snap","floor":5.0},{"not_picked":["Steam","Streamline"],"picked":"Seek","floor":6.0},{"not_picked":["Steam","Recycle"],"picked":"Capacitor","floor":8.0},{"not_picked":["Rip and Tear","Chill"],"picked":"Leap","floor":10.0},{"not_picked":["ReplayTheSpireMod:Calculation Training","Gash"],"picked":"Go for the Eyes","floor":12.0},{"not_picked":["Hologram","Sweeping Beam"],"picked":"Conserve Battery","floor":14.0},{"not_picked":["Thunder Strike","All For One"],"picked":"Reboot","floor":16.0},{"not_picked":["Cold Snap","Rebound"],"picked":"Defragment+1","floor":18.0},{"not_picked":["Tempest","Force Field"],"picked":"Stack","floor":21.0},{"not_picked":["Redo","Coolheaded+1"],"picked":"Conserve Battery+1","floor":23.0},{"not_picked":["Steam Power+1","Cold Snap"],"picked":"Lockon+1","floor":29.0},{"not_picked":["Reinforced Body","Coolheaded"],"picked":"Machine Learning+1","floor":31.0},{"not_picked":["Reboot","ReplayTheSpireMod:Fabricate Wheel"],"picked":"Core Surge","floor":33.0},{"not_picked":["Streamline","Rebound","Barrage+1"],"picked":"Stack+1","floor":35.0},{"not_picked":["Defragment+1","Steam Power+1","Go for the Eyes"],"picked":"Ball Lightning+1","floor":37.0},{"not_picked":["Redo","Go for the Eyes+1","Gash"],"picked":"Steam+1","floor":39.0},{"not_picked":["Double Energy+1","Streamline+1","Beam Cell+1"],"picked":"BootSequence","floor":40.0},{"not_picked":["Coolheaded+1","Darkness","Hologram+1"],"picked":"Cold Snap","floor":45.0},{"not_picked":["Compile Driver","Ball Lightning","Hyperbeam"],"picked":"Echo Form+1","floor":47.0},{"not_picked":["Turbo","Streamline+1","Steam+1"],"picked":"Melter","floor":48.0},{"not_picked":["Compile Driver+1","Mirror Shield","Streamline"],"picked":"FIFO Queue+1","floor":54}],"player_experience":450652,"relics_obtained":[{"floor":4.0,"key":"Ring of Hypnosis"},{"floor":4.0,"key":"Ring of Greed"},{"floor":4.0,"key":"Replay:Bandana"},{"floor":4.0,"key":"Tiny Chest"},{"floor":6.0,"key":"Eternal Feather"},{"floor":8.0,"key":"ReplayTheSpireMod:Shallot"},{"floor":9.0,"key":"Frozen Egg 2"},{"floor":12.0,"key":"Replay:Ringing Soul"},{"floor":13.0,"key":"MealTicket"},{"floor":23.0,"key":"Juzu Bracelet"},{"floor":24.0,"key":"Lantern"},{"floor":26.0,"key":"Letter Opener"},{"floor":29.0,"key":"Guardian:PocketSentry"},{"floor":31.0,"key":"Replay:Rubber Ducky"},{"floor":40.0,"key":"ReplayTheSpireMod:Lightbulb"},{"floor":43.0,"key":"White Beast Statue"},{"floor":47.0,"key":"Pear"},{"floor":48.0,"key":"StoneCalendar"},{"floor":54,"key":"Bag of Preparation"}],"event_choices":[{"damage_healed":75.0,"max_hp_gain":0.0,"max_hp_loss":75.0,"gold_gain":0.0,"event_name":"betterThird:BetterShining","player_choice":"Upgrade","floor":3.0,"gold_loss":0.0,"damage_taken":15.0,"cards_upgraded":["Strike_B","Strike_B"]},{"damage_healed":0.0,"max_hp_gain":5.0,"max_hp_loss":0.0,"gold_gain":0.0,"event_name":"Forgotten Altar","player_choice":"Shed Blood","floor":19.0,"gold_loss":0.0,"damage_taken":22.0},{"damage_healed":0.0,"max_hp_gain":0.0,"max_hp_loss":31.0,"gold_gain":0.0,"event_name":"Vampires","player_choice":"Became a vampire","floor":25.0,"gold_loss":0.0,"damage_taken":0.0,"cards_obtained":["Bite","Bite","Bite","Bite","Bite"]},{"damage_healed":0.0,"max_hp_gain":0.0,"max_hp_loss":0.0,"gold_gain":0.0,"event_name":"Lab","player_choice":"Got Potions","floor":27.0,"gold_loss":0.0,"damage_taken":0.0},{"damage_healed":0.0,"max_hp_gain":0.0,"max_hp_loss":0.0,"gold_gain":0.0,"event_name":"Mysterious Sphere","player_choice":"Fight","floor":48.0,"gold_loss":0.0,"damage_taken":0.0}],"is_beta":false,"boss_relics":[{"not_picked":["Abe\u0027s Treasure","Tiny House"],"picked":"SlaversCollar"},{"not_picked":["FrozenCore","Sozu"],"picked":"Honey Jar"}],"items_purged_floors":[20,36,53],"is_endless":false,"potions_floor_spawned":[5,14,16,23,33,40,45,47,48,54],"killed_by":"The Heart","ascension_level":1}}