{"host":"pgqkv8mh62pnrbci","time":1608295107,"event":{"mods":["AchievementEnabler","BaseMod","Custom Start","Minty Spire (QoL Compilation)","Replay The Spire","StSLib","SuperFastMode","¡¼?Úª?ø«¡½REMEMod"],"gold_per_floor":[99,114,114,131,144,144,164,164,189,189,203,203,216,216,216,287,287,298,314,239,259,273,273,307,307,353,353,353],"floor_reached":27,"playtime":600,"items_purged":["Strike_G"],"score":536,"play_id":"39cb034d-6440-4674-9c6e-1d88bd8550ba","local_time":"20201218213827","is_ascension_mode":true,"campfire_choices":[{"data":"Apotheosis","floor":6,"key":"SMITH"},{"data":"Neutralize","floor":10,"key":"SMITH"},{"data":"Noxious Fumes","floor":15,"key":"SMITH"},{"data":"After Image","floor":23,"key":"SMITH"},{"data":"All Out Attack","floor":25,"key":"SMITH"}],"circlet_count":0,"master_deck":["AscendersBane","Strike_G","Strike_G","Strike_G","Strike_G","Defend_G","Defend_G","Defend_G","Defend_G","Defend_G","Survivor","Neutralize+1","Apotheosis+1","All Out Attack+1","Noxious Fumes+1","Blur","Caltrops","Caltrops","Blade Dance","Poisoned Stab","PiercingWail","After Image+1","AbeCurse","Infinite Blades","Cloak And Dagger","Poisoned Stab+1"],"relics":["REME_ComplimentaryCards","Ring of Chaos","replay:Trail_Library","Sizzling Blood","Bronze Scales","NeowsBlessing","NeowsBlessing","Abe\u0027s Treasure","Toy Ornithopter","Oddly Smooth Stone"],"acts_visited":["Exordium","TheCity"],"potions_floor_usage":[7,24,27],"damage_taken":[{"damage":2,"enemies":"Small Slimes","floor":2,"turns":5},{"damage":0,"enemies":"Cultist","floor":4,"turns":5},{"damage":0,"enemies":"2 Louse","floor":5,"turns":2},{"damage":1,"enemies":"Exordium Thugs","floor":7,"turns":6},{"damage":6,"enemies":"Looter","floor":11,"turns":4},{"damage":0,"enemies":"Red Slaver","floor":13,"turns":1},{"damage":0,"enemies":"Hexaghost","floor":16,"turns":1},{"damage":0,"enemies":"Shell Parasite","floor":18,"turns":1},{"damage":0,"enemies":"Chosen","floor":19,"turns":1},{"damage":0,"enemies":"Shelled Parasite and Fungi","floor":21,"turns":1},{"damage":38,"enemies":"Sentry and Sphere","floor":22,"turns":5},{"damage":11,"enemies":"Slavers","floor":24,"turns":5},{"damage":35,"enemies":"Book of Stabbing","floor":27,"turns":5}],"seed_played":"-5169230496030094024","potions_obtained":[{"floor":2,"key":"Milkshake"},{"floor":5,"key":"Strength Potion"},{"floor":11,"key":"PowerPotion"},{"floor":24,"key":"CunningPotion"}],"is_trial":true,"path_per_floor":["WH","M","?","M","M","R","M","?","T","R","M","WH","M","WH","R","B",null,"M","M","$","M","M","R","E","R","T","E"],"character_chosen":"THE_SILENT","items_purchased":[],"campfire_rested":0,"item_purchase_floors":[],"current_hp_per_floor":[59,57,61,65,69,69,70,70,70,70,68,68,70,70,70,70,70,70,70,70,70,36,36,29,29,29,0,0],"gold":353,"neow_bonus":"THREE_ENEMY_KILL","is_daily":false,"chose_seed":false,"campfire_upgraded":5,"win_rate":0.0,"timestamp":1608295107,"path_taken":["WH","M","?","M","?","R","M","?","T","R","M","WH","M","WH","R","BOSS","M","M","$","M","M","R","E","R","T","E"],"items_purchased_type":[],"build_version":"2020-12-13","purchased_purges":1,"victory":false,"max_hp_per_floor":[66,66,70,70,70,70,70,70,70,70,70,70,70,70,70,70,70,70,70,70,70,70,70,70,70,70,70,70],"card_choices":[{"not_picked":["Dodge and Roll","Prepared"],"picked":"All Out Attack","floor":2},{"not_picked":["Dash","Dagger Spray"],"picked":"Noxious Fumes","floor":4},{"not_picked":["ReplayTheSpireMod:The Works","Dagger Throw"],"picked":"Blur","floor":5},{"not_picked":["ReplayTheSpireMod:The Works","Underhanded Strike"],"picked":"Caltrops","floor":7},{"not_picked":["Distraction","PiercingWail"],"picked":"Poisoned Stab","floor":11},{"not_picked":["Hidden Blade","Cloak And Dagger"],"picked":"PiercingWail","floor":13},{"not_picked":["Burst","REME_CopyPotion"],"picked":"After Image","floor":16},{"not_picked":["Skewer","Sucker Punch"],"picked":"Infinite Blades","floor":18},{"not_picked":["Eviscerate","Distraction"],"picked":"Cloak And Dagger","floor":19},{"not_picked":["All Out Attack","Backflip"],"picked":"Poisoned Stab+1","floor":21},{"not_picked":["Dagger Spray","Distraction","Bane"],"picked":"SKIP","floor":22},{"not_picked":["Dagger Spray","Distraction","Bane"],"picked":"SKIP","floor":22},{"not_picked":["Bane","Eviscerate","Flechettes"],"picked":"SKIP","floor":24}],"player_experience":551384,"relics_obtained":[{"floor":9,"key":"Bronze Scales"},{"floor":24,"key":"Toy Ornithopter"},{"floor":26,"key":"Oddly Smooth Stone"}],"event_choices":[],"is_beta":false,"boss_relics":[{"not_picked":["Snecko Scales","Ring of Chaos"],"picked":"Abe\u0027s Treasure"}],"items_purged_floors":[20],"is_endless":false,"potions_floor_spawned":[2,5,11,16,18,22,24],"killed_by":"Book of Stabbing","ascension_level":19}}