{"host":"bq4pt811tk9yrmjl","time":1608329245,"event":{"mods":["AchievementEnabler","BaseMod","Colored Map","Colored Powertips","Defuse TimeMaze Blight","Minty Spire (QoL Compilation)","StSLib","SuperFastMode","UnlockEverythingMod"],"gold_per_floor":[112,187,106,71,71,97,97,124,124,148,148,148,166,221,221,317,317,302,151,151,151,79,79,39,39,92,118,146,176,103,125,137,149,149],"floor_reached":33,"playtime":511,"items_purged":[],"score":314,"play_id":"f7cdc34d-17b4-4831-8ea8-157cf8bcab91","local_time":"20201218200725","is_ascension_mode":true,"campfire_choices":[{"data":"Static Discharge","floor":7.0,"key":"SMITH"},{"data":"Zap","floor":11.0,"key":"SMITH"},{"floor":15,"key":"REST"},{"data":"Storm","floor":23,"key":"SMITH"},{"data":"White Noise","floor":25,"key":"SMITH"},{"floor":32,"key":"REST"}],"circlet_count":0,"master_deck":["Strike_B+1","Strike_B","Strike_B","Strike_B+1","Defend_B+1","Defend_B","Defend_B","Defend_B","Zap+1","Dualcast+1","Redo","Static Discharge+1","Force Field","Beam Cell","White Noise+1","Core Surge","Stack+1","Storm+1","Go for the Eyes+1"],"relics":["Cracked Core","NeowsBlessing","Mummified Hand","Regal Pillow","Odd Mushroom","Bottled Lightning","Sozu","Medical Kit","MutagenicStrength","MawBank","Smiling Mask"],"acts_visited":["Exordium","TheCity"],"potions_floor_usage":[16,16,18],"damage_taken":[{"damage":0.0,"enemies":"2 Louse","floor":1.0,"turns":1.0},{"damage":0.0,"enemies":"Gremlin Nob","floor":6.0,"turns":1.0},{"damage":0.0,"enemies":"Lagavulin","floor":8.0,"turns":1.0},{"damage":20.0,"enemies":"The Mushroom Lair","floor":10.0,"turns":4.0},{"damage":0.0,"enemies":"Small Slimes","floor":13.0,"turns":3.0},{"damage":4.0,"enemies":"Gremlin Nob","floor":14.0,"turns":3.0},{"damage":37,"enemies":"Slime Boss","floor":16,"turns":7},{"damage":15,"enemies":"2 Thieves","floor":18,"turns":4},{"damage":10,"enemies":"3 Byrds","floor":27,"turns":4},{"damage":12,"enemies":"Snake Plant","floor":28,"turns":4},{"damage":21,"enemies":"Centurion and Healer","floor":29,"turns":6},{"damage":9,"enemies":"Snecko","floor":31,"turns":4},{"damage":17,"enemies":"Automaton","floor":33,"turns":5}],"seed_played":"8572808981547387218","potions_obtained":[{"floor":1.0,"key":"SkillPotion"},{"floor":8.0,"key":"Strength Potion"},{"floor":13.0,"key":"Fire Potion"},{"floor":14,"key":"PotionOfCapacity"}],"is_trial":false,"path_per_floor":["M","?","$","?","$","E","R","E","T","?","R","?","M","?","R","B",null,"M","$","?","?","$","R","?","R","T","M","M","M","?","M","R","B"],"character_chosen":"DEFECT","items_purchased":["Static Discharge","Medical Kit","Storm"],"campfire_rested":2,"item_purchase_floors":[3,19,22],"current_hp_per_floor":[75,64,64,75,75,75,75,75,75,55,55,40,40,36,73,36,75,60,60,60,60,60,60,60,60,60,50,38,17,17,8,45,28,28],"gold":149,"neow_bonus":"THREE_ENEMY_KILL","is_daily":false,"chose_seed":false,"campfire_upgraded":4,"win_rate":0.0,"timestamp":1608329245,"path_taken":["M","?","$","?","?","E","R","E","T","?","R","?","?","?","R","BOSS","M","$","?","?","$","R","?","R","T","M","M","?","?","M","R","BOSS"],"items_purchased_type":["Card","Relic","Card"],"build_version":"2020-12-13","purchased_purges":0,"victory":false,"max_hp_per_floor":[75,75,75,75,75,75,75,75,75,75,75,75,75,75,75,75,75,75,75,75,75,75,75,75,75,75,75,75,75,75,75,75,75,75],"card_choices":[{"not_picked":["Cold Snap","Leap"],"picked":"Redo","floor":1.0},{"not_picked":["Skim","Hologram"],"picked":"Force Field","floor":6.0},{"not_picked":["Darkness","Meteor Strike","Barrage"],"picked":"SKIP","floor":8.0},{"not_picked":["Steam","FTL"],"picked":"Beam Cell","floor":10.0},{"not_picked":["Beam Cell","Hologram"],"picked":"White Noise","floor":13.0},{"not_picked":["Multi-Cast","Seek"],"picked":"Core Surge","floor":16},{"not_picked":["Conserve Battery","Streamline"],"picked":"Stack+1","floor":18},{"not_picked":["Auto Shields","Sweeping Beam+1","Skim+1"],"picked":"SKIP","floor":27},{"not_picked":["Double Energy","White Noise","Hologram"],"picked":"SKIP","floor":28},{"not_picked":["Chill","Glacier"],"picked":"Go for the Eyes+1","floor":29},{"not_picked":["Redo","Beam Cell","Barrage"],"picked":"SKIP","floor":31}],"player_experience":76473,"relics_obtained":[{"floor":6.0,"key":"Mummified Hand"},{"floor":8.0,"key":"Regal Pillow"},{"floor":10.0,"key":"Odd Mushroom"},{"floor":14,"key":"Bottled Lightning"},{"floor":26,"key":"MawBank"}],"event_choices":[{"damage_healed":0.0,"max_hp_gain":0.0,"max_hp_loss":0.0,"gold_gain":75.0,"event_name":"World of Goop","player_choice":"Gather Gold","floor":2.0,"gold_loss":0.0,"damage_taken":11.0},{"damage_healed":18.0,"max_hp_gain":0.0,"max_hp_loss":0.0,"gold_gain":0.0,"event_name":"The Cleric","player_choice":"Healed","floor":4.0,"gold_loss":35.0,"damage_taken":0.0},{"damage_healed":0.0,"max_hp_gain":0.0,"max_hp_loss":0.0,"gold_gain":0.0,"event_name":"Mushrooms","player_choice":"Fought Mushrooms","floor":10.0,"gold_loss":0.0,"damage_taken":0.0},{"damage_healed":0.0,"max_hp_gain":0.0,"max_hp_loss":0.0,"gold_gain":0.0,"event_name":"Shining Light","player_choice":"Entered Light","floor":12.0,"gold_loss":0.0,"damage_taken":15.0,"cards_upgraded":["Strike_B","Strike_B"]},{"damage_healed":0.0,"max_hp_gain":0.0,"max_hp_loss":0.0,"gold_gain":30.0,"event_name":"Dead Adventurer","player_choice":"Searched \u00272\u0027 times","floor":14.0,"gold_loss":0.0,"damage_taken":0.0},{"damage_healed":0,"gold_gain":0,"player_choice":"Ignored","damage_taken":0,"max_hp_gain":0,"max_hp_loss":0,"event_name":"Ghosts","floor":20,"gold_loss":0},{"damage_healed":0,"gold_gain":0,"player_choice":"Inject Mutagens","damage_taken":0,"relics_obtained":["MutagenicStrength"],"max_hp_gain":0,"max_hp_loss":0,"event_name":"Drug Dealer","floor":21,"gold_loss":0},{"damage_healed":0,"gold_gain":0,"player_choice":"Upgraded Two","damage_taken":0,"max_hp_gain":0,"max_hp_loss":0,"event_name":"Designer","floor":24,"gold_loss":40,"cards_upgraded":["Dualcast","Defend_B"]},{"damage_healed":0,"gold_gain":0,"player_choice":"Obtained Relic","damage_taken":0,"relics_obtained":["Smiling Mask"],"max_hp_gain":0,"max_hp_loss":0,"event_name":"Addict","floor":30,"gold_loss":85}],"is_beta":false,"boss_relics":[{"not_picked":["Cursed Key","Fusion Hammer"],"picked":"Sozu"}],"items_purged_floors":[],"is_endless":false,"potions_floor_spawned":[1,8,13,14,29],"killed_by":"Automaton","ascension_level":1}}