{"host":"9373kjg5yrouhim6","time":1608282792,"event":{"mods":["2.2 Compatiblity","AchievementEnabler","Aspiration","BaseMod","Beaked The Cultist","Better Altar","Better Match","Better Note","Better Sensory Stone","Better Skull","Better Third Choice","Colored Map","Colored Powertips","Conspire","Downfall","Friendly Minions","Highlight Path","Hubris","Infinite Spire","Mimic Mod","Minty Spire (QoL Compilation)","Replay The Spire","Spicy Shops","StSLib","The Construct","The Disciple","vexMod"],"gold_per_floor":[99,115,53,64,77,77,113,113,127,127,137,137,47,47,65,170,170,170,181,181,195,208,208,208,208,221,221,238,123,133,203,219,323,323,323,335,10,21,21,21,54,67,67,95,107,107,107,107,122,122],"floor_reached":51,"playtime":1827,"items_purged":["champ:Strike","champ:Execute","champ:Defend","champ:Defend","champ:Taunt+1"],"score":859,"play_id":"5dbd3f39-0ec5-445c-88a7-8bafd89f6423","local_time":"20201218041312","is_ascension_mode":true,"campfire_choices":[{"data":"champ:Taunt","floor":1,"key":"SMITH"},{"data":"champ:FocusedDefense","floor":6,"key":"SMITH"},{"data":"champ:Circumvent","floor":8,"key":"SMITH"},{"data":"champ:ShieldSigil","floor":10,"key":"SMITH"},{"data":"champ:Strike","floor":18,"key":"PURGE"},{"data":"champ:ShieldSigil","floor":25,"key":"SMITH"},{"data":"champ:ShieldThrow","floor":27,"key":"SMITH"},{"data":"champ:Circumvent","floor":35,"key":"SMITH"},{"floor":39,"key":"RECALL"},{"data":"champ:Defend","floor":43,"key":"SMITH"}],"circlet_count":0,"master_deck":["champ:Defend+1","champ:FocusedDefense+1","champ:ShieldSigil+1","champ:Circumvent+1","champ:ShieldThrow+1","champ:ShieldSigil+1","champ:Circumvent+1","champ:Circumvent+1","champ:DefensiveStyle+1"],"relics":["champ:ChampionCrown","Replay:Wax Seal","Cursed Key","hubris:EmptyBottle","Akabeko","Spirit Poop"],"acts_visited":["Exordium","TheCity","TheBeyond"],"potions_floor_usage":[9,9,21,28],"damage_taken":[{"damage":14,"enemies":"Cultist","floor":2,"turns":4},{"damage":10,"enemies":"downfall:FleeingMerchant","floor":3,"turns":4},{"damage":6,"enemies":"Jaw Worm","floor":4,"turns":2},{"damage":5,"enemies":"2 Louse","floor":5,"turns":2},{"damage":0,"enemies":"Gremlin Gang","floor":7,"turns":4},{"damage":6,"enemies":"Gremlin Gang","floor":9,"turns":5},{"damage":13,"enemies":"Exordium Wildlife","floor":11,"turns":6},{"damage":10,"enemies":"downfall:FleeingMerchant","floor":13,"turns":4},{"damage":2,"enemies":"Exordium Thugs","floor":15,"turns":4},{"damage":10,"enemies":"downfall:Ironclad","floor":16,"turns":5},{"damage":0,"enemies":"Chosen","floor":19,"turns":1},{"damage":0,"enemies":"Shell Parasite","floor":21,"turns":2},{"damage":2,"enemies":"Snake Plant","floor":22,"turns":3},{"damage":0,"enemies":"Centurion and Healer","floor":26,"turns":6},{"damage":0,"enemies":"Cultist and Chosen","floor":28,"turns":4},{"damage":5,"enemies":"downfall:FleeingMerchant","floor":29,"turns":4},{"damage":0,"enemies":"Snake Plant","floor":30,"turns":2},{"damage":0,"enemies":"downfall:FleeingMerchant","floor":31,"turns":3},{"damage":0,"enemies":"Snecko","floor":32,"turns":2},{"damage":0,"enemies":"downfall:Defect","floor":33,"turns":4},{"damage":0,"enemies":"3 Darklings","floor":36,"turns":4},{"damage":3,"enemies":"Orb Walker","floor":38,"turns":2},{"damage":0,"enemies":"Transient","floor":41,"turns":7},{"damage":26,"enemies":"Transient","floor":42,"turns":5},{"damage":0,"enemies":"Giant Head","floor":44,"turns":3},{"damage":0,"enemies":"Sphere and 2 Shapes","floor":45,"turns":3},{"damage":0,"enemies":"4 Shapes","floor":49,"turns":3},{"damage":22,"enemies":"downfall:Silent","floor":50,"turns":3}],"seed_played":"-3804249408709445869","potions_obtained":[{"floor":4,"key":"Strength Potion"},{"floor":5,"key":"Swift Potion"},{"floor":11,"key":"Elixir"},{"floor":16,"key":"AttackPotion"},{"floor":19,"key":"Swift Potion"},{"floor":21,"key":"Ancient Potion"},{"floor":30,"key":"Dexterity Potion"},{"floor":45,"key":"BlessingOfTheForge"}],"is_trial":false,"path_per_floor":["R","M","$","M","M","R","MIM","R","M","R","M","?","$","?","M","B",null,"R_BF","M","?","M","M","?","T","R","M","R","M","$","M","$","M","B",null,"R","M","$","M","R","?","MIM","M","R","E","M","?","$","?","M","B",null],"character_chosen":"THE_CHAMP","items_purchased":["champ:ShieldSigil","hubris:EmptyBottle"],"campfire_rested":0,"item_purchase_floors":[3,31],"current_hp_per_floor":[81,77,72,71,71,71,71,71,65,65,57,65,60,60,58,48,81,81,81,46,46,44,44,44,44,44,44,44,44,44,44,44,44,81,81,81,81,78,78,78,78,52,52,52,52,56,56,56,56,34],"gold":122,"neow_bonus":"REMOVE_TWO","is_daily":false,"chose_seed":false,"campfire_upgraded":8,"win_rate":0.0,"timestamp":1608282792,"path_taken":["R","M","$","M","M","R","MIM","R","M","R","?","?","$","?","M","BOSS","R_BF","M","?","M","?","?","T","R","M","R","M","$","M","$","M","BOSS","R","M","$","M","R","?","MIM","M","R","E","?","?","?","?","M","BOSS"],"items_purchased_type":["Card","Relic"],"build_version":"2020-12-13","purchased_purges":5,"victory":true,"max_hp_per_floor":[81,81,81,81,81,81,81,81,81,81,81,81,81,81,81,81,81,81,81,81,81,81,81,81,81,81,81,81,81,81,81,81,81,81,81,81,81,81,81,81,81,81,81,81,81,81,81,81,81,81],"card_choices":[{"not_picked":["champ:Circumvent","champ:Backstep","champ:RisingSlash"],"picked":"SKIP","floor":2},{"not_picked":["champ:Circumvent","champ:CrookedStrike"],"picked":"champ:FocusedDefense","floor":3},{"not_picked":["champ:FocusedGladiator","champ:RisingSlash","champ:Haymaker"],"picked":"SKIP","floor":4},{"not_picked":["champ:BerserkerStyle","champ:FlashCut"],"picked":"champ:Circumvent","floor":5},{"not_picked":["champ:RecklessLeap","champ:Backstep","champ:FocusedGladiator"],"picked":"SKIP","floor":9},{"not_picked":["champ:GladiatorStyle","champ:FaceSlap"],"picked":"champ:ShieldThrow","floor":11},{"not_picked":["champ:IronFortress","champ:Encircle","champ:RapidStrikes"],"picked":"SKIP","floor":13},{"not_picked":["champ:EndlessRage","champ:FanOfKnives","champ:BringItOn"],"picked":"SKIP","floor":15},{"not_picked":["champ:StanceDance+1","champ:GutPunch","champ:BerserkersShout"],"picked":"SKIP","floor":19},{"not_picked":["champ:FanOfKnives","champ:StanceDance","champ:GladiatorsShout"],"picked":"SKIP","floor":21},{"not_picked":["champ:Duel","champ:StanceDance+1"],"picked":"champ:ShieldSigil","floor":22},{"not_picked":["champ:PerfectedStrike","champ:SteelEdge","champ:CrookedStrike"],"picked":"SKIP","floor":26},{"not_picked":["champ:AdrenalArmor","champ:CalledShot+1","champ:BladeFlurry+1"],"picked":"SKIP","floor":28},{"not_picked":["champ:FanOfKnives+1","champ:RapidStrikes","champ:RageSigil+1"],"picked":"SKIP","floor":29},{"not_picked":["champ:CrookedStrike","champ:AdrenalArmor"],"picked":"champ:Circumvent","floor":30},{"not_picked":["champ:MurderStrike","champ:ShieldWall+1","champ:RageSigil"],"picked":"SKIP","floor":31},{"not_picked":["champ:ViciousMockery+1","champ:BladeFlurry+1","champ:Aggression+1"],"picked":"SKIP","floor":32},{"not_picked":["champ:BringItOn","champ:Backstep"],"picked":"champ:Circumvent+1","floor":36},{"not_picked":["champ:DefensiveShout","champ:FanOfKnives+1","champ:FocusedGladiator+1"],"picked":"SKIP","floor":38},{"not_picked":["champ:PerfectedStrike","champ:BerserkersShout+1","champ:BladeFlurry+1"],"picked":"SKIP","floor":42},{"not_picked":["champ:BringItOn","champ:Haymaker+1","champ:AdrenalArmor"],"picked":"SKIP","floor":44},{"not_picked":["champ:Circumvent+1","champ:DefensiveShout"],"picked":"champ:DefensiveStyle+1","floor":45},{"not_picked":["champ:HeartStrike","champ:Encircle+1","champ:StanceDance"],"picked":"SKIP","floor":49}],"player_experience":338567,"relics_obtained":[{"floor":7,"key":"Replay:Wax Seal"},{"floor":44,"key":"Akabeko"}],"event_choices":[{"damage_healed":4,"gold_gain":0,"player_choice":"LEAVE ","damage_taken":0,"relics_obtained":[],"max_hp_gain":0,"max_hp_loss":0,"event_name":"betterSkull:BetterSkull","floor":46,"gold_loss":0,"cards_upgraded":[]},{"cards_removed":["vexMod:UltimateCard"],"damage_healed":0,"gold_gain":0,"player_choice":"Offered Curse","damage_taken":0,"relics_obtained":["Spirit Poop"],"max_hp_gain":0,"max_hp_loss":0,"event_name":"Bonfire Elementals","floor":48,"gold_loss":0}],"is_beta":false,"boss_relics":[{"not_picked":["vexMod:TanglingVine","infinitespire:Cupcake"],"picked":"Cursed Key"},{"not_picked":["Honey Jar","Painkiller Herb","aspiration:FutureDiary"]}],"items_purged_floors":[13,29,31,37,37],"is_endless":false,"potions_floor_spawned":[4,5,11,16,19,21,30,36,45],"ascension_level":1}}