{"host":"jx3f6ezc0g3s9edc","time":1608259099,"event":{"mods":["AchievementEnabler","BaseMod","Bestiary","Colored Map","Highlight Path","Minty Spire (QoL Compilation)","StSLib"],"gold_per_floor":[112,33,43,43,57,57,82,82,105,59,59,77,77,156,156,254,254,274,274,199,215,215,215,228,228,228,228,254,254,254],"floor_reached":29,"playtime":1872,"items_purged":["Strike_B"],"score":299,"play_id":"e2dbafaa-0d11-455f-9627-c0910fc98d13","local_time":"20201217213819","is_ascension_mode":true,"campfire_choices":[{"data":"Beam Cell","floor":6,"key":"SMITH"},{"data":"Sunder","floor":8,"key":"SMITH"},{"data":"Beam Cell","floor":11,"key":"SMITH"},{"data":"Coolheaded","floor":15,"key":"SMITH"},{"data":"Loop","floor":23,"key":"SMITH"},{"data":"Self Repair","floor":25,"key":"SMITH"},{"data":"Gash","floor":27,"key":"SMITH"}],"circlet_count":0,"master_deck":["Strike_B","Strike_B","Defend_B","Defend_B","Defend_B+1","Zap","Dualcast+1","Beam Cell+1","Sunder+1","Gash+1","Beam Cell+1","Conserve Battery","Cold Snap","Coolheaded+1","Parasite","Self Repair+1","Rebound+1","Gash","Loop+1","Scrape"],"relics":["Empty Cage","Blood Vial","Centennial Puzzle","Inserter","Strawberry","Matryoshka"],"acts_visited":["Exordium","TheCity"],"potions_floor_usage":[7,16,16,21],"damage_taken":[{"damage":0,"enemies":"Small Slimes","floor":1,"turns":3},{"damage":10,"enemies":"2 Louse","floor":3,"turns":2},{"damage":0,"enemies":"Cultist","floor":5,"turns":3},{"damage":7,"enemies":"Lagavulin","floor":7,"turns":4},{"damage":0,"enemies":"3 Louse","floor":12,"turns":3},{"damage":33,"enemies":"The Guardian","floor":16,"turns":7},{"damage":5,"enemies":"3 Byrds","floor":18,"turns":7},{"damage":4,"enemies":"2 Thieves","floor":21,"turns":3},{"damage":13,"enemies":"Centurion and Healer","floor":24,"turns":6},{"damage":56,"enemies":"Slavers","floor":28,"turns":6},{"damage":22,"enemies":"Snecko","floor":29,"turns":4}],"seed_played":"1714325893237649960","potions_obtained":[{"floor":1,"key":"LiquidMemories"},{"floor":5,"key":"DistilledChaos"},{"floor":12,"key":"Block Potion"},{"floor":16,"key":"SteroidPotion"},{"floor":18,"key":"Fire Potion"},{"floor":28,"key":"ColorlessPotion"}],"is_trial":false,"path_per_floor":["M","$","M","?","M","R","E","R","T","$","R","M","?","?","R","B",null,"M","?","$","M","?","R","M","R","T","R","E","M"],"character_chosen":"DEFECT","items_purchased":["Sunder","Cold Snap"],"campfire_rested":0,"item_purchase_floors":[2,10],"current_hp_per_floor":[75,75,65,50,50,50,43,43,43,43,43,45,63,63,63,32,64,61,55,55,60,60,60,56,56,63,63,19,0,0],"gold":254,"neow_bonus":"BOSS_RELIC","is_daily":false,"chose_seed":false,"campfire_upgraded":7,"win_rate":0.0,"timestamp":1608259099,"path_taken":["M","$","M","?","M","R","E","R","T","$","R","M","?","?","R","BOSS","M","?","$","?","?","R","M","R","T","R","E","M"],"items_purchased_type":["Card","Card"],"build_version":"2020-12-13","purchased_purges":1,"victory":false,"max_hp_per_floor":[75,75,75,75,75,75,75,75,75,75,75,75,75,75,75,75,75,75,75,75,75,75,75,75,75,82,82,82,82,82],"card_choices":[{"not_picked":["Aggregate","Conserve Battery"],"picked":"Beam Cell","floor":1},{"not_picked":["Hologram","Double Energy"],"picked":"Gash","floor":3},{"not_picked":["Doom and Gloom","Hologram"],"picked":"Beam Cell","floor":5},{"not_picked":["Steam","Stack"],"picked":"Conserve Battery","floor":7},{"not_picked":["Redo","Blizzard"],"picked":"Coolheaded","floor":12},{"not_picked":["Turbo+1","Redo"],"picked":"Self Repair","floor":18},{"not_picked":["Hologram","Capacitor+1"],"picked":"Rebound+1","floor":21},{"not_picked":["Tempest","Force Field","Beam Cell+1"],"picked":"SKIP","floor":24},{"not_picked":["Skim","Cold Snap"],"picked":"Scrape","floor":28}],"player_experience":689029,"relics_obtained":[{"floor":7,"key":"Blood Vial"},{"floor":9,"key":"Centennial Puzzle"},{"floor":26,"key":"Strawberry"},{"floor":28,"key":"Matryoshka"}],"event_choices":[{"damage_healed":0,"gold_gain":0,"player_choice":"Entered Light","damage_taken":15,"max_hp_gain":0,"max_hp_loss":0,"event_name":"Shining Light","floor":4,"gold_loss":0,"cards_upgraded":["Dualcast","Defend_B"]},{"damage_healed":18,"gold_gain":0,"player_choice":"Healed and dodged fight","damage_taken":0,"max_hp_gain":0,"max_hp_loss":0,"event_name":"Mushrooms","floor":13,"gold_loss":0,"cards_obtained":["Parasite"]},{"damage_healed":0,"gold_gain":79,"player_choice":"Gained Gold","damage_taken":0,"max_hp_gain":0,"max_hp_loss":0,"event_name":"Golden Wing","floor":14,"gold_loss":0},{"damage_healed":0,"gold_gain":0,"player_choice":"","damage_taken":6,"max_hp_gain":0,"max_hp_loss":0,"event_name":"Knowing Skull","floor":19,"potions_obtained":[],"gold_loss":0,"cards_obtained":[]},{"damage_healed":0,"gold_gain":0,"player_choice":"2 cards matched","damage_taken":0,"max_hp_gain":0,"max_hp_loss":0,"event_name":"Match and Keep!","floor":22,"gold_loss":0,"cards_obtained":["Gash","Loop"]}],"is_beta":false,"boss_relics":[{"not_picked":["Tiny House","Ectoplasm"],"picked":"Inserter"}],"items_purged_floors":[20],"is_endless":false,"potions_floor_spawned":[1,5,12,16,18,28],"killed_by":"Snecko","ascension_level":5}}