{"host":"l99crexq2sc8megk","time":1608305219,"event":{"mods":["BaseMod","Hermit","Minty Spire (QoL Compilation)","Quick Restart","StSLib","The Cursed"],"gold_per_floor":[115,115,115,131,131,157,170,190,190,204,204,56,56,56,56,133,133,150,166,166,166],"floor_reached":20,"playtime":509,"items_purged":[],"score":338,"play_id":"c02a3315-33d4-49ca-b254-2a7513e6746e","local_time":"20201218232659","is_ascension_mode":true,"campfire_choices":[{"data":"Entrench","floor":11.0,"key":"SMITH"},{"data":"Hemokinesis","floor":13.0,"key":"SMITH"},{"data":"Shrug It Off","floor":15.0,"key":"SMITH"}],"circlet_count":0,"master_deck":["AscendersBane","Strike_R","Strike_R","Strike_R","Strike_R","Strike_R","Defend_R","Defend_R","Defend_R","Defend_R","Bash","Entrench+1","Shrug It Off+1","Hemokinesis+1","Battle Trance","Demon Form","Body Slam"],"relics":["Burning Blood","NeowsBlessing","Strawberry","Blood Vial","Membership Card","Runic Dome"],"acts_visited":["Exordium","TheCity"],"potions_floor_usage":[],"damage_taken":[{"damage":0.0,"enemies":"Small Slimes","floor":1.0,"turns":1.0},{"damage":0.0,"enemies":"2 Louse","floor":4.0,"turns":1.0},{"damage":0.0,"enemies":"3 Sentries","floor":6.0,"turns":2.0},{"damage":3.0,"enemies":"Cultist","floor":7.0,"turns":4.0},{"damage":2.0,"enemies":"Exordium Wildlife","floor":8.0,"turns":3.0},{"damage":12.0,"enemies":"Red Slaver","floor":10.0,"turns":3.0},{"damage":40.0,"enemies":"The Guardian","floor":16.0,"turns":14.0},{"damage":34.0,"enemies":"2 Thieves","floor":18.0,"turns":5.0},{"damage":20.0,"enemies":"Spheric Guardian","floor":19.0,"turns":6.0},{"damage":46,"enemies":"Snake Plant","floor":20,"turns":5}],"seed_played":"-5216236472226267702","potions_obtained":[{"floor":1.0,"key":"Block Potion"},{"floor":5.0,"key":"ColorlessPotion"},{"floor":7.0,"key":"Block Potion"}],"is_trial":false,"path_per_floor":["M","?","?","M","?","E","M","M","T","M","R","$","R","$","R","B",null,"M","M","M"],"character_chosen":"IRONCLAD","items_purchased":["Membership Card"],"campfire_rested":0,"item_purchase_floors":[12],"current_hp_per_floor":[74,74,79,80,80,87,87,87,87,81,81,81,81,81,81,49,78,52,40,0,0],"gold":166,"neow_bonus":"THREE_ENEMY_KILL","is_daily":false,"chose_seed":false,"campfire_upgraded":3,"win_rate":0.0,"timestamp":1608305219,"path_taken":["M","?","?","M","?","E","M","M","T","M","R","$","R","$","R","BOSS","M","M","?"],"items_purchased_type":["Relic"],"build_version":"2020-12-13","purchased_purges":0,"victory":false,"max_hp_per_floor":[75,75,80,80,80,87,87,87,87,87,87,87,87,87,87,87,87,87,87,87,87],"card_choices":[{"not_picked":["Pommel Strike","Infernal Blade"],"picked":"Entrench","floor":1.0},{"not_picked":["Second Wind","Shockwave","Clash"],"picked":"SKIP","floor":4.0},{"not_picked":["Twin Strike","Wild Strike"],"picked":"Shrug It Off","floor":6.0},{"not_picked":["Shrug It Off","Burning Pact"],"picked":"Hemokinesis","floor":7.0},{"not_picked":["Armaments","Headbutt","Twin Strike"],"picked":"SKIP","floor":8.0},{"not_picked":["Dark Embrace","Clash"],"picked":"Battle Trance","floor":10.0},{"not_picked":["Reaper","Impervious"],"picked":"Demon Form","floor":16.0},{"not_picked":["Intimidate","Havoc"],"picked":"Body Slam","floor":18.0},{"not_picked":["Flex","Sword Boomerang","Headbutt"],"picked":"SKIP","floor":19.0}],"player_experience":338075,"relics_obtained":[{"floor":6.0,"key":"Strawberry"},{"floor":9.0,"key":"Blood Vial"}],"event_choices":[{"damage_healed":0.0,"max_hp_gain":0.0,"max_hp_loss":0.0,"gold_gain":0.0,"event_name":"Liars Game","player_choice":"Ignored","floor":2.0,"gold_loss":0.0,"damage_taken":0.0},{"damage_healed":0.0,"max_hp_gain":5.0,"max_hp_loss":0.0,"gold_gain":0.0,"event_name":"Big Fish","player_choice":"Donut","floor":3.0,"gold_loss":0.0,"damage_taken":0.0},{"damage_healed":0.0,"max_hp_gain":0.0,"max_hp_loss":0.0,"gold_gain":0.0,"event_name":"Lab","player_choice":"Got Potions","floor":5.0,"gold_loss":0.0,"damage_taken":0.0}],"is_beta":false,"boss_relics":[{"not_picked":["Calling Bell","Astrolabe"],"picked":"Runic Dome"}],"items_purged_floors":[],"is_endless":false,"potions_floor_spawned":[1,7],"killed_by":"Snake Plant","ascension_level":14}}