{"host":"0u21swshytqr30ym","time":1608258481,"event":{"mods":["2.2 Compatiblity","Act Like it!","BaseMod","Better Third Choice","ChefMod","Colored Map","Conspire","Elementarium","Hallownest","Hermit","Hubris","Menagerie","Minty Spire (QoL Compilation)","Rare Cards Sparkle","Robot Space Explorer","StSLib","The Bug Knight","Wandering Minibosses"],"gold_per_floor":[110,125,140,154,166,199,199,229,284,313,332,358,63,83,83,186,186,206,217,217,217,137,137,169,169,196,225,225,264,164,208,208,315,315,344,344,369,390,110,142,151,151,174,211,211,239,273,123,123,224,224,224,49,87,87,87],"floor_reached":55,"playtime":5614,"items_purged":["HollowMod:QuickDashStart","HollowMod:QuickDashStart","HollowMod:NailStrikeStart","HollowMod:NailStrikeStart","HollowMod:QuickDashStart"],"score":952,"play_id":"3a4aa92e-ce7f-44f3-b551-a5ae77b9f222","local_time":"20201218002801","is_ascension_mode":true,"campfire_choices":[{"data":"HollowMod:DashSlash","floor":7,"key":"SMITH"},{"data":"HollowMod:RecoilStrike","floor":15,"key":"SMITH"},{"data":"HollowMod:FocusHealStart","floor":23,"key":"SMITH"},{"data":"HollowMod:DashSlash","floor":25,"key":"SMITH"},{"data":"HollowMod:VengefulSpirit","floor":32,"key":"SMITH"},{"data":"HollowMod:CycloneSlash","floor":42,"key":"SMITH"},{"floor":49,"key":"RECALL"},{"data":"HollowMod:Weaversong","floor":52,"key":"SMITH"}],"circlet_count":0,"master_deck":["HollowMod:NailStrikeStart","HollowMod:NailStrikeStart","HollowMod:QuickDashStart","HollowMod:FocusHealStart+1","HollowMod:PogoStrike","HollowMod:CornifersMapStart+1","HollowMod:SharpenedNail","HollowMod:GoodIntentions+1","HollowMod:DashSlash+1","HollowMod:SoulSplash","HollowMod:ChannelNail","HollowMod:HowlingWraiths","HollowMod:RecoilStrike+1","HollowMod:Weaversong+1","HollowMod:DoubleDash+1","Hallownest:skillCityofTearsMap+1","HollowMod:DashSlash+1","HollowMod:VengefulSpirit+1","HollowMod:CloakDash+1","HollowMod:SiblingsSouls+1","HollowMod:Hiveblood+1","HollowMod:DoubleDash+1","HollowMod:CycloneSlash+1","HollowMod:MantisMark+1","Hallownest:curseDreamersLament","HollowMod:MantisMark+1","HollowMod:MonarchWings+1","HollowMod:CycloneSlash","HollowMod:RecoilStrike+1"],"relics":["HollowMod:VesselMask","Bronze Scales","Orichalcum","PreservedInsect","MealTicket","Eternal Feather","Letter Opener","Sling","hubris:Backtick","Toxic Egg 2","Hallownest:WatcherSealRelic","Mango","CeramicFish","HollowMod:StagPassRelic","conspire:RoyalGoblet","War Paint","Frozen Egg 2","Hallownest:BeastSealRelic","HollowMod:DelicateFlower","Hallownest:KingsIdolRelic","Singing Bowl","Bottled Tornado"],"acts_visited":["Hallownest:Greenpath","Hallownest:CityofTears","Hallownest:KingdomsEdge","TheEnding"],"potions_floor_usage":[14,16,16,31,33,33,38,46,55,55,55],"damage_taken":[{"damage":3,"enemies":"Hallownest:2_Tiktiks_and_1_Crawlid","floor":1,"turns":4},{"damage":1,"enemies":"Hallownest:2_MossCreeps","floor":2,"turns":3},{"damage":4,"enemies":"Hallownest:monsterHuskGuard","floor":3,"turns":4},{"damage":24,"enemies":"Hallownest:1_Ooma_and_2_Uuma","floor":4,"turns":6},{"damage":1,"enemies":"Hallownest:monsterMossCharger","floor":5,"turns":6},{"damage":20,"enemies":"Hallownest:eliteCrystalGuardian","floor":6,"turns":8},{"damage":0,"enemies":"Hallownest:eliteVengeflyKing","floor":8,"turns":7},{"damage":4,"enemies":"Hallownest:eliteCrystalGuardian","floor":10,"turns":5},{"damage":0,"enemies":"Hallownest:monsterAspidMother","floor":11,"turns":7},{"damage":3,"enemies":"Hallownest:eliteVengeflyKing","floor":12,"turns":5},{"damage":6,"enemies":"Hallownest:1_Baldur_1_Crawlid_1_Warrior","floor":14,"turns":6},{"damage":60,"enemies":"Hallownest:BossHornet","floor":16,"turns":17},{"damage":3,"enemies":"Hallownest:3_Youths","floor":18,"turns":7},{"damage":7,"enemies":"Hallownest:Flukemon_and_Top","floor":19,"turns":4},{"damage":0,"enemies":"Hallownest:Nosk","floor":24,"turns":5},{"damage":16,"enemies":"Hallownest:Master_and_Novice","floor":27,"turns":4},{"damage":3,"enemies":"Hallownest:eliteSoulWarrior","floor":29,"turns":5},{"damage":15,"enemies":"Hallownest:eliteWatcherKnight","floor":31,"turns":9},{"damage":42,"enemies":"Hallownest:BossMantisLord","floor":33,"turns":8},{"damage":41,"enemies":"Hallownest:2_Littles","floor":35,"turns":5},{"damage":55,"enemies":"Hallownest:3_Siblings","floor":37,"turns":8},{"damage":6,"enemies":"Hallownest:monsterPrimalAspid","floor":38,"turns":4},{"damage":11,"enemies":"Hallownest:eliteCollector","floor":40,"turns":6},{"damage":38,"enemies":"Hallownest:eliteHiveKnight","floor":44,"turns":6},{"damage":17,"enemies":"Hallownest:2_Great","floor":46,"turns":4},{"damage":0,"enemies":"Hallownest:StalkingDevout","floor":47,"turns":4},{"damage":32,"enemies":"Hallownest:Radiance","floor":50,"turns":13},{"damage":12,"enemies":"Shield and Spear","floor":54,"turns":3},{"damage":79,"enemies":"The Heart","floor":55,"turns":3}],"seed_played":"-8505672180398375075","potions_obtained":[{"floor":1,"key":"FearPotion"},{"floor":2,"key":"SteroidPotion"},{"floor":3,"key":"PowerPotion"},{"floor":18,"key":"LiquidBronze"},{"floor":24,"key":"DuplicationPotion"},{"floor":27,"key":"Weak Potion"},{"floor":29,"key":"Energy Potion"},{"floor":31,"key":"SteroidPotion"},{"floor":37,"key":"Block Potion"},{"floor":40,"key":"AttackPotion"},{"floor":50,"key":"CultistPotion"},{"floor":54,"key":"SkillPotion"}],"is_trial":false,"path_per_floor":["M","M","M","M","M","E","R","E","T","E","M","E","$","M","R","B",null,"M","M","?","?","?","R","E","R","T","M","?","E","$","E","R","B",null,"M","?","M","M","$","E","?","R","T","E","?","M","E","$","R","B",null,"R","$","E","B"],"character_chosen":"THE_BUGKNIGHT","items_purchased":["Sling","HollowMod:RecoilStrike","War Paint"],"campfire_rested":0,"item_purchase_floors":[13,13,39],"current_hp_per_floor":[72,71,73,49,48,38,38,44,44,40,50,47,62,56,65,11,75,72,65,65,65,65,75,89,89,89,73,73,80,89,80,89,53,89,54,54,27,27,42,37,37,52,52,42,42,38,38,53,68,72,91,91,91,79,0,0],"gold":87,"neow_bonus":"RANDOM_COMMON_RELIC","is_daily":false,"chose_seed":false,"campfire_upgraded":7,"win_rate":0.0,"timestamp":1608258481,"path_taken":["M","M","?","?","M","E","R","E","T","E","?","E","$","M","R","BOSS","M","M","?","?","?","R","E","R","T","M","?","E","$","E","R","BOSS","M","?","M","M","$","E","?","R","T","E","?","?","E","$","R","BOSS","R","$","E","BOSS"],"items_purchased_type":["Relic","Card","Relic"],"build_version":"2020-12-13","purchased_purges":5,"victory":false,"max_hp_per_floor":[75,75,75,75,75,75,75,75,75,75,75,75,75,75,75,75,75,75,75,75,75,75,75,89,89,89,89,89,89,89,89,89,89,89,89,89,89,89,89,89,89,89,89,89,89,89,89,89,89,91,91,91,91,91,91,91],"card_choices":[{"not_picked":["HollowMod:SoulVessel","HollowMod:MonomonsArchive"],"picked":"HollowMod:CornifersMapStart","floor":1},{"not_picked":["HollowMod:CornifersMapStart","HollowMod:ShadowDash"],"picked":"HollowMod:SharpenedNail","floor":2},{"not_picked":["HollowMod:CornifersMapStart","HollowMod:NewLittleFool","HollowMod:TaintedHusks"],"picked":"SKIP","floor":3},{"not_picked":["HollowMod:SharpenedShadows","HollowMod:SoulEater"],"picked":"HollowMod:GoodIntentions","floor":4},{"not_picked":["HollowMod:SoulStrike","HollowMod:DoubleDash"],"picked":"HollowMod:DashSlash","floor":5},{"not_picked":["HollowMod:CornifersMapStart","HollowMod:ElderbugsWisdom"],"picked":"HollowMod:SoulSplash","floor":6},{"not_picked":["HollowMod:SoulVessel","HollowMod:SoulSplash","HollowMod:TaintedHusks"],"picked":"SKIP","floor":8},{"not_picked":["HollowMod:NewInfectedGuardian","HollowMod:GoodIntentions"],"picked":"HollowMod:ChannelNail","floor":10},{"not_picked":["HollowMod:WraithStrike","HollowMod:PerfectDash","HollowMod:SharpenedNail"],"picked":"SKIP","floor":11},{"not_picked":["HollowMod:FastStrike","HollowMod:SharpenedShadows"],"picked":"HollowMod:HowlingWraiths","floor":12},{"not_picked":["HollowMod:InfectionAssault","HollowMod:DescendingDark","HollowMod:Grubsong"],"picked":"SKIP","floor":14},{"not_picked":["HollowMod:WhiteLadysBlessing","HollowMod:HerrahsAnger"],"picked":"HollowMod:Weaversong","floor":16},{"not_picked":["HollowMod:SoulShaman+1","HollowMod:InfectedCysts","HollowMod:DreamGate+1"],"picked":"SKIP","floor":18},{"not_picked":["HollowMod:ChannelNail+1","HollowMod:LuriensSpire+1"],"picked":"HollowMod:DoubleDash+1","floor":19},{"not_picked":["HollowMod:InfectedCysts","HollowMod:TaintedHusks+1"],"picked":"HollowMod:DashSlash","floor":24},{"not_picked":["HollowMod:CycloneSlash","HollowMod:NewInfectedGuardian+1"],"picked":"HollowMod:VengefulSpirit","floor":27},{"not_picked":["HollowMod:ShapeofUnn","HollowMod:InfectedCysts+1"],"picked":"HollowMod:CloakDash+1","floor":29},{"not_picked":["HollowMod:SoulStrike","HollowMod:ShadowDash+1"],"picked":"HollowMod:SiblingsSouls+1","floor":31},{"not_picked":["HollowMod:PureVessel","HollowMod:ElderbugsWisdom"],"picked":"HollowMod:Hiveblood+1","floor":33},{"not_picked":["HollowMod:TaintedHusks+1","HollowMod:CloakDash+1"],"picked":"HollowMod:DoubleDash+1","floor":35},{"not_picked":["HollowMod:NewJinnsSoul+1","HollowMod:ChannelNail+1"],"picked":"HollowMod:CycloneSlash","floor":37},{"not_picked":["HollowMod:NewJinnsSoul+1","HollowMod:CloakDash+1"],"picked":"HollowMod:MantisMark+1","floor":38},{"not_picked":["HollowMod:GoodIntentions+1","HollowMod:TaintedHusks+1","HollowMod:CrystalDash+1"],"picked":"SKIP","floor":40},{"not_picked":["HollowMod:Weaversong+1","HollowMod:DungDefenderAura+1"],"picked":"HollowMod:MantisMark+1","floor":44},{"not_picked":["HollowMod:MawleksShell+1","HollowMod:NewJinnsSoul+1"],"picked":"HollowMod:MonarchWings+1","floor":46},{"not_picked":["HollowMod:InfectedAttack","HollowMod:VengefulVoid"],"picked":"HollowMod:CycloneSlash","floor":47},{"not_picked":["HollowMod:LifebloodCore+1","HollowMod:AwokenDreamNail","HollowMod:LordofShades+1"],"picked":"Singing Bowl","floor":50},{"not_picked":["HollowMod:NewJinnsSoul+1","HollowMod:SharpenedShadows+1"],"picked":"HollowMod:RecoilStrike+1","floor":54}],"player_experience":339389,"relics_obtained":[{"floor":6,"key":"Orichalcum"},{"floor":8,"key":"PreservedInsect"},{"floor":9,"key":"MealTicket"},{"floor":10,"key":"Eternal Feather"},{"floor":12,"key":"Letter Opener"},{"floor":24,"key":"Mango"},{"floor":26,"key":"CeramicFish"},{"floor":31,"key":"HollowMod:StagPassRelic"},{"floor":40,"key":"Frozen Egg 2"},{"floor":44,"key":"HollowMod:DelicateFlower"},{"floor":47,"key":"Singing Bowl"},{"floor":54,"key":"Bottled Tornado"}],"event_choices":[],"is_beta":false,"boss_relics":[{"not_picked":["Tiny House","hubris:RunicObelisk"],"picked":"hubris:Backtick"},{"not_picked":["hubris:CrackedHourglass","Coffee Dripper"],"picked":"conspire:RoyalGoblet"}],"items_purged_floors":[13,30,39,48,53],"is_endless":false,"potions_floor_spawned":[1,2,3,5,10,18,24,27,29,31,37,40,50,54],"killed_by":"The Heart","ascension_level":1}}