{"host":"2nw7vjz0sy04etg3","time":1608306274,"event":{"mods":["BaseMod","DeckTracker","Minty Spire (QoL Compilation)","Quick Restart"],"gold_per_floor":[113,131,151,163,179,179,196,214,264,264,264,264,280,8,8,85,85,105,132,132,45,45,45,57,73,73,73,73,73],"floor_reached":28,"playtime":732,"items_purged":[],"score":403,"play_id":"a0d5f71c-9042-489e-9ec0-c0a95f8b2a8d","local_time":"20201219004434","is_ascension_mode":true,"campfire_choices":[{"data":"Defragment","floor":6.0,"key":"SMITH"},{"floor":10.0,"key":"REST"},{"floor":12.0,"key":"REST"},{"floor":15.0,"key":"REST"},{"floor":23,"key":"REST"},{"data":"Turbo","floor":27,"key":"SMITH"}],"circlet_count":0,"master_deck":["AscendersBane","Strike_B","Strike_B","Strike_B","Strike_B+1","Defend_B+1","Defend_B","Defend_B","Defend_B","Zap+1","Dualcast","Biased Cognition","Coolheaded","Sweeping Beam","Defragment+1","Stack","Turbo+1","Cold Snap+1","Ball Lightning","Compile Driver","Creative AI","Barrage","Stack+1","Recycle"],"relics":["Cracked Core","Whetstone","Mummified Hand","Inserter","Red Mask","CaptainsWheel"],"acts_visited":["Exordium","TheCity"],"potions_floor_usage":[19],"damage_taken":[{"damage":9.0,"enemies":"Jaw Worm","floor":1.0,"turns":3.0},{"damage":3.0,"enemies":"Small Slimes","floor":2.0,"turns":4.0},{"damage":6.0,"enemies":"2 Louse","floor":3.0,"turns":3.0},{"damage":14.0,"enemies":"Large Slime","floor":4.0,"turns":6.0},{"damage":4.0,"enemies":"Red Slaver","floor":5.0,"turns":3.0},{"damage":9.0,"enemies":"Looter","floor":7.0,"turns":3.0},{"damage":13.0,"enemies":"Exordium Thugs","floor":8.0,"turns":4.0},{"damage":11.0,"enemies":"Blue Slaver","floor":13.0,"turns":3.0},{"damage":13.0,"enemies":"Slime Boss","floor":16.0,"turns":8.0},{"damage":0,"enemies":"Chosen","floor":18,"turns":3},{"damage":42,"enemies":"Masked Bandits","floor":19,"turns":5},{"damage":0,"enemies":"Spheric Guardian","floor":24,"turns":4},{"damage":13,"enemies":"Centurion and Healer","floor":25,"turns":8},{"damage":27,"enemies":"Book of Stabbing","floor":28,"turns":4}],"seed_played":"441297855605707700","potions_obtained":[{"floor":3.0,"key":"BlessingOfTheForge"},{"floor":4.0,"key":"Ancient Potion"},{"floor":25,"key":"Weak Potion"}],"is_trial":false,"path_per_floor":["M","M","M","M","M","R","M","M","T","R","?","R","M","$","R","B",null,"M","?","?","$","?","R","M","M","T","R","E"],"character_chosen":"DEFECT","items_purchased":["Mummified Hand","LiquidMemories"],"campfire_rested":4,"item_purchase_floors":[14,21],"current_hp_per_floor":[55,52,46,32,28,28,19,6,6,27,6,27,16,16,37,24,59,59,17,17,17,17,38,38,25,25,25,0,0],"gold":73,"neow_bonus":"ONE_RANDOM_RARE_CARD","is_daily":false,"chose_seed":false,"campfire_upgraded":2,"win_rate":0.0,"timestamp":1608306274,"path_taken":["M","M","M","M","M","R","M","M","T","R","?","R","M","$","R","BOSS","M","?","?","$","?","R","M","M","T","R","E"],"items_purchased_type":["Relic","Potion"],"build_version":"2020-12-13","purchased_purges":0,"victory":false,"max_hp_per_floor":[71,71,71,71,71,71,71,71,71,71,71,71,71,71,71,71,71,71,71,71,71,71,71,71,71,71,71,71,71],"card_choices":[{"not_picked":["Rebound","Chaos"],"picked":"Coolheaded","floor":1.0},{"not_picked":["Fusion","Redo"],"picked":"Sweeping Beam","floor":2.0},{"not_picked":["Beam Cell","Compile Driver"],"picked":"Defragment","floor":3.0},{"not_picked":["Leap","Gash"],"picked":"Stack","floor":4.0},{"not_picked":["Steam Power","Reprogram"],"picked":"Turbo","floor":5.0},{"not_picked":["Consume","Gash"],"picked":"Cold Snap","floor":7.0},{"not_picked":["Chill","Coolheaded"],"picked":"Ball Lightning","floor":8.0},{"not_picked":["Stack","Melter"],"picked":"Compile Driver","floor":13.0},{"not_picked":["Thunder Strike","Amplify"],"picked":"Creative AI","floor":16.0},{"not_picked":["Leap","Auto Shields","Double Energy"],"picked":"SKIP","floor":18},{"not_picked":["Capacitor","Rip and Tear+1"],"picked":"Barrage","floor":19},{"not_picked":["Redo","Auto Shields"],"picked":"Stack+1","floor":24},{"not_picked":["Streamline","Steam"],"picked":"Recycle","floor":25}],"player_experience":236920,"relics_obtained":[{"floor":9.0,"key":"Whetstone"},{"floor":19,"key":"Red Mask"},{"floor":26,"key":"CaptainsWheel"}],"event_choices":[{"damage_healed":0.0,"max_hp_gain":0.0,"max_hp_loss":0.0,"gold_gain":0.0,"event_name":"Shining Light","player_choice":"Entered Light","floor":11.0,"gold_loss":0.0,"damage_taken":21.0,"cards_upgraded":["Defend_B","Zap"]},{"damage_healed":0,"gold_gain":0,"player_choice":"Fought Bandits","damage_taken":0,"max_hp_gain":0,"max_hp_loss":0,"event_name":"Masked Bandits","floor":19,"gold_loss":0},{"damage_healed":0,"gold_gain":0,"player_choice":"Ignored","damage_taken":0,"max_hp_gain":0,"max_hp_loss":0,"event_name":"Ghosts","floor":20,"gold_loss":0}],"is_beta":false,"boss_relics":[{"not_picked":["Black Star","Nuclear Battery"],"picked":"Inserter"}],"items_purged_floors":[],"is_endless":false,"potions_floor_spawned":[3,4,8,25],"killed_by":"Book of Stabbing","ascension_level":18}}