{"host":"ki5kvxn974a96omm","time":1608327833,"event":{"mods":["BaseMod","Colored Map","Colored Powertips","Downfall","Key Reminder","Minty Spire (QoL Compilation)","Relic Sorter","StSLib"],"gold_per_floor":[399,416,1,101,115,40,66,93,93,121,139,41,41,57,69,169,169,94,112,112,139,239,267,267,300,310,235,248,248,10,29,48,153,153,153,170,202,252,252,283,307,327,356,368,382,45,55,105,121,121,121,148,60,60,60],"floor_reached":56,"playtime":4865,"items_purged":["champ:Strike","champ:Strike"],"score":1545,"play_id":"f67f9ee5-340d-4432-9216-bc8bd9fcf778","local_time":"20201218164353","is_ascension_mode":true,"campfire_choices":[{"floor":1,"key":"RECALL"},{"data":"champ:Taunt","floor":6,"key":"SMITH"},{"floor":9,"key":"REST"},{"data":"champ:Encircle","floor":18,"key":"SMITH"},{"data":"champ:TornadoPunch","floor":20,"key":"SMITH"},{"data":"champ:EndlessRage","floor":27,"key":"SMITH"},{"data":"champ:SteelEdge","floor":35,"key":"SMITH"},{"data":"champ:HeavySlash","floor":54,"key":"SMITH"}],"circlet_count":0,"master_deck":["champ:Defend","champ:Defend","champ:Defend","champ:Execute","champ:Taunt+1","champ:RageSigil","champ:Encircle+1","champ:TornadoPunch+1","champ:SwordSigil+1","champ:Riposte+1","champ:RecklessLeap","champ:StanceDance+1","champ:Backstep+1","champ:FocusedBerserking+1","champ:BringItOn+1","expansioncontent:GuardianWhirl","champ:EndlessRage+1","champ:LastStand","champ:ArenaPreparation+1","champ:CalledShot+1","J.A.X.+1","champ:ViciousMockery+1","champ:HeavySlash+1","champ:RapidStrikes+1","champ:BerserkersShout+1","champ:FaceSlap","champ:StanceDance+1","expansioncontent:Corrupt+1","champ:Control+1","champ:GladiatorsShout+1","champ:SteelEdge+1","champ:Aggression+1","champ:ShieldSigil+1","champ:SkillfulDodge+1","champ:CrownThrow","champ:SwordSigil+1","champ:GutPunch+1","champ:StanceDance+1","champ:BerserkerStyle","Thinking Ahead+1","champ:Backstep+1","champ:ArenaPreparation+1","expansioncontent:DefensiveMode"],"relics":["champ:ChampionCrown","Old Coin","Toxic Egg 2","CloakClasp","downfall:HeartBlessingRed","Bag of Preparation","Bottled Flame","StoneCalendar","Coffee Dripper","downfall:HeartBlessingGreen","Meat on the Bone","MutagenicStrength","Oddly Smooth Stone","White Beast Statue","downfall:HeartBlessingBlue","Incense Burner","sneckomod:SneckoTalon","Eternal Feather","Lizard Tail","Potion Belt","Blood Vial","Unceasing Top","Torii","Bottled Lightning"],"acts_visited":["Exordium","TheCity","TheBeyond","TheEnding"],"potions_floor_usage":[8,16,22,25,55,55,55,55,55,55,55,55],"damage_taken":[{"damage":1,"enemies":"Small Slimes","floor":2,"turns":3},{"damage":15,"enemies":"downfall:FleeingMerchant","floor":3,"turns":4},{"damage":34,"enemies":"downfall:FleeingMerchant","floor":4,"turns":9},{"damage":5,"enemies":"Jaw Worm","floor":5,"turns":3},{"damage":34,"enemies":"Lagavulin","floor":8,"turns":4},{"damage":45,"enemies":"Gremlin Nob","floor":10,"turns":3},{"damage":29,"enemies":"Cultist","floor":11,"turns":2},{"damage":38,"enemies":"downfall:FleeingMerchant","floor":12,"turns":4},{"damage":21,"enemies":"3 Louse","floor":14,"turns":7},{"damage":18,"enemies":"Large Slime","floor":15,"turns":4},{"damage":48,"enemies":"downfall:Watcher","floor":16,"turns":7},{"damage":29,"enemies":"Spheric Guardian","floor":19,"turns":1},{"damage":23,"enemies":"Slavers","floor":21,"turns":3},{"damage":63,"enemies":"downfall:Augmenter","floor":22,"turns":3},{"damage":50,"enemies":"Book of Stabbing","floor":23,"turns":3},{"damage":18,"enemies":"Slavers","floor":25,"turns":2},{"damage":25,"enemies":"3 Cultists","floor":26,"turns":2},{"damage":50,"enemies":"Shelled Parasite and Fungi","floor":28,"turns":4},{"damage":19,"enemies":"downfall:FleeingMerchant","floor":30,"turns":4},{"damage":31,"enemies":"Centurion and Healer","floor":31,"turns":3},{"damage":41,"enemies":"Cultist and Chosen","floor":32,"turns":3},{"damage":54,"enemies":"downfall:Defect","floor":33,"turns":4},{"damage":31,"enemies":"3 Darklings","floor":36,"turns":3},{"damage":55,"enemies":"Reptomancer","floor":37,"turns":3},{"damage":27,"enemies":"2 Orb Walkers","floor":38,"turns":3},{"damage":35,"enemies":"Giant Head","floor":40,"turns":1},{"damage":41,"enemies":"3 Shapes","floor":42,"turns":2},{"damage":47,"enemies":"Nemesis","floor":43,"turns":3},{"damage":67,"enemies":"Transient","floor":44,"turns":5},{"damage":81,"enemies":"4 Shapes","floor":45,"turns":2},{"damage":21,"enemies":"Sphere and 2 Shapes","floor":47,"turns":2},{"damage":43,"enemies":"Mind Bloom Boss Battle","floor":48,"turns":5},{"damage":35,"enemies":"Spire Growth","floor":49,"turns":1},{"damage":76,"enemies":"downfall:Silent","floor":50,"turns":4},{"damage":54,"enemies":"downfall:CharBossMerchant","floor":52,"turns":4},{"damage":181,"enemies":"downfall:NeowBoss","floor":55,"turns":15}],"seed_played":"2868792863904743474","potions_obtained":[{"floor":5,"key":"Fire Potion"},{"floor":11,"key":"Swift Potion"},{"floor":14,"key":"Swift Potion"},{"floor":15,"key":"champ:TechniquePotion"},{"floor":19,"key":"Strength Potion"},{"floor":26,"key":"ColorlessPotion"},{"floor":28,"key":"EntropicBrew"},{"floor":32,"key":"LiquidMemories"},{"floor":40,"key":"Weak Potion"},{"floor":42,"key":"Block Potion"},{"floor":45,"key":"PowerPotion"}],"is_trial":false,"path_per_floor":["R","M","$","?","M","R","T","E","R","E","M","$","?","M","M","B",null,"R","M","R","E","?","E","T","E","M","R","M","?","$","M","M","B",null,"R","M","E","?","?","E","T","M","E","M","M","$","M","?","M","B",null,"E","$","R","B",null],"character_chosen":"THE_CHAMP","items_purchased":["Toxic Egg 2","champ:TornadoPunch","champ:SwordSigil+1","expansioncontent:GuardianWhirl","expansioncontent:Corrupt+1","Incense Burner","champ:Control+1","champ:BerserkerStyle","Thinking Ahead+1","expansioncontent:DefensiveMode"],"campfire_rested":1,"item_purchase_floors":[3,3,3,12,30,30,30,46,46,53],"current_hp_per_floor":[63,62,57,41,36,36,36,31,58,50,50,48,48,66,68,78,90,90,90,90,90,90,90,90,87,90,100,100,100,99,100,98,99,100,100,97,100,96,96,100,100,100,100,100,73,73,72,100,100,100,100,100,100,100,100],"gold":60,"neow_bonus":"ONE_RARE_RELIC","is_daily":false,"chose_seed":false,"campfire_upgraded":6,"win_rate":0.0,"timestamp":1608327833,"path_taken":["R","M","$","?","M","R","T","E","R","E","M","?","?","?","M","BOSS","R","M","R","E","?","E","T","E","M","R","M","?","$","M","M","BOSS","R","M","E","?","?","E","T","M","E","?","M","$","M","?","M","BOSS","E","$","R","BOSS"],"items_purchased_type":["Relic","Card","Card","Card","Card","Relic","Card","Card","Card","Card"],"build_version":"2020-12-13","purchased_purges":2,"victory":true,"max_hp_per_floor":[90,90,90,90,90,90,90,90,90,90,90,90,90,90,90,90,90,90,90,90,90,90,90,90,90,90,100,100,100,100,100,100,100,100,100,100,100,100,100,100,100,100,100,100,100,100,100,100,100,100,100,100,100,100,100],"card_choices":[{"not_picked":["champ:HeartStrike","champ:FalseCounter"],"picked":"champ:RageSigil","floor":2},{"not_picked":["champ:CrookedStrike","champ:FalseCounter"],"picked":"champ:Encircle","floor":3},{"not_picked":["champ:PerfectedStrike","champ:RageSigil+1"],"picked":"champ:Riposte+1","floor":4},{"not_picked":["champ:SwordSigil+1","champ:TornadoPunch"],"picked":"champ:RecklessLeap","floor":5},{"not_picked":["champ:GladiatorStyle","champ:Haymaker"],"picked":"champ:StanceDance+1","floor":8},{"not_picked":["champ:EnchantSword+1","champ:ShieldSigil+1"],"picked":"champ:Backstep+1","floor":10},{"not_picked":["champ:ShieldSigil+1","champ:RisingSlash"],"picked":"champ:FocusedBerserking+1","floor":11},{"not_picked":["champ:FaceSlap","champ:DeathBlow"],"picked":"champ:BringItOn+1","floor":12},{"not_picked":["champ:PerfectedStrike","champ:ShieldWall","champ:Haymaker"],"picked":"SKIP","floor":14},{"not_picked":["champ:FalseCounter+1","champ:FlashCut"],"picked":"champ:EndlessRage","floor":15},{"not_picked":["champ:EnchantShield+1","champ:DancingMaster"],"picked":"champ:LastStand","floor":16},{"not_picked":["champ:Circumvent+1","champ:CrookedStrike"],"picked":"champ:ArenaPreparation+1","floor":19},{"not_picked":["champ:EnragedBash","champ:GutPunch"],"picked":"champ:CalledShot+1","floor":21},{"not_picked":[],"picked":"J.A.X.+1","floor":22},{"not_picked":["champ:Backstep+1","champ:IronFortress+1"],"picked":"champ:RapidStrikes+1","floor":22},{"not_picked":["champ:GladiatorsShout+1","champ:TornadoPunch"],"picked":"champ:BerserkersShout+1","floor":23},{"not_picked":["champ:ShieldSlam","champ:Haymaker","champ:ShieldSigil+1"],"picked":"SKIP","floor":25},{"not_picked":["champ:IronFortress","champ:HeartStrike"],"picked":"champ:FaceSlap","floor":26},{"not_picked":["champ:FlashCut","champ:BerserkerStyle"],"picked":"champ:StanceDance+1","floor":28},{"not_picked":["champ:CrookedStrike","champ:Shatter+1","champ:FlashCut"],"picked":"SKIP","floor":30},{"not_picked":["champ:FalseCounter+1","champ:EnragedBash"],"picked":"champ:GladiatorsShout+1","floor":31},{"not_picked":["champ:Backstep+1","champ:DeathBlow","champ:DefensiveShout+1"],"picked":"SKIP","floor":32},{"not_picked":["champ:EnchantShield+1","champ:DancingMaster"],"picked":"champ:SteelEdge","floor":33},{"not_picked":["champ:IronFortress+1","champ:StanceDance+1"],"picked":"champ:Aggression+1","floor":36},{"not_picked":["champ:DefensiveStyle","champ:GutPunch+1"],"picked":"champ:ShieldSigil+1","floor":37},{"not_picked":["champ:FlashCut+1","champ:FanOfKnives"],"picked":"champ:SkillfulDodge+1","floor":38},{"not_picked":["champ:DeathBlow+1","champ:PerfectedStrike"],"picked":"champ:CrownThrow","floor":40},{"not_picked":["champ:EnGarde+1","champ:PerfectedStrike+1"],"picked":"champ:SwordSigil+1","floor":42},{"not_picked":["champ:TornadoPunch","champ:DefensiveStyle","champ:SwordSigil+1"],"picked":"SKIP","floor":43},{"not_picked":["champ:DeathBlow","champ:SkillfulDodge+1"],"picked":"champ:GutPunch+1","floor":44},{"not_picked":["champ:SkillfulDodge+1","champ:BladeFlurry+1"],"picked":"champ:StanceDance+1","floor":45},{"not_picked":["champ:Circumvent+1","champ:RageSigil+1"],"picked":"champ:Backstep+1","floor":47},{"not_picked":["champ:CrookedStrike","champ:PerfectedStrike+1","champ:TornadoPunch+1"],"picked":"SKIP","floor":49},{"not_picked":["champ:FocusedBerserking+1","champ:PerfectedStrike+1"],"picked":"champ:ArenaPreparation+1","floor":52}],"player_experience":1863193,"relics_obtained":[{"floor":4,"key":"CloakClasp"},{"floor":7,"key":"Bag of Preparation"},{"floor":8,"key":"Bottled Flame"},{"floor":10,"key":"StoneCalendar"},{"floor":21,"key":"Meat on the Bone"},{"floor":22,"key":"MutagenicStrength"},{"floor":23,"key":"Oddly Smooth Stone"},{"floor":25,"key":"White Beast Statue"},{"floor":37,"key":"Eternal Feather"},{"floor":38,"key":"Lizard Tail"},{"floor":40,"key":"Potion Belt"},{"floor":41,"key":"Blood Vial"},{"floor":43,"key":"Unceasing Top"},{"floor":48,"key":"Torii"},{"floor":52,"key":"Bottled Lightning"}],"event_choices":[{"cards_removed":["champ:Strike"],"damage_healed":0,"gold_gain":0,"player_choice":"Purged","damage_taken":0,"max_hp_gain":0,"max_hp_loss":0,"event_name":"Purifier","floor":13,"gold_loss":0},{"damage_healed":0,"gold_gain":0,"player_choice":"Fight","damage_taken":0,"max_hp_gain":0,"max_hp_loss":0,"event_name":"Mysterious Sphere","floor":38,"gold_loss":0}],"is_beta":false,"boss_relics":[{"not_picked":["Calling Bell","Pandora\u0027s Box"],"picked":"Coffee Dripper"},{"not_picked":["Snecko Eye","Tiny House"],"picked":"sneckomod:SneckoTalon"}],"items_purged_floors":[3,46],"is_endless":false,"potions_floor_spawned":[5,11,14,15,19,26,28,30,31,32,33,36,37,38,40,42,43,44,45,47,48,49,52],"ascension_level":2}}