{"host":"21h5e52imz35vo8g","time":1608271805,"event":{"mods":["AchievementEnabler","BaseMod","Colored Map","Colored Powertips","Googly Eyes","Minty Spire (QoL Compilation)","Quick Restart","Rare Cards Sparkle","Replay The Spire","StSLib"],"gold_per_floor":[117,117,127,139,157,157,185,185,185,220,50,50,50,70,70,172,172,182,182,182,182],"floor_reached":20,"playtime":1040,"items_purged":[],"score":218,"play_id":"6d7cd111-892a-45c2-9407-a39d1e560a82","local_time":"20201218141005","is_ascension_mode":true,"campfire_choices":[{"data":"Replay:Bag of Tricks","floor":6.0,"key":"SMITH"},{"floor":8,"key":"REST"},{"data":"Transmutation","floor":13,"key":"SMITH"},{"data":"Neutralize","floor":15,"key":"SMITH"}],"circlet_count":0,"master_deck":["Strike_G","Strike_G","Strike_G","Strike_G","Defend_G","Defend_G","Defend_G","Survivor","Neutralize+1","Flying Knee","Predator","Replay:Bag of Tricks+1","Transmutation+1","Adrenaline","Hallucinations"],"relics":["Ring of the Snake","Dream Catcher","Potion Belt","Replay:Bottled Steam","HoveringKite","Ring of Hypnosis"],"acts_visited":["Exordium","TheCity"],"potions_floor_usage":[7,7,16,18,20],"damage_taken":[{"damage":2.0,"enemies":"Small Slimes","floor":1.0,"turns":4.0},{"damage":1.0,"enemies":"Cultist","floor":3.0,"turns":4.0},{"damage":1.0,"enemies":"Jaw Worm","floor":4.0,"turns":2.0},{"damage":0.0,"enemies":"Large Slime","floor":5.0,"turns":4.0},{"damage":29,"enemies":"3 Sentries","floor":7,"turns":7},{"damage":4,"enemies":"Gremlin Nob","floor":10,"turns":4},{"damage":11,"enemies":"Looter","floor":14,"turns":2},{"damage":12,"enemies":"Hexaghost","floor":16,"turns":8},{"damage":30,"enemies":"2 Thieves","floor":18,"turns":4},{"damage":29,"enemies":"Masked Bandits","floor":20,"turns":4}],"seed_played":"1412258124886900675","potions_obtained":[{"floor":1.0,"key":"Explosive Potion"},{"floor":5.0,"key":"Swift Potion"},{"floor":10,"key":"ColorlessPotion"},{"floor":14,"key":"Block Potion"},{"floor":16,"key":"Explosive Potion"}],"is_trial":false,"path_per_floor":["M","?","M","M","M","R","E","R","T","E","$","?","R","M","R","B",null,"M","?","?"],"character_chosen":"THE_SILENT","items_purchased":["Transmutation"],"campfire_rested":1,"item_purchase_floors":[11],"current_hp_per_floor":[68,68,67,66,66,66,37,58,58,54,54,54,54,43,43,31,70,40,40,11,11],"gold":182,"neow_bonus":"REMOVE_CARD","is_daily":false,"chose_seed":false,"campfire_upgraded":3,"win_rate":0.0,"timestamp":1608271805,"path_taken":["M","?","?","M","M","R","E","R","T","E","$","?","R","M","R","BOSS","M","?","?"],"items_purchased_type":["Card"],"build_version":"2020-12-13","purchased_purges":0,"victory":false,"max_hp_per_floor":[70,70,70,70,70,70,70,70,70,70,70,70,70,70,70,70,70,70,70,70,70],"card_choices":[{"not_picked":["PiercingWail","Dodge and Roll"],"picked":"Flying Knee","floor":1.0},{"not_picked":["Concentrate","Underhanded Strike"],"picked":"Predator","floor":3.0},{"not_picked":["Riddle With Holes","Sucker Punch","Deflect"],"picked":"SKIP","floor":4.0},{"not_picked":["Dagger Throw","Hidden Blade"],"picked":"Replay:Bag of Tricks","floor":5.0},{"not_picked":["Flying Knee","Prepared","Acrobatics"],"picked":"SKIP","floor":7},{"not_picked":["PiercingWail","Infinite Blades","Poisoned Stab"],"picked":"SKIP","floor":10},{"not_picked":["Fluid Movement","Toxin Wave","Heel Hook"],"picked":"SKIP","floor":14},{"not_picked":["ReplayTheSpireMod:From All Sides","Unload"],"picked":"Adrenaline","floor":16},{"not_picked":["Poisoned Stab","Dagger Throw+1","ReplayTheSpireMod:Tripwire+1"],"picked":"SKIP","floor":18}],"player_experience":275111,"relics_obtained":[{"floor":7,"key":"Dream Catcher"},{"floor":9,"key":"Potion Belt"},{"floor":10,"key":"Replay:Bottled Steam"},{"floor":19,"key":"Ring of Hypnosis"}],"event_choices":[{"cards_removed":["Strike_G"],"damage_healed":0.0,"max_hp_gain":0.0,"max_hp_loss":0.0,"gold_gain":0.0,"event_name":"Purifier","player_choice":"Purged","floor":2.0,"gold_loss":0.0,"damage_taken":0.0},{"damage_healed":0,"gold_gain":0,"player_choice":"Fought Bandits","damage_taken":0,"max_hp_gain":0,"max_hp_loss":0,"event_name":"Masked Bandits","floor":20,"gold_loss":0}],"is_beta":false,"boss_relics":[{"not_picked":["Abe\u0027s Treasure","Snecko Scales"],"picked":"HoveringKite"}],"items_purged_floors":[],"is_endless":false,"potions_floor_spawned":[1,5,10,14,16],"killed_by":"Masked Bandits","ascension_level":4}}