{"host":"wghdsg8ym2wc7ov9","time":1608319208,"event":{"mods":["AchievementEnabler","BaseMod","Better Altar","Better Note","Colored Map","Hermit","Highlight Path","Jorbs\u0027s Wanderer Trilogy","Minty Spire (QoL Compilation)","Random Character Button","Relic Stats","Shop Mod","StSLib","The Bug Knight","The Cursed","The Hierophant","The Servant 0.9.4"],"gold_per_floor":[119,119,138,148,148,176,176,22,22,35,47,47,60,86,86,188,188,201,219,239,239,252,285,302,302,302,317,329,329,348,1,1,98,98,110,110,160,170,181,181,214,214,214,239,257,270,270,1,1,1,1,1,1,27,27,27],"floor_reached":55,"playtime":8582,"items_purged":["Normality"],"score":838,"play_id":"69b24285-2816-4fdb-b9ee-ee2874e38704","local_time":"20201218112008","is_ascension_mode":false,"campfire_choices":[{"data":"ForeignInfluence","floor":7.0,"key":"SMITH"},{"data":"Vault","floor":12.0,"key":"SMITH"},{"data":"LikeWater","floor":15.0,"key":"SMITH"},{"data":"RitualDagger","floor":25.0,"key":"SMITH"},{"floor":32.0,"key":"REST"},{"floor":40.0,"key":"REST"},{"floor":42.0,"key":"REST"},{"floor":49.0,"key":"RECALL"},{"data":"SpiritShield","floor":52,"key":"SMITH"}],"circlet_count":0,"master_deck":["Strike_P","Strike_P","Strike_P","Strike_P","Defend_P","Defend_P","Defend_P","Defend_P","Eruption","Vigilance","LikeWater+1","ForeignInfluence+1","Vault+1","Judgement+1","Judgement","ClearTheMind","FearNoEvil","Protect","ReachHeaven","Omniscience","FlurryOfBlows+1","EmptyBody","ForeignInfluence","RitualDagger+1","DeceiveReality","Vengeance","CutThroughFate+1","SandsOfTime+1","MasterReality","Halt","Halt+1","SpiritShield+1","CurseOfTheBell","WheelKick","Collect","Weave","PathToVictory+1","DevaForm+1","stsjorbsmod:Withering","ThirdEye","PathToVictory+1","PathToVictory+1","Doubt","BattleHymn+1","Good Instincts+1","Worship+1","Meditate"],"relics":["PureWater","Mercury Hourglass","HollowMod:StagPassRelic","Blood Vial","PreservedInsect","Bronze Scales","Cursed Key","HollowMod:PaleOreRelic","Happy Flower","Sling","Calling Bell","Toy Ornithopter","Frozen Egg 2","Pocketwatch","Lizard Tail","Shuriken","Yang","Regal Pillow","Letter Opener"],"acts_visited":["Exordium","TheCity","TheBeyond","TheEnding"],"potions_floor_usage":[50,50,55,55],"damage_taken":[{"damage":0.0,"enemies":"2 Louse","floor":1.0,"turns":4.0},{"damage":0.0,"enemies":"Cultist","floor":3.0,"turns":5.0},{"damage":0.0,"enemies":"Small Slimes","floor":4.0,"turns":3.0},{"damage":0.0,"enemies":"Gremlin Nob","floor":6.0,"turns":3.0},{"damage":0.0,"enemies":"Blue Slaver","floor":10.0,"turns":1.0},{"damage":0.0,"enemies":"Exordium Thugs","floor":11.0,"turns":2.0},{"damage":0.0,"enemies":"Exordium Wildlife","floor":13.0,"turns":2.0},{"damage":0.0,"enemies":"HollowMod:MossKnight","floor":14.0,"turns":4.0},{"damage":30.0,"enemies":"Hexaghost","floor":16.0,"turns":8.0},{"damage":0.0,"enemies":"Spheric Guardian","floor":18.0,"turns":1.0},{"damage":0.0,"enemies":"Shell Parasite","floor":19.0,"turns":5.0},{"damage":1.0,"enemies":"Shelled Parasite and Fungi","floor":20.0,"turns":5.0},{"damage":1.0,"enemies":"3 Cultists","floor":22.0,"turns":4.0},{"damage":0.0,"enemies":"Gremlin Leader","floor":23.0,"turns":4.0},{"damage":21.0,"enemies":"Snake Plant","floor":24.0,"turns":2.0},{"damage":0.0,"enemies":"Snecko","floor":27.0,"turns":2.0},{"damage":0.0,"enemies":"3 Cultists","floor":28.0,"turns":3.0},{"damage":18.0,"enemies":"Shelled Parasite and Fungi","floor":30.0,"turns":3.0},{"damage":12.0,"enemies":"Automaton","floor":33.0,"turns":10.0},{"damage":3.0,"enemies":"3 Darklings","floor":35.0,"turns":4.0},{"damage":27.0,"enemies":"2 Orb Walkers","floor":37.0,"turns":4.0},{"damage":2.0,"enemies":"3 Shapes","floor":38.0,"turns":6.0},{"damage":2.0,"enemies":"Transient","floor":39.0,"turns":6.0},{"damage":43.0,"enemies":"HollowMod:StalkingDevout","floor":41.0,"turns":5.0},{"damage":0.0,"enemies":"Nemesis","floor":44.0,"turns":4.0},{"damage":0.0,"enemies":"4 Shapes","floor":45.0,"turns":4.0},{"damage":29.0,"enemies":"3 Darklings","floor":46.0,"turns":6.0},{"damage":46,"enemies":"Donu and Deca","floor":50,"turns":9},{"damage":38,"enemies":"Shield and Spear","floor":54,"turns":6},{"damage":112,"enemies":"The Heart","floor":55,"turns":7}],"seed_played":"-1881621604748344975","potions_obtained":[{"floor":4.0,"key":"Strength Potion"},{"floor":10.0,"key":"Block Potion"},{"floor":19.0,"key":"Weak Potion"},{"floor":24.0,"key":"Swift Potion"},{"floor":27.0,"key":"SpeedPotion"},{"floor":28.0,"key":"EntropicBrew"},{"floor":30.0,"key":"PowerPotion"},{"floor":38.0,"key":"FearPotion"},{"floor":46.0,"key":"LiquidMemories"},{"floor":54,"key":"SpeedPotion"}],"is_trial":false,"path_per_floor":["M","?","M","M","?","E","R","$","T","M","M","R","M","E","R","B",null,"M","M","M","?","M","E","M","R","T","M","M","?","M","$","R","B",null,"M","?","?","M","M","R","E","R","T","E","M","M","?","$","R","B",null,"R","$","E","B"],"character_chosen":"WATCHER","items_purchased":["Blood Vial","Happy Flower","Sling","Halt","BattleHymn+1","Good Instincts","Worship"],"campfire_rested":3,"item_purchase_floors":[8,31,31,31,48,48,48],"current_hp_per_floor":[79,72,72,72,72,72,72,72,72,74,76,76,78,79,79,49,79,79,79,78,72,73,75,56,56,56,58,60,60,44,44,67,57,79,76,76,52,52,57,79,36,59,59,61,63,36,79,79,79,43,79,79,79,41,0,0],"gold":27,"neow_bonus":"TEN_PERCENT_HP_BONUS","is_daily":false,"chose_seed":false,"campfire_upgraded":5,"win_rate":0.0,"timestamp":1608319208,"path_taken":["M","?","M","M","?","E","R","$","T","?","M","R","M","E","R","BOSS","M","M","M","?","M","E","M","R","T","M","M","?","?","$","R","BOSS","M","?","?","M","M","R","E","R","T","E","M","M","?","$","R","BOSS","R","$","E","BOSS"],"items_purchased_type":["Relic","Relic","Relic","Card","Card","Card","Card"],"build_version":"2020-12-13","purchased_purges":1,"victory":false,"max_hp_per_floor":[79,79,79,79,79,79,79,79,79,79,79,79,79,79,79,79,79,79,79,79,79,79,79,79,79,79,79,79,79,79,79,79,79,79,79,79,79,79,79,79,79,79,79,79,79,79,79,79,79,79,79,79,79,79,79,79],"relic_stats":{"Regal Pillow":0,"Happy Flower":[23],"counters":[30,129],"Yang":[61],"PreservedInsect":236,"Letter Opener":[20],"Cursed Key":2,"Mercury Hourglass":[508],"Blood Vial":35,"Lizard Tail":39,"Shuriken":[9],"Bronze Scales":[309],"obtain_stats":[{"Regal Pillow":44,"Happy Flower":31,"Yang":43,"PreservedInsect":9,"Letter Opener":54,"Frozen Egg 2":34,"HollowMod:StagPassRelic":6,"Cursed Key":17,"Sling":31,"Mercury Hourglass":2,"Blood Vial":8,"Calling Bell":34,"Lizard Tail":37,"Shuriken":41,"Bronze Scales":14,"HollowMod:PaleOreRelic":23,"PureWater":0,"Toy Ornithopter":34,"Pocketwatch":34},{"Regal Pillow":25,"Happy Flower":18,"Yang":24,"PreservedInsect":4,"Letter Opener":29,"Frozen Egg 2":19,"HollowMod:StagPassRelic":4,"Cursed Key":9,"Sling":18,"Mercury Hourglass":1,"Blood Vial":4,"Calling Bell":19,"Lizard Tail":21,"Shuriken":24,"Bronze Scales":8,"HollowMod:PaleOreRelic":14,"PureWater":0,"Toy Ornithopter":19,"Pocketwatch":19},{"Regal Pillow":97,"Happy Flower":59,"Yang":93,"PreservedInsect":14,"Letter Opener":122,"Frozen Egg 2":69,"HollowMod:StagPassRelic":14,"Cursed Key":31,"Sling":59,"Mercury Hourglass":4,"Blood Vial":14,"Calling Bell":69,"Lizard Tail":77,"Shuriken":93,"Bronze Scales":23,"HollowMod:PaleOreRelic":50,"PureWater":0,"Toy Ornithopter":69,"Pocketwatch":69}],"Toy Ornithopter":26,"Pocketwatch":[34]},"card_choices":[{"not_picked":["Protect","Consecrate"],"picked":"LikeWater","floor":1.0},{"not_picked":["EmptyBody","ClearTheMind"],"picked":"ForeignInfluence","floor":3.0},{"not_picked":["JustLucky","Protect"],"picked":"Vault","floor":4.0},{"not_picked":["Crescendo","Evaluate"],"picked":"Judgement","floor":6.0},{"not_picked":["EmptyFist","BowlingBash"],"picked":"ClearTheMind","floor":10.0},{"not_picked":["EmptyMind","Evaluate"],"picked":"FearNoEvil","floor":11.0},{"not_picked":["Prostrate","Consecrate"],"picked":"Protect","floor":13.0},{"not_picked":["WaveOfTheHand","Prostrate"],"picked":"ReachHeaven","floor":14.0},{"not_picked":["Scrawl","ConjureBlade"],"picked":"Omniscience","floor":16.0},{"not_picked":["EmptyBody","SashWhip"],"picked":"FlurryOfBlows+1","floor":18.0},{"not_picked":["FlurryOfBlows","MentalFortress+1"],"picked":"EmptyBody","floor":19.0},{"not_picked":["WheelKick","CutThroughFate"],"picked":"ForeignInfluence","floor":20.0},{"not_picked":["PathToVictory","EmptyFist"],"picked":"DeceiveReality","floor":22.0},{"not_picked":["EmptyFist","Halt"],"picked":"Vengeance","floor":23.0},{"not_picked":["Fasting2+1","ClearTheMind"],"picked":"CutThroughFate+1","floor":24.0},{"not_picked":["Pray","Protect+1"],"picked":"SandsOfTime+1","floor":27.0},{"not_picked":["BowlingBash","Prostrate"],"picked":"MasterReality","floor":28.0},{"not_picked":["Prostrate+1","SashWhip"],"picked":"Halt","floor":30.0},{"not_picked":["ConjureBlade","Omniscience"],"picked":"SpiritShield","floor":33.0},{"not_picked":["Prostrate","BowlingBash"],"picked":"WheelKick","floor":35.0},{"not_picked":["FlurryOfBlows","Halt+1"],"picked":"Collect","floor":37.0},{"not_picked":["Consecrate","FlyingSleeves"],"picked":"Weave","floor":38.0},{"not_picked":["ClearTheMind+1","FlyingSleeves+1"],"picked":"PathToVictory+1","floor":39.0},{"not_picked":["Protect+1","ThirdEye+1"],"picked":"DevaForm+1","floor":41.0},{"not_picked":["EmptyFist","Conclude"],"picked":"ThirdEye","floor":44.0},{"not_picked":["Evaluate+1","Sanctity"],"picked":"PathToVictory+1","floor":45.0},{"not_picked":["EmptyFist","EmptyBody+1"],"picked":"PathToVictory+1","floor":46.0},{"not_picked":["WreathOfFlame+1","SashWhip+1"],"picked":"Meditate","floor":54}],"player_experience":430904,"relics_obtained":[{"floor":6.0,"key":"HollowMod:StagPassRelic"},{"floor":9.0,"key":"PreservedInsect"},{"floor":14.0,"key":"Bronze Scales"},{"floor":23.0,"key":"HollowMod:PaleOreRelic"},{"floor":34.0,"key":"Toy Ornithopter"},{"floor":34.0,"key":"Frozen Egg 2"},{"floor":34.0,"key":"Pocketwatch"},{"floor":37.0,"key":"Lizard Tail"},{"floor":41.0,"key":"Shuriken"},{"floor":43.0,"key":"Yang"},{"floor":44.0,"key":"Regal Pillow"},{"floor":54,"key":"Letter Opener"}],"event_choices":[{"damage_healed":0.0,"max_hp_gain":0.0,"max_hp_loss":0.0,"gold_gain":0.0,"event_name":"Scrap Ooze","player_choice":"Success","floor":2.0,"gold_loss":0.0,"damage_taken":7.0,"relics_obtained":["Mercury Hourglass"]},{"cards_removed":["ForeignInfluence"],"damage_healed":0.0,"max_hp_gain":0.0,"max_hp_loss":0.0,"gold_gain":0.0,"event_name":"betterNote:BetterNote","player_choice":"Take \u0026 Give","floor":5.0,"gold_loss":0.0,"damage_taken":0.0,"cards_obtained":["Judgement"]},{"damage_healed":0.0,"max_hp_gain":0.0,"max_hp_loss":0.0,"gold_gain":0.0,"event_name":"Nest","player_choice":"Joined the Cult","floor":21.0,"gold_loss":0.0,"damage_taken":6.0,"cards_obtained":["RitualDagger"]},{"damage_healed":0.0,"max_hp_gain":0.0,"max_hp_loss":0.0,"gold_gain":0.0,"event_name":"Ghosts","player_choice":"Ignored","floor":29.0,"gold_loss":0.0,"damage_taken":0.0},{"damage_healed":0.0,"max_hp_gain":0.0,"max_hp_loss":0.0,"gold_gain":0.0,"event_name":"Tomb of Lord Red Mask","player_choice":"Ignored","floor":36.0,"gold_loss":0.0,"damage_taken":0.0},{"damage_healed":0.0,"max_hp_gain":0.0,"max_hp_loss":0.0,"gold_gain":0.0,"event_name":"Mysterious Sphere","player_choice":"Fight","floor":37.0,"gold_loss":0.0,"damage_taken":0.0},{"damage_healed":43.0,"max_hp_gain":0.0,"max_hp_loss":0.0,"gold_gain":0.0,"event_name":"MindBloom","player_choice":"Heal","floor":47.0,"gold_loss":0.0,"damage_taken":0.0,"cards_obtained":["Doubt"]}],"is_beta":false,"boss_relics":[{"not_picked":["Astrolabe","SacredBark"],"picked":"Cursed Key"},{"not_picked":["Sozu","Snecko Eye"],"picked":"Calling Bell"}],"items_purged_floors":[48],"is_endless":false,"potions_floor_spawned":[4,10,19,24,27,28,30,35,38,46,54],"killed_by":"The Heart","ascension_level":0}}