{"host":"4a6fro0of1ie0h2w","time":1608300851,"event":{"mods":["Aspiration","BaseMod","CCEM","Colored Map","Conspire","Downfall","GifTheSpireLib","Halation","Highlight Path","Hubris","Infinite Spire","Marisa????????","Minty Spire (QoL Compilation)","Permanent Neow","Replay The Spire","StSLib","Stuff the Spire","The Servant 0.9.4"],"gold_per_floor":[0,17,49,149,149,149,149,74,14,14,28,13,13,24,36,36,36],"floor_reached":16,"playtime":1095,"items_purged":[],"score":103,"play_id":"88530195-f14e-4e32-860b-21cf7f83f634","local_time":"20201218161411","is_ascension_mode":true,"campfire_choices":[{"data":"champ:Devastate","floor":1,"key":"SMITH"},{"data":"champ:Taunt","floor":6,"key":"SMITH"},{"floor":8,"key":"RECALL"},{"data":"champ:BladeFlurry","floor":10,"key":"SMITH"}],"circlet_count":0,"master_deck":["champ:Strike","champ:Strike","champ:Strike","champ:Strike","champ:Defend","champ:Defend","champ:Defend","champ:Defend","champ:Execute","champ:Taunt+1","champ:Devastate+1","champ:Haymaker","champ:BladeFlurry+1","Regret","champ:ShieldWall","champ:GladiatorsShout","champ:SwordSigil","Pain"],"relics":["champ:ChampionCrown","StuffTheSpire:GrapeVine","StuffTheSpire:RedRose","downfall:HeartBlessingBlue","WarpedTongs"],"acts_visited":["Exordium"],"potions_floor_usage":[16,16,16],"damage_taken":[{"damage":0,"enemies":"2 Louse","floor":2,"turns":5},{"damage":42,"enemies":"3 Sentries","floor":3,"turns":10},{"damage":18,"enemies":"downfall:FleeingMerchant","floor":9,"turns":4},{"damage":9,"enemies":"Jaw Worm","floor":11,"turns":3},{"damage":14,"enemies":"downfall:FleeingMerchant","floor":12,"turns":4},{"damage":7,"enemies":"Cultist","floor":14,"turns":3},{"damage":9,"enemies":"3 Louse","floor":15,"turns":4},{"damage":19,"enemies":"downfall:Ironclad","floor":16,"turns":2}],"seed_played":"-6148232222020070695","potions_obtained":[{"floor":11,"key":"Explosive Potion"},{"floor":14,"key":"Toxic Potion"},{"floor":15,"key":"Elixir"}],"is_trial":false,"path_per_floor":["R","M","E","?","?","R","T","R","$","R","M","$","?","M","M","B"],"character_chosen":"THE_CHAMP","items_purchased":["champ:GladiatorsShout"],"campfire_rested":0,"item_purchase_floors":[9],"current_hp_per_floor":[90,90,53,53,53,53,53,63,50,50,41,27,27,20,11,0,0],"gold":36,"neow_bonus":"THREE_RARE_CARDS","is_daily":false,"chose_seed":false,"campfire_upgraded":3,"win_rate":0.0,"timestamp":1608300851,"path_taken":["R","M","E","?","?","R","T","R","$","R","M","$","?","?","M","BOSS"],"items_purchased_type":["Card"],"build_version":"2020-12-13","purchased_purges":0,"victory":false,"max_hp_per_floor":[90,90,90,90,90,90,90,100,100,100,100,100,100,100,100,100,100],"card_choices":[{"not_picked":["champ:SwordThrow","champ:HeavySlash"],"picked":"champ:Devastate","floor":0},{"not_picked":["champ:CrookedStrike","champ:TornadoPunch"],"picked":"champ:Haymaker","floor":2},{"not_picked":["champ:Balance","champ:Backstep"],"picked":"champ:BladeFlurry","floor":3},{"not_picked":["champ:HeartStrike","champ:Encircle"],"picked":"champ:ShieldWall","floor":9},{"not_picked":["champ:Aggression","champ:Backstep"],"picked":"champ:SwordSigil","floor":11},{"not_picked":["champ:RageSigil","champ:BringItOn","champ:PerfectedStrike"],"picked":"SKIP","floor":12},{"not_picked":["champ:FightOn","champ:EnGarde","champ:BerserkersShout"],"picked":"SKIP","floor":14},{"not_picked":["champ:SkillfulDodge","champ:TornadoPunch","champ:RapidStrikes"],"picked":"SKIP","floor":15}],"player_experience":194388,"relics_obtained":[{"floor":3,"key":"StuffTheSpire:GrapeVine"}],"event_choices":[{"damage_healed":0,"gold_gain":0,"player_choice":"Rummage","damage_taken":0,"relics_obtained":["WarpedTongs"],"max_hp_gain":0,"max_hp_loss":0,"event_name":"Accursed Blacksmith","floor":13,"gold_loss":0,"cards_obtained":["Pain"]}],"is_beta":false,"boss_relics":[],"items_purged_floors":[],"is_endless":false,"potions_floor_spawned":[11,14,15],"killed_by":"downfall:Ironclad","ascension_level":1}}