{"host":"uceopoba4zvqsgiy","time":1608252852,"event":{"mods":["Act Like it!","BaseMod","Better Skull","Better Third Choice","Elementarium","GifTheSpireLib","Hermit","Humility","Infinite Spire","Jorbs\u0027s Wanderer Trilogy","Marked Mod","Minty Spire (QoL Compilation)","Potionbrewer","Replay The Spire","Robot Space Explorer","Shade Mod","Spicy Shops","StSLib","Stuff the Spire","The Blue Laboratory","The Cursed","The Dragon Tamer","The Hierophant","The Judge","The Jungle","Wandering Minibosses"],"gold_per_floor":[112,112,112,37,37,37,71,71,71,105,124,154,164,15,15,118,118,43,43,54,66,88,68,68],"floor_reached":23,"playtime":3167,"items_purged":[],"score":398,"play_id":"1d4a3255-a411-4e15-8152-4cdedcce7e6f","local_time":"20201218112412","is_ascension_mode":true,"campfire_choices":[{"data":"Static Discharge","floor":6,"key":"SMITH"},{"data":"Multi-Cast","floor":8,"key":"SMITH"},{"floor":15,"key":"REST"}],"circlet_count":0,"master_deck":["Strike_B","Strike_B","Strike_B","Strike_B","Defend_B","Defend_B","Defend_B","Defend_B","Zap","Dualcast","Ball Lightning","Static Discharge+1","Echo Form","StuffTheSpire:ForEach","Buffer","Gash","Capacitor"],"relics":["FrozenCore","NeowsBlessing","Lantern","Du-Vu Doll","StuffTheSpire:HeavyRock","Quantum Egg","Replay:Ringing Soul","Smiling Mask","OrangePellets"],"acts_visited":["Exordium","TheCity"],"potions_floor_usage":[16,16,22,22,22,23],"damage_taken":[{"damage":0,"enemies":"Jaw Worm","floor":1,"turns":1},{"damage":0,"enemies":"3 Sentries","floor":7,"turns":1},{"damage":0,"enemies":"Lagavulin","floor":10,"turns":1},{"damage":6,"enemies":"Cultist","floor":11,"turns":3},{"damage":41,"enemies":"3 Sentries","floor":12,"turns":7},{"damage":0,"enemies":"infinitespire:Voidling","floor":13,"turns":3},{"damage":17,"enemies":"The Guardian","floor":16,"turns":9},{"damage":12,"enemies":"2 Thieves","floor":18,"turns":4},{"damage":13,"enemies":"Chosen","floor":20,"turns":5},{"damage":6,"enemies":"Snecko","floor":21,"turns":7},{"damage":46,"enemies":"Shelled Parasite and Fungi","floor":22,"turns":8},{"damage":37,"enemies":"Gremlin Leader","floor":23,"turns":3}],"seed_played":"3941972198901715461","potions_obtained":[{"floor":10,"key":"SteroidPotion"},{"floor":11,"key":"blueLaboratory:StoneskinPotion"},{"floor":12,"key":"blueLaboratory:CoolantVial"},{"floor":20,"key":"potionbrewer:MidasPotion"},{"floor":21,"key":"Swift Potion"},{"floor":22,"key":"infinitespire:BlackPotion"}],"is_trial":false,"path_per_floor":["M","?","?","$","?","R","E","R","T","E","M","E","M","$","R","B",null,"M","?","M","M","M","E"],"character_chosen":"DEFECT","items_purchased":["Static Discharge","OrangePellets"],"campfire_rested":1,"item_purchase_floors":[4,14],"current_hp_per_floor":[68,68,68,68,68,68,68,68,68,71,65,27,27,27,51,37,72,63,97,84,78,35,0,0],"gold":68,"neow_bonus":"THREE_ENEMY_KILL","is_daily":false,"chose_seed":false,"campfire_upgraded":2,"win_rate":0.0,"timestamp":1608252852,"path_taken":["M","?","?","$","?","R","E","R","T","E","M","E","?","?","R","BOSS","M","?","?","M","?","E"],"items_purchased_type":["Card","Relic"],"build_version":"2020-12-13","purchased_purges":0,"victory":false,"max_hp_per_floor":[75,75,75,75,75,75,75,75,75,78,78,81,81,81,81,84,84,87,97,97,97,100,100,100],"card_choices":[{"not_picked":["Go for the Eyes","Sweeping Beam"],"picked":"Ball Lightning","floor":1},{"not_picked":["ReplayTheSpireMod:Repulse","Melter"],"picked":"Multi-Cast","floor":7},{"not_picked":["Go for the Eyes","Turbo"],"picked":"Echo Form","floor":10},{"not_picked":["Leap","Rebound","StuffTheSpire:SnapShoot"],"picked":"SKIP","floor":11},{"not_picked":["Go for the Eyes","Compile Driver"],"picked":"StuffTheSpire:ForEach","floor":12},{"not_picked":["Cold Snap","Steam","Crystallizer"],"picked":"SKIP","floor":13},{"not_picked":["StuffTheSpire:Purify","All For One"],"picked":"Buffer","floor":16},{"not_picked":["Aggregate+1","Hello World"],"picked":"Gash","floor":18},{"not_picked":["Turbo","ReplayTheSpireMod:Repulse","Cold Snap"],"picked":"SKIP","floor":20},{"not_picked":["Rebound+1","StuffTheSpire:NuclearReactor","Turbo+1"],"picked":"SKIP","floor":21},{"not_picked":["Beam Cell","Blizzard"],"picked":"Capacitor","floor":22}],"player_experience":1537535,"relics_obtained":[{"floor":2,"key":"Lantern"},{"floor":7,"key":"StuffTheSpire:HeavyRock"},{"floor":9,"key":"Quantum Egg"},{"floor":10,"key":"Replay:Ringing Soul"},{"floor":12,"key":"Smiling Mask"}],"event_choices":[{"damage_healed":0,"gold_gain":0,"player_choice":"Box","damage_taken":0,"relics_obtained":["Du-Vu Doll"],"max_hp_gain":0,"max_hp_loss":0,"event_name":"Big Fish","floor":3,"gold_loss":0,"cards_obtained":["Regret"]},{"cards_removed":["Regret"],"damage_healed":0,"gold_gain":0,"player_choice":"Purged","damage_taken":0,"max_hp_gain":0,"max_hp_loss":0,"event_name":"Purifier","floor":5,"gold_loss":0},{"cards_removed":["Multi-Cast"],"damage_healed":24,"gold_gain":0,"player_choice":"Offered Rare","damage_taken":0,"max_hp_gain":10,"max_hp_loss":0,"event_name":"Bonfire Elementals","floor":19,"gold_loss":0}],"is_beta":false,"boss_relics":[{"not_picked":["Replay:Wanted Poster","Kintsugi"],"picked":"FrozenCore"}],"items_purged_floors":[],"is_endless":false,"potions_floor_spawned":[10,11,12,20,21,22],"killed_by":"Gremlin Leader","ascension_level":9}}