{"host":"llpusn9usp8rznkj","time":1608265186,"event":{"mods":["2.2 Compatiblity","BaseMod","Colored Map","Colored Powertips","Conspire","Downfall","Hubris","Minty Spire (QoL Compilation)","Rare Cards Sparkle","Replay The Spire","StSLib","The Cursed"],"gold_per_floor":[118,118,118,393,418,418,418,418,431,431,431,444,444,444],"floor_reached":13,"playtime":194,"items_purged":[],"score":146,"play_id":"eb5fd976-ff91-4281-b69a-4a476c7bf608","local_time":"20201217231946","is_ascension_mode":true,"campfire_choices":[{"data":"Zap","floor":8,"key":"SMITH"},{"data":"Dualcast","floor":10,"key":"SMITH"}],"circlet_count":0,"master_deck":["AscendersBane","Strike_B","Strike_B","Strike_B","Defend_B","Defend_B","Defend_B","Defend_B","Zap+1","Dualcast+1","Reinforced Body","Regret","Conserve Battery","Streamline","Genetic Algorithm"],"relics":["Cracked Core","NeowsBlessing","Golden Idol","Garlic"],"acts_visited":["Exordium"],"potions_floor_usage":[12,12],"damage_taken":[{"damage":0,"enemies":"Small Slimes","floor":1,"turns":1},{"damage":0,"enemies":"Jaw Worm","floor":5,"turns":1},{"damage":0,"enemies":"2 Louse","floor":9,"turns":1},{"damage":10,"enemies":"Gremlin Gang","floor":12,"turns":5},{"damage":34,"enemies":"Gremlin Nob","floor":13,"turns":3}],"seed_played":"7994610124639970758","potions_obtained":[{"floor":1,"key":"SkillPotion"},{"floor":5,"key":"SkillPotion"}],"is_trial":false,"path_per_floor":["M","?","?","?","M","PTL","PTL","R","M","R","T","M","E"],"character_chosen":"DEFECT","items_purchased":[],"campfire_rested":0,"item_purchase_floors":[],"current_hp_per_floor":[64,40,33,33,33,33,33,33,33,33,33,23,0,0],"gold":444,"neow_bonus":"THREE_ENEMY_KILL","is_daily":false,"chose_seed":false,"campfire_upgraded":2,"win_rate":0.0,"timestamp":1608265186,"path_taken":["M","?","?","?","M","PTL","PTL","R","M","R","T","?","E"],"items_purchased_type":[],"build_version":"2020-12-13","purchased_purges":0,"victory":false,"max_hp_per_floor":[71,71,71,71,71,71,71,71,71,71,71,71,71,71],"card_choices":[{"not_picked":["Double Energy","ReplayTheSpireMod:System Scan"],"picked":"Reinforced Body","floor":1},{"not_picked":["conspire:SharedLibrary","Beam Cell"],"picked":"Conserve Battery","floor":5},{"not_picked":["Hello World","Auto Shields"],"picked":"Streamline","floor":9},{"not_picked":["ReplayTheSpireMod:System Scan","Blizzard"],"picked":"Genetic Algorithm","floor":12}],"player_experience":1074482,"relics_obtained":[{"floor":11,"key":"Garlic"}],"event_choices":[{"damage_healed":0,"gold_gain":0,"player_choice":"Take Damage","damage_taken":24,"relics_obtained":["Golden Idol"],"max_hp_gain":0,"max_hp_loss":0,"event_name":"Golden Idol","floor":2,"gold_loss":0},{"cards_removed":["Strike_B"],"damage_healed":0,"gold_gain":0,"player_choice":"Card Removal","damage_taken":7,"max_hp_gain":0,"max_hp_loss":0,"event_name":"Golden Wing","floor":3,"gold_loss":0},{"damage_healed":0,"gold_gain":275,"player_choice":"Desecrate","damage_taken":0,"max_hp_gain":0,"max_hp_loss":0,"event_name":"Golden Shrine","floor":4,"gold_loss":0,"cards_obtained":["Regret"]}],"is_beta":false,"boss_relics":[],"items_purged_floors":[],"is_endless":false,"potions_floor_spawned":[1,5],"killed_by":"Gremlin Nob","ascension_level":20}}