{"host":"flm17o2q7bfjyna6","time":1608320320,"event":{"mods":["2.2 Compatiblity","Act Like it!","BaseMod","Better Altar","Better Match","Better Note","Better Sensory Stone","Better Skull","Better Third Choice","Better Vampires","Colored Map","Colored Powertips","DeckTracker","Hermit","Minty Spire (QoL Compilation)","Quick Restart","Replay The Spire","Reworked Bosses","Spicy Shops","StSLib","Wandering Minibosses"],"gold_per_floor":[115,40,40,54,54,87,120,120,120,164,164,164,164,178,178,267,267,287,287,358,53,76,76,76,92,165,180,23,56,56,92,92,92,92],"floor_reached":33,"playtime":1676,"items_purged":["Strike_R"],"score":506,"play_id":"3a86065d-0195-41da-8880-e713684b8b44","local_time":"20201218143840","is_ascension_mode":true,"campfire_choices":[{"floor":11,"key":"REST"},{"data":"Bash","floor":13,"key":"SMITH"},{"data":"Sword Boomerang","floor":15,"key":"SMITH"},{"data":"Sword Boomerang","floor":23,"key":"SMITH"}],"circlet_count":0,"master_deck":["AscendersBane","Strike_R","Strike_R","Defend_R+1","Defend_R","Defend_R","Defend_R+1","Bash+1","Twin Strike","Dropkick+1","Sword Boomerang+1","Clash","Immolate","Sword Boomerang+1","Bludgeon","Metallicize+1","Iron Wave","Metallicize+1","True Grit"],"relics":["Burning Blood","Akabeko","Golden Idol","Gambling Chip","Odd Mushroom","ReplayFunnel","Frozen Egg 2","Replay:Bottled Snecko","Pear","Replay:Grab Bag","Coffee Dripper","Philosopher\u0027s Stone","Empty Cage","SacredBark","StrikeDummy","War Paint","HandDrill","GremlinMask","The Courier","Prayer Wheel","Chameleon Ring","Boot"],"acts_visited":["Exordium","TheCity"],"potions_floor_usage":[7,16,16,27,29,29,33],"damage_taken":[{"damage":2,"enemies":"Small Slimes","floor":1,"turns":3},{"damage":1,"enemies":"Cultist","floor":4,"turns":3},{"damage":25,"enemies":"Lagavulin","floor":6,"turns":6},{"damage":14,"enemies":"The Mushroom Lair","floor":7,"turns":4},{"damage":32,"enemies":"Gremlin Nob","floor":10,"turns":4},{"damage":8,"enemies":"Jaw Worm","floor":14,"turns":2},{"damage":37,"enemies":"Hexaghost","floor":16,"turns":8},{"damage":24,"enemies":"Shell Parasite","floor":18,"turns":3},{"damage":0,"enemies":"2 Thieves","floor":22,"turns":1},{"damage":2,"enemies":"Centurion and Healer","floor":25,"turns":6},{"damage":19,"enemies":"Snake Plant","floor":27,"turns":4},{"damage":69,"enemies":"Gremlin Leader","floor":29,"turns":8},{"damage":32,"enemies":"Book of Stabbing","floor":31,"turns":4},{"damage":51,"enemies":"Pondfish","floor":33,"turns":8}],"seed_played":"-389011613750700061","potions_obtained":[{"floor":4,"key":"Energy Potion"},{"floor":6,"key":"PowerPotion"},{"floor":14,"key":"Adrenaline Potion"},{"floor":16,"key":"Weak Potion"},{"floor":18,"key":"Energy Potion"},{"floor":22,"key":"Regen Potion"},{"floor":27,"key":"BlessingOfTheForge"},{"floor":31,"key":"Block Potion"}],"is_trial":false,"path_per_floor":["M","$","?","M","?","E","?","?","T","E","R","T","R","M","R_BF","B",null,"M","?","T","$","M","R","?","M","T","M","$","E","$","E","R_BF","B"],"character_chosen":"IRONCLAD","items_purchased":["War Paint","HandDrill","Prayer Wheel","BloodPotion"],"campfire_rested":1,"item_purchase_floors":[21,21,28,28],"current_hp_per_floor":[72,72,72,75,75,56,48,37,37,11,33,43,43,41,41,10,66,48,48,48,48,54,54,54,58,58,45,45,50,50,24,49,0,0],"gold":92,"neow_bonus":"RANDOM_COMMON_RELIC","is_daily":false,"chose_seed":false,"campfire_upgraded":3,"win_rate":0.0,"timestamp":1608320320,"path_taken":["M","$","?","?","?","E","?","?","T","E","R","?","R","M","R_BF","BOSS","M","?","?","$","M","R","?","?","T","M","?","E","$","E","R_BF","BOSS"],"items_purchased_type":["Relic","Relic","Relic","Potion"],"build_version":"2020-12-13","purchased_purges":1,"victory":false,"max_hp_per_floor":[75,75,75,75,75,75,75,75,75,75,75,85,85,85,85,85,85,85,85,85,85,85,85,85,85,85,85,85,85,85,85,85,85,85],"card_choices":[{"not_picked":["Body Slam","Clash"],"picked":"Twin Strike","floor":1},{"not_picked":["Clothesline","Hemokinesis"],"picked":"Dropkick","floor":4},{"not_picked":["Flame Barrier","Body Slam"],"picked":"Sword Boomerang","floor":6},{"not_picked":["Replay:Undeath\u0027s Touch","ReplayTheSpireMod:Strike From Hell"],"picked":"Clash","floor":7},{"not_picked":["Reckless Charge","Burning Pact"],"picked":"Immolate","floor":10},{"not_picked":["Pommel Strike","Clash"],"picked":"Sword Boomerang","floor":14},{"not_picked":["Impervious","Fiend Fire"],"picked":"Bludgeon","floor":16},{"not_picked":["Havoc","Replay:Undeath\u0027s Touch"],"picked":"Metallicize+1","floor":18},{"not_picked":["ReplayReversal","Pommel Strike"],"picked":"Metallicize+1","floor":22},{"not_picked":["Pommel Strike","Run Through","ReplayTheSpireMod:Strike From Hell"],"picked":"SKIP","floor":25},{"not_picked":["Shrug It Off","Heavy Blade","Twin Strike"],"picked":"SKIP","floor":27},{"not_picked":["Sword Boomerang","Clash"],"picked":"True Grit","floor":29},{"not_picked":["Warcry","Run Through","Anger"],"picked":"SKIP","floor":31}],"player_experience":1593169,"relics_obtained":[{"floor":6,"key":"Gambling Chip"},{"floor":7,"key":"Odd Mushroom"},{"floor":9,"key":"Frozen Egg 2"},{"floor":10,"key":"Replay:Bottled Snecko"},{"floor":12,"key":"Pear"},{"floor":20,"key":"StrikeDummy"},{"floor":26,"key":"The Courier"},{"floor":29,"key":"Chameleon Ring"},{"floor":31,"key":"Boot"}],"event_choices":[{"damage_healed":0,"gold_gain":0,"player_choice":"Ignored","damage_taken":0,"max_hp_gain":0,"max_hp_loss":0,"event_name":"WeMeetAgain","floor":3,"gold_loss":0},{"damage_healed":0,"gold_gain":0,"player_choice":"Take Wound","damage_taken":0,"relics_obtained":["Golden Idol"],"max_hp_gain":0,"max_hp_loss":0,"event_name":"Golden Idol","floor":5,"gold_loss":0,"cards_obtained":["Injury"]},{"damage_healed":0,"gold_gain":0,"player_choice":"Fought Mushrooms","damage_taken":0,"max_hp_gain":0,"max_hp_loss":0,"event_name":"Mushrooms","floor":7,"gold_loss":0},{"damage_healed":0,"gold_gain":0,"player_choice":"Relic ","damage_taken":11,"max_hp_gain":0,"max_hp_loss":0,"event_name":"betterThird:BetterScrap","floor":8,"gold_loss":0,"cards_obtained":["A Thousand Cuts"]},{"damage_healed":0,"gold_gain":0,"cards_transformed":["Strike_R"],"player_choice":"Transformed","damage_taken":0,"max_hp_gain":0,"max_hp_loss":0,"event_name":"Transmorgrifier","floor":19,"gold_loss":0,"cards_obtained":["Iron Wave"]},{"damage_healed":0,"gold_gain":0,"player_choice":"Trade","damage_taken":0,"relics_obtained":["GremlinMask"],"max_hp_gain":0,"max_hp_loss":0,"event_name":"FaceTrader","floor":24,"gold_loss":0}],"is_beta":false,"boss_relics":[{"not_picked":["Velvet Choker","Cursed Key"],"picked":"Replay:Grab Bag"},{"not_picked":["Painkiller Herb","ReplayTheSpireMod:DimensionalGlitch"],"picked":"Coffee Dripper"},{"not_picked":["Abe\u0027s Treasure","Sozu"],"picked":"Philosopher\u0027s Stone"},{"not_picked":["Runic Cube","SlaversCollar"],"picked":"Empty Cage"},{"not_picked":["Ring of Chaos","Replay:Drink Me"],"picked":"SacredBark"}],"items_purged_floors":[2],"is_endless":false,"potions_floor_spawned":[4,6,14,16,18,22,27,31],"killed_by":"Pondfish","ascension_level":15}}