{"host":"6azrrw3tf7wb0f4b","time":1608271319,"event":{"mods":["BaseMod","DeckTracker","Minty Spire (QoL Compilation)","SuperFastMode"],"gold_per_floor":[119,134,134,150,162,162,176,176,222,222,236,250,268,27,27,129,129,147,147,41,54,69,69,69],"floor_reached":23,"playtime":1829,"items_purged":["Strike_G"],"score":290,"play_id":"fe7f02f3-3846-4959-9d99-edbcd967fc52","local_time":"20201218150159","is_ascension_mode":true,"campfire_choices":[{"data":"Cloak And Dagger","floor":6.0,"key":"SMITH"},{"data":"Doppelganger","floor":8.0,"key":"SMITH"},{"data":"Blade Dance","floor":10.0,"key":"SMITH"},{"floor":15,"key":"REST"}],"circlet_count":0,"master_deck":["AscendersBane","Strike_G","Strike_G","Defend_G","Defend_G","Defend_G","Defend_G","Defend_G","Survivor","Neutralize","Doppelganger+1","Blade Dance+1","Cloak And Dagger+1","Doppelganger","Well Laid Plans","Backflip","Blur","Noxious Fumes","Deadly Poison","Slice","Caltrops","Finisher","Corpse Explosion","CurseOfTheBell","Heel Hook","Dodge and Roll","Footwork","Heel Hook"],"relics":["Ring of the Snake","Snake Skull","Membership Card","Calling Bell","Akabeko","Paper Crane","Girya","Dream Catcher"],"acts_visited":["Exordium","TheCity"],"potions_floor_usage":[16,22,23,23],"damage_taken":[{"damage":2.0,"enemies":"Jaw Worm","floor":1.0,"turns":7.0},{"damage":4.0,"enemies":"Cultist","floor":2.0,"turns":4.0},{"damage":0.0,"enemies":"2 Louse","floor":4.0,"turns":3.0},{"damage":19.0,"enemies":"Exordium Thugs","floor":5.0,"turns":6.0},{"damage":1.0,"enemies":"Red Slaver","floor":7.0,"turns":5.0},{"damage":0.0,"enemies":"Large Slime","floor":11.0,"turns":7.0},{"damage":27.0,"enemies":"Lots of Slimes","floor":12.0,"turns":6.0},{"damage":8,"enemies":"3 Louse","floor":13,"turns":4},{"damage":14,"enemies":"Slime Boss","floor":16,"turns":11},{"damage":21,"enemies":"Chosen","floor":18,"turns":5},{"damage":0,"enemies":"Spheric Guardian","floor":21,"turns":3},{"damage":8,"enemies":"Chosen and Byrds","floor":22,"turns":5},{"damage":31,"enemies":"Gremlin Leader","floor":23,"turns":4}],"seed_played":"-4926608278492490324","potions_obtained":[{"floor":2.0,"key":"SkillPotion"},{"floor":7.0,"key":"Dexterity Potion"},{"floor":11.0,"key":"Ancient Potion"},{"floor":18,"key":"EntropicBrew"}],"is_trial":false,"path_per_floor":["M","M","?","M","M","R","M","R","T","R","M","M","M","$","R","B",null,"M","?","$","M","M","E"],"character_chosen":"THE_SILENT","items_purchased":["Membership Card","Caltrops","Finisher","Footwork","Dream Catcher"],"campfire_rested":1,"item_purchase_floors":[14,14,14,20,20],"current_hp_per_floor":[61,57,57,57,38,38,37,37,37,37,37,10,2,2,23,9,55,34,34,34,34,26,0,0],"gold":69,"neow_bonus":"ONE_RANDOM_RARE_CARD","is_daily":false,"chose_seed":false,"campfire_upgraded":3,"win_rate":0.0,"timestamp":1608271319,"path_taken":["M","M","?","M","M","R","?","R","T","R","M","M","?","$","R","BOSS","M","?","?","?","M","E"],"items_purchased_type":["Relic","Card","Card","Card","Relic"],"build_version":"2020-12-13","purchased_purges":1,"victory":false,"max_hp_per_floor":[70,70,70,70,70,70,70,70,70,70,70,70,70,70,70,70,70,70,70,70,70,70,70,70],"card_choices":[{"not_picked":["Deflect","Slice"],"picked":"Blade Dance","floor":1.0},{"not_picked":["Deadly Poison","PiercingWail"],"picked":"Cloak And Dagger","floor":2.0},{"not_picked":["Underhanded Strike","Slice"],"picked":"Well Laid Plans","floor":4.0},{"not_picked":["Tactician","Endless Agony"],"picked":"Backflip","floor":5.0},{"not_picked":["Venomology","Acrobatics"],"picked":"Blur","floor":7.0},{"not_picked":["Quick Slash","Sucker Punch"],"picked":"Noxious Fumes","floor":11.0},{"not_picked":["Underhanded Strike","Acrobatics"],"picked":"Deadly Poison","floor":12.0},{"not_picked":["Sucker Punch","Dagger Spray"],"picked":"Slice","floor":13},{"not_picked":["A Thousand Cuts","Night Terror"],"picked":"Corpse Explosion","floor":16},{"not_picked":["Dagger Spray","Calculated Gamble"],"picked":"Heel Hook","floor":18},{"not_picked":["Quick Slash+1","Sucker Punch","Bane"],"picked":"SKIP","floor":21},{"not_picked":["Deflect","Underhanded Strike"],"picked":"Heel Hook","floor":22}],"player_experience":608937,"relics_obtained":[{"floor":9.0,"key":"Snake Skull"},{"floor":17,"key":"Akabeko"},{"floor":17,"key":"Paper Crane"},{"floor":17,"key":"Girya"}],"event_choices":[{"damage_healed":0.0,"max_hp_gain":0.0,"max_hp_loss":0.0,"gold_gain":0.0,"cards_transformed":["Strike_G"],"event_name":"Transmorgrifier","player_choice":"Transformed","floor":3.0,"gold_loss":0.0,"damage_taken":0.0,"cards_obtained":["Doppelganger"]},{"damage_healed":0,"gold_gain":0,"cards_transformed":["Strike_G"],"player_choice":"Transformed","damage_taken":0,"max_hp_gain":0,"max_hp_loss":0,"event_name":"Transmorgrifier","floor":19,"gold_loss":0,"cards_obtained":["Dodge and Roll"]}],"is_beta":false,"boss_relics":[{"not_picked":["WristBlade","Philosopher\u0027s Stone"],"picked":"Calling Bell"}],"items_purged_floors":[14],"is_endless":false,"potions_floor_spawned":[2,7,11,13,18],"killed_by":"Gremlin Leader","ascension_level":11}}