{"host":"naykp6d9ulahlwib","time":1608329991,"event":{"mods":["BaseMod","Highlight Path","Minty Spire (QoL Compilation)","Shop Mod","StSLib"],"gold_per_floor":[111,127,140,65,76,76,76,76,99,99,99,118,118,139,139,259,259,245,260,12,12,35,35,35,35],"floor_reached":24,"playtime":1574,"items_purged":["Strike_B","Strike_B"],"score":317,"play_id":"c04f5c76-7b65-4da3-9395-d49283b1910f","local_time":"20201218161951","is_ascension_mode":true,"campfire_choices":[{"data":"Defragment","floor":7.0,"key":"SMITH"},{"data":"Loop","floor":10.0,"key":"SMITH"},{"data":"Self Repair","floor":13.0,"key":"SMITH"},{"floor":15.0,"key":"REST"}],"circlet_count":0,"master_deck":["AscendersBane","Strike_B+1","Defend_B+1","Defend_B+1","Defend_B+1","Zap","Dualcast","Amplify","Loop+1","Force Field","Leap","Defragment+1","Self Repair+1","Seek","BootSequence"],"relics":["Cracked Core","Golden Idol","Bronze Scales","Empty Cage","DataDisk"],"acts_visited":["Exordium","TheCity"],"potions_floor_usage":[],"damage_taken":[{"damage":2.0,"enemies":"Jaw Worm","floor":1.0,"turns":4.0},{"damage":2.0,"enemies":"2 Louse","floor":2.0,"turns":2.0},{"damage":9.0,"enemies":"Small Slimes","floor":3.0,"turns":3.0},{"damage":10.0,"enemies":"Red Slaver","floor":5.0,"turns":4.0},{"damage":0.0,"enemies":"3 Sentries","floor":6.0,"turns":1.0},{"damage":4.0,"enemies":"Large Slime","floor":12.0,"turns":5.0},{"damage":25.0,"enemies":"Lots of Slimes","floor":14.0,"turns":4.0},{"damage":17.0,"enemies":"The Guardian","floor":16.0,"turns":10.0},{"damage":34.0,"enemies":"2 Thieves","floor":18.0,"turns":4.0},{"damage":8.0,"enemies":"Chosen","floor":19.0,"turns":5.0},{"damage":39.0,"enemies":"Sentry and Sphere","floor":22.0,"turns":6.0},{"damage":87,"enemies":"3 Cultists","floor":24,"turns":5}],"seed_played":"7676113651857138448","potions_obtained":[{"floor":1.0,"key":"SmokeBomb"},{"floor":2.0,"key":"FearPotion"},{"floor":12.0,"key":"BlessingOfTheForge"},{"floor":18.0,"key":"FairyPotion"},{"floor":22.0,"key":"EssenceOfSteel"}],"is_trial":false,"path_per_floor":["M","M","M","$","M","E","R","?","T","R","$","M","R","M","R","B",null,"M","M","$","?","M","?","M"],"character_chosen":"DEFECT","items_purchased":["DataDisk"],"campfire_rested":1,"item_purchase_floors":[20],"current_hp_per_floor":[66,64,55,55,45,45,45,45,45,45,45,41,41,36,56,49,64,30,42,42,42,23,46,0,0],"gold":35,"neow_bonus":"ONE_RANDOM_RARE_CARD","is_daily":false,"chose_seed":false,"campfire_upgraded":3,"win_rate":0.0,"timestamp":1608329991,"path_taken":["M","M","M","$","M","E","R","?","T","R","$","M","R","M","R","BOSS","M","M","$","?","M","?","M"],"items_purchased_type":["Relic"],"build_version":"2020-12-13","purchased_purges":2,"victory":false,"max_hp_per_floor":[75,75,75,75,75,75,75,69,69,69,69,69,69,69,69,69,69,69,69,69,69,69,69,69,69],"card_choices":[{"not_picked":["Redo","Lockon"],"picked":"Loop","floor":1.0},{"not_picked":["Redo","Streamline"],"picked":"Force Field","floor":2.0},{"not_picked":["Compile Driver","Streamline"],"picked":"Leap","floor":3.0},{"not_picked":["Melter","Skim"],"picked":"Defragment","floor":5.0},{"not_picked":["Melter","Go for the Eyes"],"picked":"Self Repair","floor":12.0},{"not_picked":["Steam","Turbo","Hello World"],"picked":"SKIP","floor":14.0},{"not_picked":["Fission","Biased Cognition"],"picked":"Seek","floor":16.0},{"not_picked":["Static Discharge","Gash"],"picked":"BootSequence","floor":18.0},{"not_picked":["Chaos","Stack","Recycle"],"picked":"SKIP","floor":19.0},{"not_picked":["Cold Snap","Compile Driver","Scrape"],"picked":"SKIP","floor":22.0}],"player_experience":821479,"relics_obtained":[{"floor":9.0,"key":"Bronze Scales"}],"event_choices":[{"damage_healed":0.0,"max_hp_gain":0.0,"max_hp_loss":6.0,"gold_gain":0.0,"event_name":"Golden Idol","player_choice":"Lose Max HP","floor":8.0,"gold_loss":0.0,"damage_taken":0.0,"relics_obtained":["Golden Idol"]},{"damage_healed":0.0,"max_hp_gain":0.0,"max_hp_loss":0.0,"gold_gain":0.0,"event_name":"Back to Basics","player_choice":"Simplicity","floor":21.0,"gold_loss":0.0,"damage_taken":0.0,"cards_upgraded":["Strike_B","Defend_B","Defend_B","Defend_B"]},{"damage_healed":23,"gold_gain":0,"player_choice":"Heal","damage_taken":0,"max_hp_gain":0,"max_hp_loss":0,"event_name":"The Library","floor":23,"gold_loss":0}],"is_beta":false,"boss_relics":[{"not_picked":["SlaversCollar","Pandora\u0027s Box"],"picked":"Empty Cage"}],"items_purged_floors":[4,20],"is_endless":false,"potions_floor_spawned":[1,2,6,12,18,22],"killed_by":"3 Cultists","ascension_level":12}}