{"host":"wbohk4batowjmcix","time":1608318930,"event":{"mods":["Act Like it!","BaseMod","BetterRewards","Card Forge","GifTheSpireLib","Hallownest","Minty Spire (QoL Compilation)","Shade Mod","Shop Mod","StSLib","The Cursed","The Necromancer","The Runesmith","Uncapped"],"gold_per_floor":[3112,3112,3126,3126,2527,2554,2570,2595,2595,2605,2605,2605,2605,1934,1934,2039,5039,5039,4338,4338,4338,4338,4338,3486,3486,3486,3486,3486,3486,3486,3486,3486,3486,3486,3486,3183,3183,3183,3098,3098,3098,3024,3024,3024,3024,3024,3024,3024,3024,3024,3024,3024,2655,2655,2655],"floor_reached":56,"playtime":4375,"items_purged":["Blood_Wake","Blood_for_Blood+1","Life_Tap+1"],"score":1775,"play_id":"ce13fa15-d24a-417c-a04a-e47c33dee560","local_time":"20201218131530","is_ascension_mode":true,"campfire_choices":[{"floor":11,"key":"REST"},{"floor":13,"key":"RECALL"},{"floor":15,"key":"REST"},{"floor":28,"key":"REST"},{"data":"Life_Tap","floor":32,"key":"SMITH"},{"floor":49,"key":"REST"},{"floor":52,"key":"REST"}],"circlet_count":0,"master_deck":["AscendersBane","Summon_Vampire_Lady+1","Skeleton_Dragon+1","Vampiric_Strike+1","Blood_Shield+1","Blood_Is_Power+1","Bone_Armory+1","Bone_Shift+1","Blood_for_Blood+1","Summon_Vampire_Lady+1","Bone_Armory+1","Detonate_Bones+1","Summon_Vampire_Lady+1","Hallownest:skillKingdomsEdgeMap+1","Summon_Vampire_Lady+1"],"relics":["Vampire_Amulet","Hammer of Thor","Seething Fire","Anvil of the Gods","Ice Cream","MerchantsRug","Potion Belt","Oddly Smooth Stone","Cauldron","Happy Flower","Ornamental Fan","Omamori","Lee\u0027s Waffle","Boot","Ectoplasm","Medical Kit","Regal Pillow","Bottled Tornado","Molten Egg 2","Shuriken","WingedGreaves","Sundial","Bag of Preparation","Blue Candle","Fusion Hammer","Vajra","Membership Card","Nunchaku","Gremlin Horn","Hallownest:BeastSealRelic","Turnip","Orichalcum","Mummified Hand","Toy Ornithopter"],"acts_visited":["Exordium","Exordium","Hallownest:CityofTears","TheEnding"],"potions_floor_usage":[6,6,10,16,16,16,20,21,23,35,35,35,48,48,48,48,48,54,54,54,55],"damage_taken":[{"damage":6,"enemies":"Small Slimes","floor":1,"turns":6},{"damage":2,"enemies":"Cultist","floor":3,"turns":4},{"damage":68,"enemies":"Gremlin Nob","floor":6,"turns":5},{"damage":13,"enemies":"Jaw Worm","floor":7,"turns":4},{"damage":37,"enemies":"Lagavulin","floor":8,"turns":7},{"damage":4,"enemies":"Looter","floor":10,"turns":4},{"damage":50,"enemies":"Hexaghost","floor":16,"turns":7},{"damage":30,"enemies":"Hallownest:Flukemon_and_Top","floor":18,"turns":4},{"damage":26,"enemies":"Hallownest:Guard_and_Sentry","floor":20,"turns":5},{"damage":11,"enemies":"Hallownest:monsterMisterMushroom","floor":21,"turns":5},{"damage":60,"enemies":"Hallownest:eliteWatcherKnight","floor":23,"turns":10},{"damage":52,"enemies":"Hallownest:Glutton_and_Coward","floor":25,"turns":4},{"damage":38,"enemies":"Hallownest:eliteSoulWarrior","floor":27,"turns":7},{"damage":15,"enemies":"Hallownest:3_Mistakes","floor":31,"turns":6},{"damage":57,"enemies":"Hallownest:BossSoulMaster","floor":33,"turns":8},{"damage":50,"enemies":"Hallownest:2_Littles","floor":35,"turns":4},{"damage":57,"enemies":"Hallownest:Shield_Heavy","floor":37,"turns":5},{"damage":16,"enemies":"Hallownest:2_Soldiers_and_1_Guardian","floor":38,"turns":6},{"damage":67,"enemies":"Hallownest:eliteHiveKnight","floor":40,"turns":5},{"damage":89,"enemies":"Hallownest:Xero_Hu_Marmu","floor":41,"turns":7},{"damage":14,"enemies":"Hallownest:2_Great","floor":47,"turns":4},{"damage":93,"enemies":"Hallownest:2_Primals","floor":48,"turns":5},{"damage":180,"enemies":"Hallownest:BossHollowKnight","floor":50,"turns":10},{"damage":85,"enemies":"Shield and Spear","floor":54,"turns":5},{"damage":170,"enemies":"The Heart","floor":55,"turns":8}],"seed_played":"7801828756694073736","potions_obtained":[{"floor":5,"key":"Fruit Juice"},{"floor":5,"key":"Fruit Juice"},{"floor":5,"key":"Block Potion"},{"floor":5,"key":"Strength Potion"},{"floor":5,"key":"Strength Potion"},{"floor":18,"key":"Fire Potion"},{"floor":27,"key":"Dexterity Potion"},{"floor":40,"key":"DuplicationPotion"},{"floor":41,"key":"Weak Potion"},{"floor":50,"key":"Block Potion"},{"floor":54,"key":"DistilledChaos"}],"is_trial":false,"path_per_floor":["M","?","M","?","$","E","M","E","T","M","R","?","R","$","R","B",null,"M","$","M","M","?","E","$","M","T","E","R","?","?","M","R","B",null,"M","$","M","M","?","E","M","$","T","?","?","?","M","?","R","B",null,"R","$","E","B",null],"character_chosen":"NECROMANCER","items_purchased":["MerchantsRug","Potion Belt","Oddly Smooth Stone","Cauldron","Omamori","Lee\u0027s Waffle","Boot","Blood_for_Blood","CultistPotion","DistilledChaos","Medical Kit","Regal Pillow","Bottled Tornado","Regen Potion","Dexterity Potion","Strength Potion","Shuriken","WingedGreaves","Bone_Armory","Vajra","Membership Card","Dexterity Potion","Block Potion","Swift Potion","Orichalcum","Mummified Hand","Weak Potion","FairyPotion","BlessingOfTheForge"],"campfire_rested":5,"item_purchase_floors":[5,5,5,5,14,14,14,14,14,14,19,19,19,19,24,24,24,24,24,36,36,42,42,42,53,53,53,53,53],"current_hp_per_floor":[73,73,82,66,66,25,22,7,7,12,39,39,39,99,99,73,93,85,85,91,97,97,89,89,69,69,74,99,99,99,98,98,86,96,79,79,67,99,99,81,54,54,54,54,54,54,72,38,82,14,78,99,99,61,30],"gold":2655,"neow_bonus":"TEN_PERCENT_HP_BONUS","is_daily":false,"chose_seed":false,"campfire_upgraded":1,"win_rate":0.0,"timestamp":1608318930,"path_taken":["M","?","?","?","$","E","M","E","T","M","R","?","R","?","R","BOSS","M","$","M","M","?","E","$","M","T","E","R","?","?","M","R","BOSS","M","$","M","M","?","E","M","$","T","?","?","?","?","?","R","BOSS","R","$","E","BOSS"],"items_purchased_type":["Relic","Relic","Relic","Relic","Relic","Relic","Relic","Card","Potion","Potion","Relic","Relic","Relic","Potion","Potion","Potion","Relic","Relic","Card","Relic","Relic","Potion","Potion","Potion","Relic","Relic","Potion","Potion","Potion"],"build_version":"2020-12-13","purchased_purges":3,"victory":true,"max_hp_per_floor":[82,82,82,82,82,92,92,92,92,92,92,92,92,99,99,99,99,99,99,99,99,99,99,99,99,99,99,99,99,99,99,99,99,99,99,99,99,99,99,99,99,99,99,99,99,99,99,99,99,99,99,99,99,99,99],"card_choices":[{"not_picked":["Scare","Blood_Shield"],"picked":"Blood_Whip","floor":1},{"not_picked":["Plague_Bolt","Bones_to_Steel","Spectral_Armor"],"picked":"SKIP","floor":3},{"not_picked":["Bones_to_Steel","Toxic_Smoke_Screen","Whirlwind_of_Bones"],"picked":"SKIP","floor":6},{"not_picked":["Pandemic","Bone_Spikes","Bone_Armory"],"picked":"SKIP","floor":7},{"not_picked":["Bones_to_Steel","Strike_from_Beyond","Scare"],"picked":"SKIP","floor":8},{"not_picked":["Spectral_Armor","Deaths_Shadow","Epidemic"],"picked":"SKIP","floor":10},{"not_picked":["Negative_Energy_Sphere+1","Consume_Illness","Scare"],"picked":"SKIP","floor":18},{"not_picked":["Bone_Spikes","Slay_Living"],"picked":"Life_Tap","floor":20},{"not_picked":["Negative_Energy_Shield","Negative_Energy_Sphere"],"picked":"Summon_Vampire_Lady","floor":21},{"not_picked":["Negative_Energy_Shield","Life_Drain+1","Bone_Armor"],"picked":"SKIP","floor":23},{"not_picked":["Negative_Energy_Javelin+1","Consume_Illness","Negative_Energy_Mist"],"picked":"SKIP","floor":25},{"not_picked":["Necromantic_Selection+1","Scare"],"picked":"Detonate_Bones+1","floor":27},{"not_picked":["Vampiric_Strike+1","Blood_Curse+1","Negative_Energy_Javelin+1"],"picked":"SKIP","floor":31},{"not_picked":["Negative_Energy_Bomb+1","Hellfire+1"],"picked":"Summon_Vampire_Lady","floor":33},{"not_picked":["Spectral_Armor","Vampiric_Strike+1","Blood_Curse+1"],"picked":"SKIP","floor":35},{"not_picked":["Chill_Blood+1","Death_Coil+1","Negative_Energy_Javelin+1"],"picked":"SKIP","floor":37},{"not_picked":["Necrotic_Claws+1","Blood_Is_Power","Summon_Undead_Army"],"picked":"SKIP","floor":38},{"not_picked":["Negative_Energy_Shield+1","Scare","Blood_Curse+1"],"picked":"SKIP","floor":40},{"not_picked":["Summon_Lich+1","Uncharnel+1","Negative_Energy_Sphere+1"],"picked":"SKIP","floor":41},{"not_picked":["Flesh_Made_Foul+1","Consume_Illness","Negative_Energy_Javelin+1"],"picked":"SKIP","floor":47},{"not_picked":["Acid_Javelin+1","Death_Coil+1"],"picked":"Summon_Vampire_Lady","floor":48},{"not_picked":["Deaths_Shadow+1","Bone_Bullets+1","Bone_Armor+1"],"picked":"SKIP","floor":54}],"player_experience":387323,"relics_obtained":[{"floor":6,"key":"Happy Flower"},{"floor":8,"key":"Ornamental Fan"},{"floor":23,"key":"Molten Egg 2"},{"floor":26,"key":"Sundial"},{"floor":27,"key":"Bag of Preparation"},{"floor":40,"key":"Nunchaku"},{"floor":43,"key":"Gremlin Horn"},{"floor":48,"key":"Turnip"},{"floor":54,"key":"Toy Ornithopter"}],"event_choices":[{"damage_healed":0,"gold_gain":0,"player_choice":"Cursed","damage_taken":0,"max_hp_gain":0,"max_hp_loss":0,"event_name":"Wheel of Change","floor":2,"gold_loss":0,"cards_obtained":["Decay"]},{"damage_healed":0,"gold_gain":0,"player_choice":"Entered Light","damage_taken":16,"max_hp_gain":0,"max_hp_loss":0,"event_name":"Shining Light","floor":4,"gold_loss":0,"cards_upgraded":["Blood_Whip","Blood_Is_Power"]},{"damage_healed":0,"gold_gain":0,"player_choice":"Ignored","damage_taken":0,"max_hp_gain":0,"max_hp_loss":0,"event_name":"Liars Game","floor":12,"gold_loss":0}],"is_beta":false,"boss_relics":[{"not_picked":["Astrolabe","Sozu"],"picked":"Ectoplasm"},{"not_picked":["Snecko Eye","Black Star"],"picked":"Fusion Hammer"}],"items_purged_floors":[19,24,53],"is_endless":false,"potions_floor_spawned":[3,7,8,18,20,23,27,40,41,50,54],"ascension_level":10}}