{"host":"agbyy69nq62afhwx","time":1608325555,"event":{"mods":["BaseMod","Colored Map","Highlight Path","Keyboard Shortcuts","Minty Spire (QoL Compilation)","Quick Restart","StSLib","SuperFastMode","everything is the same but u backflip on backflip"],"gold_per_floor":[116,116,130,144,163,197,122,122,122,122,134,145,45,64,64,64,64],"floor_reached":16,"playtime":682,"items_purged":["Strike_G","Strike_G"],"score":114,"play_id":"0a093e32-a137-43e6-9e97-75b318cdeef3","local_time":"20201219060555","is_ascension_mode":true,"campfire_choices":[{"data":"Neutralize","floor":8,"key":"SMITH"},{"data":"Backflip","floor":10,"key":"SMITH"},{"floor":15,"key":"REST"}],"circlet_count":0,"master_deck":["Strike_G","Strike_G","Defend_G","Defend_G","Defend_G","Defend_G","Defend_G","Survivor","Neutralize+1","Flying Knee","Heel Hook","Backflip+1","Crippling Poison","Leg Sweep","Blur","Footwork"],"relics":["Ring of the Snake","CultistMask","Incense Burner"],"acts_visited":["Exordium"],"potions_floor_usage":[],"damage_taken":[{"damage":1,"enemies":"Jaw Worm","floor":1,"turns":5},{"damage":1,"enemies":"Cultist","floor":3,"turns":4},{"damage":0,"enemies":"2 Louse","floor":4,"turns":3},{"damage":6,"enemies":"Large Slime","floor":5,"turns":8},{"damage":37,"enemies":"Lagavulin","floor":6,"turns":12},{"damage":3,"enemies":"Lots of Slimes","floor":11,"turns":4},{"damage":4,"enemies":"Gremlin Gang","floor":12,"turns":6},{"damage":0,"enemies":"Large Slime","floor":14,"turns":8},{"damage":40,"enemies":"Slime Boss","floor":16,"turns":20}],"seed_played":"-5967559126433618716","potions_obtained":[{"floor":3,"key":"Ancient Potion"},{"floor":11,"key":"SpeedPotion"},{"floor":12,"key":"Strength Potion"}],"is_trial":false,"path_per_floor":["M","?","M","M","M","E","$","R","T","R","M","M","$","M","R","B"],"character_chosen":"THE_SILENT","items_purchased":[],"campfire_rested":1,"item_purchase_floors":[],"current_hp_per_floor":[69,69,68,68,62,25,25,25,25,25,22,18,18,18,39,0,0],"gold":64,"neow_bonus":"REMOVE_CARD","is_daily":false,"chose_seed":false,"campfire_upgraded":2,"win_rate":0.0,"timestamp":1608325555,"path_taken":["M","?","M","M","M","E","$","R","T","R","M","M","?","M","R","BOSS"],"items_purchased_type":[],"build_version":"2020-12-13","purchased_purges":2,"victory":false,"max_hp_per_floor":[70,70,70,70,70,70,70,70,70,70,70,70,70,70,70,70,70],"card_choices":[{"not_picked":["Poisoned Stab","Deadly Poison"],"picked":"Flying Knee","floor":1},{"not_picked":["Endless Agony","Poisoned Stab","Bane"],"picked":"SKIP","floor":3},{"not_picked":["Outmaneuver","Dodge and Roll"],"picked":"Heel Hook","floor":4},{"not_picked":["Accuracy","Outmaneuver"],"picked":"Backflip","floor":5},{"not_picked":["Deflect","Blade Dance"],"picked":"Crippling Poison","floor":6},{"not_picked":["PiercingWail","Deflect","Leg Sweep"],"picked":"SKIP","floor":11},{"not_picked":["PiercingWail","Deflect"],"picked":"Leg Sweep","floor":11},{"not_picked":["Dagger Throw","A Thousand Cuts"],"picked":"Blur","floor":12},{"not_picked":["Caltrops","Poisoned Stab"],"picked":"Footwork","floor":14}],"player_experience":317119,"relics_obtained":[{"floor":6,"key":"Incense Burner"}],"event_choices":[{"damage_healed":0,"gold_gain":0,"player_choice":"Trade","damage_taken":0,"relics_obtained":["CultistMask"],"max_hp_gain":0,"max_hp_loss":0,"event_name":"FaceTrader","floor":2,"gold_loss":0}],"is_beta":false,"boss_relics":[],"items_purged_floors":[7,13],"is_endless":false,"potions_floor_spawned":[3,11,12],"killed_by":"Slime Boss","ascension_level":2}}