{"host":"o0q01dgb4z8zpo6o","time":1608270253,"event":{"mods":["BaseMod","GifTheSpireLib","Minty Spire (QoL Compilation)","Relic Stats","StSLib"],"gold_per_floor":[115,115,115,130,148,177,177,177,225,238,238,282,307,325,325,416,416,437,133,133,133],"floor_reached":20,"playtime":871,"items_purged":["Strike_B"],"score":322,"play_id":"80f744db-d63b-4479-9713-93772636dead","local_time":"20201217214413","is_ascension_mode":true,"campfire_choices":[{"data":"Genetic Algorithm","floor":7,"key":"SMITH"},{"data":"Darkness","floor":11,"key":"SMITH"},{"data":"Loop","floor":15,"key":"SMITH"}],"circlet_count":0,"master_deck":["AscendersBane","Strike_B","Strike_B","Strike_B","Defend_B","Defend_B","Defend_B","Zap","Dualcast","Glacier","Darkness+1","Hologram","Sweeping Beam","Genetic Algorithm+1","Cold Snap","Chaos","Loop+1","Multi-Cast","Coolheaded","Capacitor"],"relics":["Cracked Core","NeowsBlessing","Vajra","Golden Idol","Potion Belt","Boot","Black Star","Lantern"],"acts_visited":["Exordium","TheCity"],"potions_floor_usage":[6,6,20],"damage_taken":[{"damage":0,"enemies":"Jaw Worm","floor":1,"turns":1},{"damage":0,"enemies":"Small Slimes","floor":4,"turns":1},{"damage":0,"enemies":"Cultist","floor":5,"turns":1},{"damage":12,"enemies":"3 Sentries","floor":6,"turns":5},{"damage":2,"enemies":"Looter","floor":10,"turns":4},{"damage":7,"enemies":"Lagavulin","floor":12,"turns":7},{"damage":6,"enemies":"Large Slime","floor":13,"turns":7},{"damage":4,"enemies":"Exordium Thugs","floor":14,"turns":5},{"damage":14,"enemies":"Hexaghost","floor":16,"turns":8},{"damage":16,"enemies":"Spheric Guardian","floor":18,"turns":4},{"damage":44,"enemies":"Masked Bandits","floor":20,"turns":3}],"seed_played":"-1147838970845223142","potions_obtained":[{"floor":1,"key":"ColorlessPotion"},{"floor":5,"key":"FocusPotion"},{"floor":12,"key":"EssenceOfSteel"},{"floor":18,"key":"Swift Potion"}],"is_trial":false,"path_per_floor":["M","?","?","M","M","E","R","?","T","M","R","E","M","M","R","B",null,"M","$","?"],"character_chosen":"DEFECT","items_purchased":["Capacitor","Lantern"],"campfire_rested":0,"item_purchase_floors":[19,19],"current_hp_per_floor":[64,57,57,57,57,45,45,45,45,43,43,36,30,26,26,12,51,35,35,0,0],"gold":133,"neow_bonus":"THREE_ENEMY_KILL","is_daily":false,"chose_seed":false,"campfire_upgraded":3,"win_rate":0.0,"timestamp":1608270253,"path_taken":["M","?","?","M","?","E","R","?","T","M","R","E","M","M","R","BOSS","M","$","?"],"items_purchased_type":["Card","Relic"],"build_version":"2020-12-13","purchased_purges":1,"victory":false,"max_hp_per_floor":[71,71,71,71,71,71,71,64,64,64,64,64,64,64,64,64,64,64,64,64,64],"relic_stats":{"counters":[11,46],"Golden Idol":52,"Black Star":0,"Boot":[0],"obtain_stats":[{"Potion Belt":9,"Lantern":19,"NeowsBlessing":0,"Golden Idol":8,"Vajra":6,"Black Star":17,"Cracked Core":0,"Boot":12},{"Potion Belt":4,"Lantern":10,"NeowsBlessing":0,"Golden Idol":4,"Vajra":4,"Black Star":9,"Cracked Core":0,"Boot":6},{"Potion Belt":8,"Lantern":43,"NeowsBlessing":0,"Golden Idol":8,"Vajra":8,"Black Star":39,"Cracked Core":0,"Boot":19}]},"card_choices":[{"not_picked":["Self Repair","Hologram"],"picked":"Glacier","floor":1},{"not_picked":["FTL","White Noise"],"picked":"Hologram","floor":4},{"not_picked":["Double Energy","Stack"],"picked":"Sweeping Beam","floor":5},{"not_picked":["Sweeping Beam","Glacier"],"picked":"Genetic Algorithm","floor":6},{"not_picked":["Steam","Gash","Streamline"],"picked":"SKIP","floor":10},{"not_picked":["Turbo","Gash"],"picked":"Cold Snap","floor":12},{"not_picked":["Hyperbeam","Stack"],"picked":"Chaos","floor":13},{"not_picked":["Chaos","Undo"],"picked":"Loop","floor":14},{"not_picked":["Amplify","Buffer"],"picked":"Multi-Cast","floor":16},{"not_picked":["Sweeping Beam","Aggregate"],"picked":"Coolheaded","floor":18}],"player_experience":1002096,"relics_obtained":[{"floor":6,"key":"Vajra"},{"floor":9,"key":"Potion Belt"},{"floor":12,"key":"Boot"}],"event_choices":[{"cards_removed":["Defend_B"],"damage_healed":0,"gold_gain":0,"player_choice":"Card Removal","damage_taken":7,"max_hp_gain":0,"max_hp_loss":0,"event_name":"Golden Wing","floor":2,"gold_loss":0},{"damage_healed":0,"gold_gain":0,"player_choice":"1 cards matched","damage_taken":0,"max_hp_gain":0,"max_hp_loss":0,"event_name":"Match and Keep!","floor":3,"gold_loss":0,"cards_obtained":["Darkness"]},{"damage_healed":0,"gold_gain":0,"player_choice":"Lose Max HP","damage_taken":0,"relics_obtained":["Golden Idol"],"max_hp_gain":0,"max_hp_loss":7,"event_name":"Golden Idol","floor":8,"gold_loss":0},{"damage_healed":0,"gold_gain":0,"player_choice":"Fought Bandits","damage_taken":0,"max_hp_gain":0,"max_hp_loss":0,"event_name":"Masked Bandits","floor":20,"gold_loss":0}],"is_beta":false,"boss_relics":[{"not_picked":["Empty Cage","Runic Dome"],"picked":"Black Star"}],"items_purged_floors":[19],"is_endless":false,"potions_floor_spawned":[1,5,12,18],"killed_by":"Masked Bandits","ascension_level":15}}