{"host":"7gewg82ormp6yt4e","time":1608290921,"event":{"mods":["BaseMod","Block Reminder","Colored Map","Colored Powertips","DeckTracker","Highlight Path","Minty Spire (QoL Compilation)","Relic Stats","StSLib"],"gold_per_floor":[18,18,34,54,64,64,74,74,74,74,74],"floor_reached":10,"playtime":409,"items_purged":[],"score":120,"play_id":"d72c7a49-0d72-49aa-9c58-d8b8306995cf","local_time":"20201218202841","is_ascension_mode":true,"campfire_choices":[{"data":"Magnetism","floor":6,"key":"SMITH"},{"data":"Crippling Poison","floor":8,"key":"SMITH"}],"circlet_count":0,"master_deck":["AscendersBane","Strike_G","Strike_G","Strike_G","Strike_G","Strike_G","Defend_G","Defend_G","Defend_G","Defend_G","Defend_G","Survivor","Neutralize","Magnetism+1","Deadly Poison","Acrobatics","Dagger Spray","Crippling Poison+1"],"relics":["Ring of the Snake","The Courier"],"acts_visited":["Exordium"],"potions_floor_usage":[7],"damage_taken":[{"damage":0,"enemies":"Jaw Worm","floor":1,"turns":7},{"damage":6,"enemies":"Cultist","floor":3,"turns":4},{"damage":7,"enemies":"Small Slimes","floor":4,"turns":5},{"damage":2,"enemies":"2 Fungi Beasts","floor":5,"turns":4},{"damage":4,"enemies":"Looter","floor":7,"turns":4},{"damage":57,"enemies":"Gremlin Nob","floor":10,"turns":4}],"seed_played":"-5705533097884113667","potions_obtained":[{"floor":4,"key":"Poison Potion"},{"floor":5,"key":"LiquidBronze"}],"is_trial":false,"path_per_floor":["M","?","M","M","M","R","M","R","T","E"],"character_chosen":"THE_SILENT","items_purchased":[],"campfire_rested":0,"item_purchase_floors":[],"current_hp_per_floor":[59,59,53,46,44,44,40,40,40,0,0],"gold":74,"neow_bonus":"RANDOM_COLORLESS_2","is_daily":false,"chose_seed":false,"campfire_upgraded":2,"win_rate":0.0,"timestamp":1608290921,"path_taken":["M","?","M","M","?","R","M","R","T","E"],"items_purchased_type":[],"build_version":"2020-12-13","purchased_purges":0,"victory":false,"max_hp_per_floor":[66,66,66,66,66,66,66,66,66,66,66],"relic_stats":{"counters":[6,28],"obtain_stats":[{"The Courier":9,"Ring of the Snake":0},{"The Courier":5,"Ring of the Snake":0},{"The Courier":24,"Ring of the Snake":0}],"Ring of the Snake":[12]},"card_choices":[{"not_picked":["Violence","Secret Weapon"],"picked":"Magnetism","floor":0},{"not_picked":["Blur","Dodge and Roll"],"picked":"Deadly Poison","floor":1},{"not_picked":["Underhanded Strike","Prepared"],"picked":"Acrobatics","floor":3},{"not_picked":["Deflect","Blade Dance"],"picked":"Dagger Spray","floor":4},{"not_picked":["Bane","Dagger Spray","Prepared"],"picked":"SKIP","floor":5},{"not_picked":["Riddle With Holes","Flechettes"],"picked":"Crippling Poison","floor":7}],"player_experience":2392061,"relics_obtained":[{"floor":9,"key":"The Courier"}],"event_choices":[{"damage_healed":0,"gold_gain":0,"player_choice":"Ignored","damage_taken":0,"max_hp_gain":0,"max_hp_loss":0,"event_name":"WeMeetAgain","floor":2,"gold_loss":0}],"is_beta":false,"boss_relics":[],"items_purged_floors":[],"is_endless":false,"potions_floor_spawned":[4,5],"killed_by":"Gremlin Nob","ascension_level":20}}