{"host":"5o2n8gt0sn3szjgb","time":1608309806,"event":{"mods":["BaseMod","BetterRewards","Library of Ruina","Library of Ruina Extra","Minty Spire (QoL Compilation)","StSLib"],"gold_per_floor":[119,136,147,147,72,72,89,89,89,106,121,131,164,179,179,255,255,269,282,332,351,363,382,382,409,409,459,477,490,510,542,542,616,616,628,646,394,409,420,445,445,479,505,535,549,274,274,306,306,306,306,306,306,64,90,90],"floor_reached":57,"playtime":2237,"items_purged":["Dodge","LightDefense","LightDefense"],"score":2589,"play_id":"df2cd17c-90f2-4cd9-abea-64c2df92eea5","local_time":"20201219004326","is_ascension_mode":true,"campfire_choices":[{"data":"Spear_LOR","floor":6.0,"key":"SMITH"},{"data":"UpstandingSlash","floor":8.0,"key":"SMITH"},{"data":"LevelSlash","floor":15.0,"key":"SMITH"},{"data":"LeRegole","floor":32.0,"key":"SMITH"},{"data":"UndertakePrescript","floor":41,"key":"SMITH"},{"floor":49,"key":"RECALL"},{"data":"Tailoring","floor":53,"key":"SMITH"}],"circlet_count":0,"master_deck":["AscendersBane","LightDefense+1","UpstandingSlash+1","Spear_LOR+1","LevelSlash+1","FocusSpirit+1","Charge","FocusedStrikes","Tailoring+1","UndertakePrescript+1","ForTheFamily","LeRegole+1","RushDown"],"relics":["PageOfLibrarian","CaptainsWheel","Pear","MealTicket","SacredBark","Toy Ornithopter","Frozen Egg 2","Omamori","Busted Crown","PageOfSnowWhitesApple","War Paint","PageOfTheKnightOfDespair","PageOfTheQueenOfHatred","Oddly Smooth Stone","PageOfGreed","Strawberry"],"acts_visited":["Exordium","TheCity","TheBeyond","TheEnding"],"potions_floor_usage":[36,39,48,56,56],"damage_taken":[{"damage":0.0,"enemies":"2 Louse","floor":1.0,"turns":1.0},{"damage":0.0,"enemies":"Cultist","floor":2.0,"turns":1.0},{"damage":0.0,"enemies":"Small Slimes","floor":3.0,"turns":1.0},{"damage":0.0,"enemies":"Exordium Thugs","floor":7.0,"turns":2.0},{"damage":0.0,"enemies":"Exordium Wildlife","floor":10.0,"turns":1.0},{"damage":0.0,"enemies":"Looter","floor":11.0,"turns":1.0},{"damage":0.0,"enemies":"Gremlin Gang","floor":12.0,"turns":1.0},{"damage":0.0,"enemies":"3 Sentries","floor":13.0,"turns":2.0},{"damage":0.0,"enemies":"2 Fungi Beasts","floor":14.0,"turns":1.0},{"damage":0.0,"enemies":"The Guardian","floor":16.0,"turns":3.0},{"damage":0.0,"enemies":"Shell Parasite","floor":18.0,"turns":1.0},{"damage":0.0,"enemies":"Chosen","floor":19.0,"turns":1.0},{"damage":3.0,"enemies":"Centurion and Healer","floor":21.0,"turns":2.0},{"damage":8.0,"enemies":"Cultist and Chosen","floor":22.0,"turns":3.0},{"damage":0.0,"enemies":"Snecko","floor":23.0,"turns":1.0},{"damage":30.0,"enemies":"Book of Stabbing","floor":25.0,"turns":3.0},{"damage":0.0,"enemies":"Centurion and Healer","floor":28.0,"turns":2.0},{"damage":0.0,"enemies":"3 Cultists","floor":29.0,"turns":2.0},{"damage":0.0,"enemies":"Cultist and Chosen","floor":30.0,"turns":4.0},{"damage":0.0,"enemies":"Gremlin Leader","floor":31.0,"turns":4.0},{"damage":33.0,"enemies":"Automaton","floor":33.0,"turns":8.0},{"damage":0.0,"enemies":"Orb Walker","floor":35.0,"turns":2.0},{"damage":12,"enemies":"3 Darklings","floor":36,"turns":3},{"damage":0,"enemies":"Spire Growth","floor":38,"turns":1},{"damage":0,"enemies":"Sphere and 2 Shapes","floor":39,"turns":3},{"damage":32,"enemies":"Reptomancer","floor":40,"turns":3},{"damage":13,"enemies":"Nemesis","floor":42,"turns":5},{"damage":0,"enemies":"Giant Head","floor":44,"turns":6},{"damage":0,"enemies":"Writhing Mass","floor":45,"turns":1},{"damage":0,"enemies":"Nemesis","floor":48,"turns":3},{"damage":0,"enemies":"Donu and Deca","floor":50,"turns":6},{"damage":0,"enemies":"Donu and Deca","floor":51,"turns":6},{"damage":0,"enemies":"Shield and Spear","floor":55,"turns":3},{"damage":9,"enemies":"The Heart","floor":56,"turns":8}],"seed_played":"-8265367276235736729","potions_obtained":[{"floor":2.0,"key":"Fire Potion"},{"floor":7.0,"key":"Explosive Potion"},{"floor":11.0,"key":"Dexterity Potion"},{"floor":29.0,"key":"FearPotion"},{"floor":36,"key":"AttackPotion"},{"floor":39,"key":"PowerPotion"}],"is_trial":false,"path_per_floor":["M","M","M","?","$","R","M","R","T","M","M","M","E","M","R","B",null,"M","M","?","M","M","M","?","E","T","?","M","M","M","E","R","B",null,"M","M","$","M","M","E","R","E","T","E","M","$","?","E","R","B",null,null,"R","$","E","B",null],"character_chosen":"Librarian","items_purchased":["PageOfSnowWhitesApple","Oddly Smooth Stone","Strawberry","CultistPotion"],"campfire_rested":0,"item_purchase_floors":[37,46,54,54],"current_hp_per_floor":[54,54,54,54,54,54,54,54,64,64,64,64,64,64,64,64,93,93,93,93,90,82,82,82,52,52,42,42,47,47,47,47,14,80,80,73,88,88,93,61,61,48,48,48,48,63,63,68,68,68,68,94,94,109,109,100],"gold":90,"neow_bonus":"","is_daily":false,"chose_seed":false,"campfire_upgraded":6,"win_rate":0.0,"timestamp":1608309806,"path_taken":["M","M","M","?","$","R","M","R","T","M","?","M","E","M","R","BOSS","M","M","?","M","M","?","?","E","T","?","M","M","M","E","R","BOSS","M","M","$","M","?","E","R","E","T","E","M","$","?","E","R","BOSS","R","$","E","BOSS"],"items_purchased_type":["Relic","Relic","Relic","Potion"],"build_version":"2020-12-13","purchased_purges":3,"victory":true,"max_hp_per_floor":[92,92,92,92,92,92,92,92,102,102,102,102,102,102,102,102,102,102,102,102,102,102,102,102,102,102,102,102,102,102,102,102,102,102,102,102,102,102,102,102,102,102,102,102,102,102,102,102,102,102,102,102,102,109,109,109],"card_choices":[{"not_picked":["Tttonst","HighKick","BiteOff","ToWhereThePrescriptPoints","Unlock1","SummaryJudgment","ToOvercomeCrisis","EndlessBattle","WillOfThePrescript"],"picked":"SKIP","floor":1.0},{"not_picked":["EnergyCycle","Mutilate","MultiHit","Parry","ScratchThat","OpportunitySpotted","FeelinGood","TimeForALittleTest","StrongStrike"],"picked":"SKIP","floor":2.0},{"not_picked":["StartinOutLightly","Rewind","Outburst","YoureTooSlow","BackAttack","Eliminate","SharpSwipe","WrathOfTorment"],"picked":"Tailoring","floor":3.0},{"not_picked":["EnergyShield","BlowItUp","DesperateStruggle","FlashOfSunup","HandleRequest","CircusKnives","DefenseOrder","DarkCloud","EndlessBattle"],"picked":"SKIP","floor":7.0},{"not_picked":["Quickness","PreemptiveStrike","DesperateStruggle","MultiHit","UnavoidableGaze","HandleRequest","FleetEdge","Reload","FlashOfSunup"],"picked":"SKIP","floor":10.0},{"not_picked":["EnergyCycle","SkitterAway","ExtractFuel","Unlock1","AsThePrescriptOrders","Faith","ClassAndRespect","NonstopAssault"],"picked":"UndertakePrescript","floor":11.0},{"not_picked":["Unlock1","Parry","BackAttack","PreemptiveStrike","DarkCloud","ScatteringSlash","UnavoidableGaze","AsThePrescriptOrders","SinglePointStab"],"picked":"SKIP","floor":12.0},{"not_picked":["ClassAndRespect","HiddenBlade","SharpSwipe","FierceOnslaught","Leap_lor","SkitterAway","EndlessBattle","Endure","ExtremeEdge"],"picked":"SKIP","floor":13.0},{"not_picked":["Reload","Thrust","ScratchThat","Multislash","LawAndOrder","SinglePointStab","WillBeTasty","BackAttack","AsThePrescriptOrders"],"picked":"SKIP","floor":14.0},{"not_picked":["Struggle","Leap_lor","DarkCloud","MultiHit","FierceCharge","MultiBlock","SuppressingShot","UnavoidableGaze","SkyClearingCut"],"picked":"SKIP","floor":18.0},{"not_picked":["YouOnlyLiveOnce","ViolentFlame","DriedUp","SkitterAway","Leap_lor","HandleRequest","UpbeatPerformance","ShrineToMusic","TheRedNotes"],"picked":"SKIP","floor":19.0},{"not_picked":["EnergyShield","Reload","ReadyUp","StayCalm","ClassAndRespect","FleetFootsteps","MultiBlock","SetFire"],"picked":"ForTheFamily","floor":21.0},{"not_picked":["YoureAHindrance","Pound","InnerArdor","StrongStrike","Slice_lor","SparkingSpear","GuidanceOfTheGears","SinglePointStab","EmotionalTurbulence"],"picked":"SKIP","floor":22.0},{"not_picked":["SinglePointStab","FleetFootsteps","Endure","Outburst","FeelinGood","SmokingPipe","Cruelty","Parry","NonstopAssault"],"picked":"SKIP","floor":23.0},{"not_picked":["StrongStrike","FrontalAssault+1","HardRehearsal","SharpSwipe","StructuralAnalysis","DeepDrag","HandleRequest","Diversion","WillOfThePrescript"],"picked":"SKIP","floor":25.0},{"not_picked":["Thirst","FlashingStrike","DarkCloud+1","ClassAndRespect","FleetEdge","Standoff","SturdyDefense","Crush"],"picked":"LeRegole","floor":28.0},{"not_picked":["Faith","Unlock1","Rewind","GoinFirst","Wallop_lor","EnergyCycle","MultiBlock","Collision+1","Mutilate+1"],"picked":"SKIP","floor":29.0},{"not_picked":["Standoff","Faith","ShrineToMusic+1","Parry","EnergyCycle","GuidanceOfTheGears","Zzzzzap","AsThePrescriptOrders","FleetEdge"],"picked":"SKIP","floor":30.0},{"not_picked":["FleetEdge","DarkCloud+1","AGoldenOpportunity","SinglePointStab","Reload","SuppressingShot","TimeForALittleTest","CumulusWall","IllEndYou"],"picked":"SKIP","floor":31.0},{"not_picked":["DefenseOrder","EnergyCycle+1","SummaryJudgment","FlashingStrike","UpbeatPerformance","TheRedNotes","Crush"],"picked":"SKIP","floor":35.0},{"not_picked":["SpearedSweep","SuppressingShot","FlowOfTheSword+1","TheArtOfRapidSteps+1","Parry","ChargeUp+1"],"picked":"RushDown","floor":36},{"not_picked":["HighKick","EnergyCycle","Fence","Unlock1","GuardingStance","EnergyShield+1","Riposte"],"picked":"SKIP","floor":38},{"not_picked":["LoosenUp","Pound+1","Diversion","HighKick","Preparation","AutomatedMovement","Standoff"],"picked":"SKIP","floor":39},{"not_picked":["Standoff","BladeWhirl","FlashOfSunup","StayCalm+1","DesperateStruggle","Wallop_lor","HiddenBlade"],"picked":"SKIP","floor":40},{"not_picked":["FrontalAssault","Cruelty","DesperateStruggle","BurningFlash","LoosenUp","UndertakePrescript","FleetFootsteps"],"picked":"SKIP","floor":42},{"not_picked":["DestructiveImpact","RipSpace","EndlessBattle","Faith+1","AGoldenOpportunity","TimeForALittleTest+1","DefenseOrder"],"picked":"SKIP","floor":44},{"not_picked":["AsThePrescriptOrders","UpbeatPerformance","StrongStrike","Reload","Multislash+1","Tailoring","MultiBlock"],"picked":"SKIP","floor":45},{"not_picked":["GuardingStance","SharpSwipe+1","FeelinGood","ExtractFuel+1","GuidanceOfTheGears","Outburst","ShrineToMusic+1"],"picked":"SKIP","floor":48},{"not_picked":["RepressedFlesh","Multislash","EndlessBattle","AGoldenOpportunity","SetFire","NonstopAssault","ChargeUp+1"],"picked":"SKIP","floor":55}],"player_experience":353835,"relics_obtained":[{"floor":9.0,"key":"Pear"},{"floor":13.0,"key":"MealTicket"},{"floor":25.0,"key":"Toy Ornithopter"},{"floor":26.0,"key":"Frozen Egg 2"},{"floor":31.0,"key":"Omamori"},{"floor":40,"key":"War Paint"},{"floor":42,"key":"PageOfTheKnightOfDespair"},{"floor":44,"key":"PageOfTheQueenOfHatred"},{"floor":48,"key":"PageOfGreed"}],"event_choices":[{"damage_healed":0.0,"max_hp_gain":0.0,"max_hp_loss":0.0,"gold_gain":0.0,"event_name":"WeMeetAgain","player_choice":"Gave Potion","floor":4.0,"gold_loss":0.0,"damage_taken":0.0,"relics_obtained":["CaptainsWheel"]},{"damage_healed":0.0,"max_hp_gain":0.0,"max_hp_loss":0.0,"gold_gain":100.0,"event_name":"The Joust","player_choice":"Bet on Murderer","floor":20.0,"gold_loss":50.0,"damage_taken":0.0},{"damage_healed":0.0,"max_hp_gain":0.0,"max_hp_loss":0.0,"gold_gain":0.0,"event_name":"Vampires","player_choice":"Ignored","floor":24.0,"gold_loss":0.0,"damage_taken":0.0},{"damage_healed":0.0,"max_hp_gain":0.0,"max_hp_loss":0.0,"gold_gain":50.0,"event_name":"FaceTrader","player_choice":"Touch","floor":27.0,"gold_loss":0.0,"damage_taken":10.0},{"damage_healed":0,"gold_gain":0,"player_choice":"Ignored","damage_taken":0,"max_hp_gain":0,"max_hp_loss":0,"event_name":"Tomb of Lord Red Mask","floor":47,"gold_loss":0}],"is_beta":false,"boss_relics":[{"not_picked":["Pandora\u0027s Box","Tiny House"],"picked":"SacredBark"},{"not_picked":["Empty Cage","Coffee Dripper"],"picked":"Busted Crown"}],"items_purged_floors":[5,37,46],"is_endless":false,"potions_floor_spawned":[2,7,11,12,14,21,28,29,31,36,39,44,45,55],"ascension_level":15}}