{"host":"9373kjg5yrouhim6","time":1608275488,"event":{"mods":["2.2 Compatiblity","AchievementEnabler","Aspiration","BaseMod","Beaked The Cultist","Better Altar","Better Match","Better Note","Better Sensory Stone","Better Skull","Better Third Choice","Colored Map","Colored Powertips","Conspire","Downfall","Friendly Minions","Highlight Path","Hubris","Infinite Spire","Mimic Mod","Minty Spire (QoL Compilation)","Replay The Spire","Spicy Shops","StSLib","The Construct","The Disciple","vexMod"],"gold_per_floor":[99,99,99,99,9,27,54,54,87,87,99,113,128,146,164,264,264,264,275,305,155,170,180,227,227,227,227,227,227],"floor_reached":28,"playtime":2125,"items_purged":["champ:FlashCut","champ:RapidStrikes"],"score":238,"play_id":"2595bf28-880b-4d17-a0e1-c6e72e126415","local_time":"20201218021128","is_ascension_mode":false,"campfire_choices":[{"data":"champ:Execute","floor":1,"key":"SMITH"},{"data":"champ:Backstep","floor":8,"key":"SMITH"},{"data":"champ:Taunt","floor":10,"key":"SMITH"},{"data":"champ:MurderStrike","floor":18,"key":"SMITH"},{"floor":25,"key":"REST"},{"data":"champ:FalseCounter","floor":27,"key":"SMITH"}],"circlet_count":0,"master_deck":["champ:Strike","champ:Strike","champ:Strike","champ:Strike","champ:Defend","champ:Defend","champ:Defend","champ:Defend","champ:Execute+1","champ:Taunt+1","champ:Circumvent","champ:Backstep+1","champ:Circumvent","champ:DefensiveShout","champ:Circumvent","champ:ShieldWall","champ:MurderStrike+1","champ:FalseCounter+1","champ:IronFortress","champ:BringItOn","champ:SkillfulDodge"],"relics":["champ:ChampionCrown","downfall:HeartsMalice","infinitespire:Satchel","infinitespire:ShieldingShard","SlaversCollar","Dream Catcher","champ:DefensiveTrainingManual"],"acts_visited":["Exordium","TheCity"],"potions_floor_usage":[15,16,20,23,28],"damage_taken":[{"damage":0,"enemies":"Jaw Worm","floor":2,"turns":1},{"damage":0,"enemies":"Small Slimes","floor":3,"turns":1},{"damage":0,"enemies":"Cultist","floor":4,"turns":1},{"damage":10,"enemies":"downfall:FleeingMerchant","floor":5,"turns":4},{"damage":8,"enemies":"2 Fungi Beasts","floor":6,"turns":4},{"damage":21,"enemies":"3 Sentries","floor":9,"turns":8},{"damage":7,"enemies":"Large Slime","floor":11,"turns":6},{"damage":2,"enemies":"Lots of Slimes","floor":12,"turns":5},{"damage":0,"enemies":"Red Slaver","floor":13,"turns":3},{"damage":9,"enemies":"Gremlin Gang","floor":14,"turns":4},{"damage":9,"enemies":"Exordium Thugs","floor":15,"turns":4},{"damage":34,"enemies":"downfall:Silent","floor":16,"turns":12},{"damage":40,"enemies":"conspire:FuzzyDice","floor":19,"turns":6},{"damage":28,"enemies":"Gremlin Leader","floor":20,"turns":8},{"damage":0,"enemies":"downfall:FleeingMerchant","floor":21,"turns":4},{"damage":4,"enemies":"Snecko","floor":22,"turns":5},{"damage":27,"enemies":"Chosen and Byrds","floor":23,"turns":8},{"damage":67,"enemies":"Cultist and Chosen","floor":28,"turns":6}],"seed_played":"2314078128250210679","potions_obtained":[{"floor":6,"key":"LifebloodPotion"},{"floor":9,"key":"Regen Potion"},{"floor":12,"key":"BlessingOfTheForge"},{"floor":13,"key":"SteroidPotion"},{"floor":22,"key":"SkillPotion"},{"floor":23,"key":"Flashbang"}],"is_trial":false,"path_per_floor":["R","M","M","M","$","M","T","R","E","R","M","M","M","M","M","B",null,"R","M","E","$","M","M","T","R","?","R","M"],"character_chosen":"THE_CHAMP","items_purchased":["champ:FalseCounter"],"campfire_rested":1,"item_purchase_floors":[21],"current_hp_per_floor":[90,90,90,90,90,87,87,87,81,81,84,87,87,78,74,75,90,90,58,45,50,51,29,29,56,56,56,0,0],"gold":227,"neow_bonus":"THREE_ENEMY_KILL","is_daily":false,"chose_seed":false,"campfire_upgraded":5,"win_rate":0.0,"timestamp":1608275488,"path_taken":["R","M","M","M","$","M","T","R","E","R","M","M","M","M","M","BOSS","R","M","E","$","M","M","T","R","?","R","M"],"items_purchased_type":["Card"],"build_version":"2020-12-13","purchased_purges":2,"victory":false,"max_hp_per_floor":[90,90,90,90,90,90,90,90,90,90,90,90,90,90,90,90,90,90,90,90,90,90,90,90,90,90,90,90,90],"card_choices":[{"not_picked":["champ:CrookedStrike","champ:PerfectedStrike"],"picked":"champ:FlashCut","floor":2},{"not_picked":["champ:RisingSlash","champ:GutPunch"],"picked":"champ:Circumvent","floor":3},{"not_picked":["champ:FocusedBerserking","champ:EnragedBash","champ:AdrenalArmor"],"picked":"SKIP","floor":4},{"not_picked":["champ:Encircle","champ:TornadoPunch"],"picked":"champ:Backstep","floor":5},{"not_picked":["champ:ViciousMockery","champ:EndlessRage"],"picked":"champ:Circumvent","floor":6},{"not_picked":["champ:CrownThrow","champ:EnragedBash","champ:BerserkersShout"],"picked":"SKIP","floor":9},{"not_picked":["champ:GladiatorsShout","champ:EndlessRage"],"picked":"champ:DefensiveShout","floor":11},{"not_picked":["champ:Duel","champ:BladeFlurry","champ:Haymaker"],"picked":"SKIP","floor":12},{"not_picked":["champ:BerserkersShout","champ:FightOn"],"picked":"champ:Circumvent","floor":13},{"not_picked":["champ:FaceSlap","champ:DefensiveShout"],"picked":"champ:RapidStrikes","floor":14},{"not_picked":["champ:FocusedGladiator","champ:ViciousMockery"],"picked":"champ:ShieldWall","floor":15},{"not_picked":["champ:Improvising","champ:VampiricStrike"],"picked":"champ:MurderStrike","floor":16},{"not_picked":["champ:Encircle+1","champ:ViciousMockery","champ:Haymaker"],"picked":"SKIP","floor":19},{"not_picked":["champ:DefensiveShout","champ:ShieldWall","champ:HeartStrike"],"picked":"SKIP","floor":20},{"not_picked":["champ:BladeFlurry","champ:AdrenalArmor","champ:Backstep"],"picked":"SKIP","floor":21},{"not_picked":["champ:Haymaker","champ:Lariat"],"picked":"champ:IronFortress","floor":22},{"not_picked":["champ:FanOfKnives+1","champ:Shatter+1"],"picked":"champ:BringItOn","floor":23},{"not_picked":["champ:FanOfKnives","champ:RecklessLeap"],"picked":"champ:SkillfulDodge","floor":25}],"player_experience":331340,"relics_obtained":[{"floor":7,"key":"infinitespire:Satchel"},{"floor":9,"key":"infinitespire:ShieldingShard"},{"floor":20,"key":"Dream Catcher"},{"floor":24,"key":"champ:DefensiveTrainingManual"}],"event_choices":[],"is_beta":false,"boss_relics":[{"not_picked":["vexMod:MysteryBossChallenge","Honey Jar"],"picked":"SlaversCollar"}],"items_purged_floors":[5,21],"is_endless":false,"potions_floor_spawned":[6,9,12,13,14,22,23],"killed_by":"Cultist and Chosen","ascension_level":0}}