{"host":"1mxf43y0hzpoj3pg","time":1608332504,"event":{"mods":["AchievementEnabler","BaseMod","BetterRewards","Colored Map","Conspire","Downfall","Hubris","Infinite Spire","Minty Spire (QoL Compilation)","Permanent Neow","Replay The Spire","Shop Mod","StSLib","The Jungle"],"gold_per_floor":[99,49,49,49,84,84,84,124,145,70,92,392,417,417,417,468,513,525,525],"floor_reached":18,"playtime":2157,"items_purged":[],"score":110,"play_id":"2010166c-e5b5-49d6-aa6c-e82de6b54638","local_time":"20201218180144","is_ascension_mode":false,"campfire_choices":[{"data":"champ:Taunt","floor":1,"key":"SMITH"},{"data":"champ:Execute","floor":4,"key":"SMITH"},{"data":"champ:EndlessRage","floor":6,"key":"SMITH"},{"data":"champ:Encircle","floor":10,"key":"SMITH"}],"circlet_count":0,"master_deck":["champ:Strike","champ:Strike","champ:Strike","champ:Strike","champ:Defend","champ:Defend","champ:Defend","champ:Defend","champ:Execute+1","champ:Taunt+1","conspire:SpireCoStock","hubris:Greed","champ:EndlessRage+1","Parasite","champ:Encircle+1","champ:FlashCut","champ:PreciseThrust","Slimebound:Icky","Slimebound:Icky","champ:Circumvent","champ:Backstep","champ:AdrenalArmor"],"relics":["Cursed Key","hubris:64BitClover","Art of War","downfall:HeartBlessingBlue","champ:GladiatorsBookOfMartialProwess"],"acts_visited":["Exordium"],"potions_floor_usage":[17,18,18,18],"damage_taken":[{"damage":5,"enemies":"Small Slimes","floor":5,"turns":4},{"damage":54,"enemies":"Lagavulin","floor":8,"turns":8},{"damage":10,"enemies":"Jaw Worm","floor":9,"turns":3},{"damage":3,"enemies":"Cultist","floor":11,"turns":3},{"damage":20,"enemies":"Exordium Wildlife","floor":13,"turns":2},{"damage":53,"enemies":"conspire:MimicChest","floor":16,"turns":12},{"damage":4,"enemies":"Blue Slaver","floor":17,"turns":5},{"damage":22,"enemies":"downfall:Watcher","floor":18,"turns":8}],"seed_played":"8149678848586011470","potions_obtained":[{"floor":9,"key":"FearPotion"},{"floor":13,"key":"LiquidBronze"},{"floor":16,"key":"AttackPotion"},{"floor":17,"key":"LiquidMemories"}],"is_trial":false,"path_per_floor":["R","?","T","R","M","R","T","E","M","R","M","?","M","PTL","PTL","?","M","B"],"character_chosen":"THE_CHAMP","items_purchased":[],"campfire_rested":0,"item_purchase_floors":[],"current_hp_per_floor":[90,90,90,90,90,90,90,60,53,63,63,63,58,58,58,23,22,0,0],"gold":525,"neow_bonus":"BOSS_RELIC","is_daily":false,"chose_seed":false,"campfire_upgraded":4,"win_rate":0.0,"timestamp":1608332504,"path_taken":["R","?","?","R","M","R","T","E","M","R","?","?","M","PTL","PTL","?","M","BOSS"],"items_purchased_type":[],"build_version":"2020-12-13","purchased_purges":0,"victory":false,"max_hp_per_floor":[90,90,90,90,90,90,90,90,90,100,100,100,100,100,100,100,100,100,100],"card_choices":[{"not_picked":["champ:BerserkersShout","champ:RapidStrikes"],"picked":"champ:EndlessRage","floor":5},{"not_picked":["champ:FocusedGladiator","champ:DefensiveShout"],"picked":"champ:Encircle","floor":8},{"not_picked":["champ:DefensiveShout","champ:HeartStrike"],"picked":"champ:FlashCut","floor":9},{"not_picked":["champ:EndlessRage","champ:BerserkersShout"],"picked":"champ:PreciseThrust","floor":11},{"not_picked":["champ:SwordThrow","champ:DefensiveShout"],"picked":"champ:Circumvent","floor":13},{"not_picked":["champ:BringItOn","champ:EnGarde"],"picked":"champ:Backstep","floor":16},{"not_picked":["champ:PreciseThrust","champ:PerfectedStrike"],"picked":"champ:AdrenalArmor","floor":17}],"player_experience":166466,"relics_obtained":[{"floor":3,"key":"hubris:64BitClover"},{"floor":8,"key":"Art of War"},{"floor":16,"key":"champ:GladiatorsBookOfMartialProwess"}],"event_choices":[{"damage_healed":0,"gold_gain":0,"player_choice":"Invest 1","damage_taken":0,"max_hp_gain":0,"max_hp_loss":0,"event_name":"conspire:Investor","floor":2,"gold_loss":0}],"is_beta":false,"boss_relics":[],"items_purged_floors":[],"is_endless":false,"potions_floor_spawned":[9,13,16,17],"killed_by":"downfall:Watcher","ascension_level":0}}