{"host":"9ndbo4kgsfoemf7y","time":1608303070,"event":{"mods":["AchievementEnabler","BaseMod","Colored Map","DeckTracker","Keyboard Shortcuts","Minty Spire (QoL Compilation)","Permanent Neow","Quick Restart","Relic Stats","StSLib","SuperFastMode"],"gold_per_floor":[119,137,154,168,187,187,187,187,233,60,85,102,27,54,54,126,126,141,56,6,6,6],"floor_reached":21,"playtime":670,"items_purged":["Strike_R","Rupture"],"score":359,"play_id":"ca7efcc9-6fa6-464e-a965-e0c2199525ee","local_time":"20201218235110","is_ascension_mode":true,"campfire_choices":[{"data":"Bash","floor":6.0,"key":"SMITH"},{"data":"Ghostly Armor","floor":8.0,"key":"SMITH"},{"floor":15.0,"key":"REST"}],"circlet_count":0,"master_deck":["AscendersBane","Strike_R","Defend_R","Defend_R","Defend_R","Bash+1","Wild Strike","Dropkick","Twin Strike","Evolve","Ghostly Armor+1","Second Wind","Fiend Fire","Dropkick","Feed","Demon Form+1","Fire Breathing+1","Corruption+1"],"relics":["Burning Blood","Blood Vial","Medical Kit","White Beast Statue","Nunchaku","Astrolabe","Smiling Mask"],"acts_visited":["Exordium","TheCity"],"potions_floor_usage":[18],"damage_taken":[{"damage":7.0,"enemies":"Jaw Worm","floor":1.0,"turns":3.0},{"damage":1.0,"enemies":"Cultist","floor":2.0,"turns":3.0},{"damage":10.0,"enemies":"Small Slimes","floor":3.0,"turns":3.0},{"damage":24.0,"enemies":"Blue Slaver","floor":4.0,"turns":4.0},{"damage":13.0,"enemies":"Red Slaver","floor":5.0,"turns":3.0},{"damage":25.0,"enemies":"3 Sentries","floor":11.0,"turns":10.0},{"damage":7.0,"enemies":"3 Louse","floor":12.0,"turns":3.0},{"damage":27.0,"enemies":"Lagavulin","floor":14.0,"turns":5.0},{"damage":53.0,"enemies":"Slime Boss","floor":16.0,"turns":11.0},{"damage":58,"enemies":"2 Thieves","floor":18,"turns":5},{"damage":20,"enemies":"Spheric Guardian","floor":21,"turns":3}],"seed_played":"-7317671791808872995","potions_obtained":[{"floor":2.0,"key":"Dexterity Potion"},{"floor":3.0,"key":"DuplicationPotion"},{"floor":11.0,"key":"Fruit Juice"},{"floor":12.0,"key":"Swift Potion"},{"floor":14.0,"key":"Regen Potion"},{"floor":16.0,"key":"PowerPotion"},{"floor":18,"key":"Weak Potion"}],"is_trial":false,"path_per_floor":["M","M","M","M","M","R","?","R","T","$","E","M","$","E","R","B",null,"M","?","$","M"],"character_chosen":"IRONCLAD","items_purchased":["Medical Kit"],"campfire_rested":1,"item_purchase_floors":[10],"current_hp_per_floor":[67,72,68,50,43,43,43,43,43,43,31,32,32,13,37,7,62,12,12,12,0,0],"gold":6,"neow_bonus":"THREE_CARDS","is_daily":false,"chose_seed":false,"campfire_upgraded":2,"win_rate":0.0,"timestamp":1608303070,"path_taken":["M","M","M","M","M","R","?","R","T","$","E","?","$","E","R","BOSS","M","?","$","M"],"items_purchased_type":["Relic"],"build_version":"2020-12-13","purchased_purges":2,"victory":false,"max_hp_per_floor":[75,75,75,75,75,75,75,75,75,75,80,80,80,80,80,80,80,80,80,80,80,80],"relic_stats":{"Blood Vial":12,"Nunchaku":[3],"counters":[11,53],"Astrolabe":["Demon Form","Fire Breathing","Corruption"],"Medical Kit":[30],"Smiling Mask":50,"obtain_stats":[{"Blood Vial":9,"Nunchaku":14,"Astrolabe":17,"Medical Kit":10,"Smiling Mask":19,"Burning Blood":0,"White Beast Statue":11},{"Blood Vial":5,"Nunchaku":8,"Astrolabe":9,"Medical Kit":5,"Smiling Mask":10,"Burning Blood":0,"White Beast Statue":6},{"Blood Vial":16,"Nunchaku":34,"Astrolabe":45,"Medical Kit":16,"Smiling Mask":50,"Burning Blood":0,"White Beast Statue":26}],"Burning Blood":60},"card_choices":[{"not_picked":["Iron Wave","Bloodletting"],"picked":"Wild Strike","floor":0.0},{"not_picked":["Cleave","Intimidate"],"picked":"Dropkick","floor":1.0},{"not_picked":["Wild Strike","Sword Boomerang"],"picked":"Twin Strike","floor":2.0},{"not_picked":["Pummel","Dual Wield"],"picked":"Evolve","floor":3.0},{"not_picked":["Searing Blow","Heavy Blade","Havoc"],"picked":"SKIP","floor":4.0},{"not_picked":["Twin Strike","Headbutt"],"picked":"Ghostly Armor","floor":5.0},{"not_picked":["True Grit","Body Slam"],"picked":"Second Wind","floor":11.0},{"not_picked":["Twin Strike","Warcry"],"picked":"Fiend Fire","floor":12.0},{"not_picked":["Dark Embrace","Iron Wave"],"picked":"Dropkick","floor":14.0},{"not_picked":["Immolate","Corruption"],"picked":"Feed","floor":16.0},{"not_picked":["Heavy Blade","True Grit","Thunderclap"],"picked":"SKIP","floor":18}],"player_experience":698017,"relics_obtained":[{"floor":9.0,"key":"Blood Vial"},{"floor":11.0,"key":"White Beast Statue"},{"floor":14.0,"key":"Nunchaku"}],"event_choices":[{"damage_healed":0.0,"max_hp_gain":0.0,"max_hp_loss":0.0,"gold_gain":0.0,"cards_transformed":["Strike_R"],"event_name":"Transmorgrifier","player_choice":"Transformed","floor":7.0,"gold_loss":0.0,"damage_taken":0.0,"cards_obtained":["Rupture"]},{"damage_healed":0,"gold_gain":0,"player_choice":"Obtained Relic","damage_taken":0,"relics_obtained":["Smiling Mask"],"max_hp_gain":0,"max_hp_loss":0,"event_name":"Addict","floor":19,"gold_loss":85}],"is_beta":false,"boss_relics":[{"not_picked":["Black Star","Calling Bell"],"picked":"Astrolabe"}],"items_purged_floors":[13,20],"is_endless":false,"potions_floor_spawned":[2,3,11,12,14,16,18],"killed_by":"Spheric Guardian","ascension_level":18}}