{"host":"jx3f6ezc0g3s9edc","time":1608257213,"event":{"mods":["AchievementEnabler","BaseMod","Bestiary","Colored Map","Highlight Path","Minty Spire (QoL Compilation)","StSLib"],"gold_per_floor":[115,130,205,218,233,268,268,301,328,328,344,35,35,45,45,149,149,163,94,94,105,120,120,120],"floor_reached":23,"playtime":1535,"items_purged":["Strike_B"],"score":254,"play_id":"706beeba-800d-4f51-9113-3871ad92e35e","local_time":"20201217210653","is_ascension_mode":true,"campfire_choices":[{"floor":7,"key":"REST"},{"floor":10,"key":"REST"},{"floor":15,"key":"REST"}],"circlet_count":0,"master_deck":["Zap","Dualcast","Defragment","Ball Lightning","Undo","Leap","Consume","Ball Lightning","Sunder","Stack","Capacitor","Core Surge","Double Energy","Barrage","Rip and Tear","Aggregate","Auto Shields","Force Field","Reinforced Body","Static Discharge"],"relics":["Cracked Core","Kunai","Akabeko","Bag of Preparation","PreservedInsect","Nunchaku","Pandora\u0027s Box","Shuriken"],"acts_visited":["Exordium","TheCity"],"potions_floor_usage":[],"damage_taken":[{"damage":0.0,"enemies":"Cultist","floor":1.0,"turns":4.0},{"damage":0.0,"enemies":"2 Louse","floor":2.0,"turns":2.0},{"damage":10.0,"enemies":"Small Slimes","floor":4.0,"turns":3.0},{"damage":2,"enemies":"Looter","floor":5,"turns":4},{"damage":34,"enemies":"Gremlin Nob","floor":6,"turns":5},{"damage":39,"enemies":"Lagavulin","floor":8,"turns":6},{"damage":3,"enemies":"Exordium Wildlife","floor":11,"turns":3},{"damage":5,"enemies":"3 Louse","floor":14,"turns":2},{"damage":23,"enemies":"Slime Boss","floor":16,"turns":7},{"damage":11,"enemies":"2 Thieves","floor":18,"turns":4},{"damage":6,"enemies":"3 Byrds","floor":21,"turns":3},{"damage":42,"enemies":"3 Cultists","floor":22,"turns":5},{"damage":11,"enemies":"Slavers","floor":23,"turns":1}],"seed_played":"3562382813553107962","potions_obtained":[{"floor":2.0,"key":"SteroidPotion"},{"floor":4.0,"key":"Ancient Potion"},{"floor":5,"key":"SpeedPotion"},{"floor":6,"key":"PotionOfCapacity"},{"floor":18,"key":"Weak Potion"}],"is_trial":false,"path_per_floor":["M","M","?","M","M","E","R","E","T","R","M","$","?","M","R","B",null,"M","$","T","M","M","E"],"character_chosen":"DEFECT","items_purchased":["PreservedInsect","Sunder","Stack","Static Discharge"],"campfire_rested":3,"item_purchase_floors":[12,12,12,19],"current_hp_per_floor":[82,82,71,61,59,25,49,10,10,34,31,31,31,26,50,27,68,57,57,57,51,9,0,0],"gold":120,"neow_bonus":"TEN_PERCENT_HP_BONUS","is_daily":false,"chose_seed":false,"campfire_upgraded":0,"win_rate":0.0,"timestamp":1608257213,"path_taken":["M","M","?","M","M","E","R","E","T","R","M","$","?","M","R","BOSS","M","$","?","?","M","E"],"items_purchased_type":["Relic","Card","Card","Card"],"build_version":"2020-12-13","purchased_purges":1,"victory":false,"max_hp_per_floor":[82,82,82,82,82,82,82,82,82,82,82,82,82,82,82,82,82,82,82,82,82,82,82,82],"card_choices":[{"not_picked":["Steam","Storm"],"picked":"Defragment","floor":1.0},{"not_picked":["Hologram","Coolheaded"],"picked":"Ball Lightning","floor":2.0},{"not_picked":["Steam Power","Turbo"],"picked":"Undo","floor":4.0},{"not_picked":["Fission","Glacier"],"picked":"Leap","floor":5},{"not_picked":["Conserve Battery","Glacier"],"picked":"Consume","floor":6},{"not_picked":["Barrage","Cold Snap","Recycle"],"picked":"SKIP","floor":8},{"not_picked":["Lockon","Steam Power"],"picked":"Ball Lightning","floor":11},{"not_picked":["Genetic Algorithm","Leap"],"picked":"Capacitor","floor":14},{"not_picked":["All For One","Meteor Strike"],"picked":"Core Surge","floor":16},{"not_picked":["Aggregate","Darkness+1","Hello World"],"picked":"SKIP","floor":18},{"not_picked":["Undo","Double Energy","Fusion+1"],"picked":"SKIP","floor":21},{"not_picked":["Turbo","Cold Snap+1","Redo"],"picked":"SKIP","floor":22}],"player_experience":687494,"relics_obtained":[{"floor":6,"key":"Kunai"},{"floor":8,"key":"Akabeko"},{"floor":9,"key":"Bag of Preparation"},{"floor":13,"key":"Nunchaku"},{"floor":20,"key":"Shuriken"}],"event_choices":[{"damage_healed":0.0,"max_hp_gain":0.0,"max_hp_loss":0.0,"gold_gain":75.0,"event_name":"World of Goop","player_choice":"Gather Gold","floor":3.0,"gold_loss":0.0,"damage_taken":11.0},{"damage_healed":0,"gold_gain":0,"player_choice":"Relic","damage_taken":0,"max_hp_gain":0,"max_hp_loss":0,"event_name":"Wheel of Change","floor":13,"gold_loss":0}],"is_beta":false,"boss_relics":[{"not_picked":["Runic Dome","SlaversCollar"],"picked":"Pandora\u0027s Box"}],"items_purged_floors":[12],"is_endless":false,"potions_floor_spawned":[2,4,5,6,18],"killed_by":"Slavers","ascension_level":5}}