{"host":"mj8akmyfd5lo602f","time":1608250006,"event":{"mods":["2.2 Compatiblity","Act Like it!","BaseMod","Bestiary","BshForSts","Colored Map","Colored Powertips","Downfall","Highlight Path","Minty Spire (QoL Compilation)","Permanent Neow","Relic Stats","StSLib"],"gold_per_floor":[99,116,26,26,60,60,137,163,176,176,194,208,227,212,229,328,328,328,339,355,375,202,222,222,322,350,200,200,217,233,233,252,252,252],"floor_reached":33,"playtime":3205,"items_purged":[],"score":306,"play_id":"7ac813ef-5ca6-455a-bfc4-4417643c16d0","local_time":"20201218000646","is_ascension_mode":false,"campfire_choices":[{"data":"champ:Taunt","floor":1.0,"key":"SMITH"},{"data":"champ:StanceDance","floor":4.0,"key":"SMITH"},{"data":"champ:Encircle","floor":10.0,"key":"SMITH"},{"data":"champ:StrikeOfGenius","floor":18,"key":"SMITH"},{"floor":27,"key":"RECALL"}],"circlet_count":0,"master_deck":["champ:Strike","champ:Strike","champ:Strike","champ:Strike","champ:Defend","champ:Defend","champ:Defend","champ:Defend","champ:Execute","champ:Taunt+1","expansioncontent:BronzeBeam","champ:StanceDance+1","champ:Encircle+1","champ:GutPunch","champ:Circumvent","champ:BringItOn","champ:FlashCut","champ:DefensiveShout","champ:Backstep","champ:TornadoPunch","champ:StrikeOfGenius+1","champ:Shatter","champ:Backstep+1","champ:Lariat+1","champ:StanceDance+1","champ:FaceSlap"],"relics":["champ:ChampionCrown","Peace Pipe","The Courier","Oddly Smooth Stone","Black Star","champ:FightingForDummies","Singing Bowl","Darkstone Periapt","downfall:HeartBlessingGreen","downfall:HeartBlessingBlue","champ:DefensiveTrainingManual"],"acts_visited":["Exordium","TheCity"],"potions_floor_usage":[23,26,33,33,33],"damage_taken":[{"damage":0.0,"enemies":"Cultist","floor":2.0,"turns":4.0},{"damage":8.0,"enemies":"downfall:FleeingMerchant","floor":3.0,"turns":4.0},{"damage":29.0,"enemies":"Lagavulin","floor":5.0,"turns":5.0},{"damage":20.0,"enemies":"3 Sentries","floor":8.0,"turns":6.0},{"damage":2.0,"enemies":"Small Slimes","floor":9.0,"turns":2.0},{"damage":2.0,"enemies":"2 Louse","floor":11.0,"turns":2.0},{"damage":3.0,"enemies":"Exordium Wildlife","floor":12.0,"turns":5.0},{"damage":13.0,"enemies":"Large Slime","floor":13.0,"turns":5.0},{"damage":29.0,"enemies":"downfall:FleeingMerchant","floor":14.0,"turns":4.0},{"damage":10.0,"enemies":"2 Fungi Beasts","floor":15.0,"turns":3.0},{"damage":26.0,"enemies":"downfall:Watcher","floor":16.0,"turns":13.0},{"damage":12,"enemies":"3 Byrds","floor":19,"turns":5},{"damage":31,"enemies":"Spheric Guardian","floor":20,"turns":4},{"damage":24,"enemies":"Snake Plant","floor":21,"turns":5},{"damage":24,"enemies":"downfall:FleeingMerchant","floor":22,"turns":4},{"damage":24,"enemies":"3 Cultists","floor":23,"turns":5},{"damage":30,"enemies":"Book of Stabbing","floor":26,"turns":4},{"damage":6,"enemies":"Cultist and Chosen","floor":29,"turns":7},{"damage":11,"enemies":"Snake Plant","floor":30,"turns":4},{"damage":28,"enemies":"Snecko","floor":32,"turns":6},{"damage":119,"enemies":"downfall:Ironclad","floor":33,"turns":12}],"seed_played":"561575045242731907","potions_obtained":[{"floor":2.0,"key":"Regen Potion"},{"floor":8.0,"key":"FearPotion"},{"floor":9.0,"key":"Weak Potion"},{"floor":21,"key":"ColorlessPotion"},{"floor":29,"key":"Fruit Juice"},{"floor":30,"key":"DistilledChaos"}],"is_trial":false,"path_per_floor":["R","M","$","R","E","?","T","E","M","R","M","M","M","$","M","B",null,"R","M","M","M","$","M","T","?","E","R","?","M","M","?","M","B"],"character_chosen":"THE_CHAMP","items_purchased":["champ:GutPunch","champ:FightingForDummies","PowerPotion"],"campfire_rested":0,"item_purchase_floors":[3,22,22],"current_hp_per_floor":[90,90,90,90,77,82,82,83,88,88,88,90,95,95,95,83,95,95,95,84,89,94,93,93,93,91,101,101,105,109,109,109,0,0],"gold":252,"neow_bonus":"RANDOM_COLORLESS","is_daily":false,"chose_seed":false,"campfire_upgraded":4,"win_rate":0.0,"timestamp":1608250006,"path_taken":["R","M","?","R","E","?","T","E","M","R","M","M","M","$","M","BOSS","R","M","M","M","$","M","T","?","E","R","?","M","M","?","M","BOSS"],"items_purchased_type":["Card","Relic","Potion"],"build_version":"2020-12-13","purchased_purges":0,"victory":false,"max_hp_per_floor":[90,90,90,90,90,95,95,95,95,95,95,95,95,95,95,95,95,95,95,95,95,95,95,95,95,97,107,107,109,109,109,109,114,114],"relic_stats":{"Peace Pipe":0,"Darkstone Periapt":0,"Singing Bowl":4,"counters":[21,109],"Black Star":1,"obtain_stats":[{"Peace Pipe":5,"Darkstone Periapt":26,"Singing Bowl":26,"downfall:HeartBlessingBlue":27,"champ:DefensiveTrainingManual":31,"Oddly Smooth Stone":8,"champ:ChampionCrown":0,"downfall:HeartBlessingGreen":27,"The Courier":7,"Black Star":17,"champ:FightingForDummies":22},{"Peace Pipe":3,"Darkstone Periapt":17,"Singing Bowl":17,"downfall:HeartBlessingBlue":17,"champ:DefensiveTrainingManual":19,"Oddly Smooth Stone":4,"champ:ChampionCrown":0,"downfall:HeartBlessingGreen":17,"The Courier":3,"Black Star":11,"champ:FightingForDummies":15},{"Peace Pipe":13,"Darkstone Periapt":80,"Singing Bowl":80,"downfall:HeartBlessingBlue":80,"champ:DefensiveTrainingManual":91,"Oddly Smooth Stone":19,"champ:ChampionCrown":0,"downfall:HeartBlessingGreen":80,"The Courier":13,"Black Star":53,"champ:FightingForDummies":71}]},"card_choices":[{"not_picked":["Bandage Up","Enlightenment"],"picked":"expansioncontent:BronzeBeam","floor":0.0},{"not_picked":["champ:RecklessLeap","champ:DefensiveShout"],"picked":"champ:StanceDance","floor":2.0},{"not_picked":["champ:BladeFlurry","champ:BerserkersShout"],"picked":"champ:Encircle","floor":3.0},{"not_picked":["champ:Riposte","champ:PerfectedStrike"],"picked":"champ:Circumvent","floor":5.0},{"not_picked":["champ:DefensiveShout","champ:BladeFlurry"],"picked":"champ:BringItOn","floor":8.0},{"not_picked":["champ:Haymaker","champ:Encircle"],"picked":"champ:FlashCut","floor":9.0},{"not_picked":["champ:Riposte","champ:CrookedStrike"],"picked":"champ:DefensiveShout","floor":11.0},{"not_picked":["champ:ShieldSlam","champ:DefensiveShout"],"picked":"champ:Backstep","floor":12.0},{"not_picked":["champ:Backstep","champ:Encircle","champ:HeartStrike"],"picked":"SKIP","floor":13.0},{"not_picked":["champ:Control","champ:BerserkersShout"],"picked":"champ:TornadoPunch","floor":14.0},{"not_picked":["champ:AdrenalArmor","champ:FalseCounter","champ:Aggression"],"picked":"SKIP","floor":15.0},{"not_picked":["champ:HeavySlash","champ:LastStand"],"picked":"champ:StrikeOfGenius","floor":16.0},{"not_picked":["champ:DeathBlow","champ:BerserkersShout"],"picked":"champ:Shatter","floor":19},{"not_picked":["champ:FanOfKnives","champ:EndlessRage"],"picked":"champ:Backstep+1","floor":20},{"not_picked":["champ:Encircle","champ:FocusedDefense"],"picked":"champ:Lariat+1","floor":21},{"not_picked":["champ:FlashCut","champ:PerfectedStrike","champ:Shatter"],"picked":"SKIP","floor":22},{"not_picked":["champ:FocusedBerserking","champ:BladeFlurry","champ:Lariat+1"],"picked":"SKIP","floor":23},{"not_picked":["champ:RecklessLeap","champ:Shatter","champ:FalseCounter"],"picked":"Singing Bowl","floor":26},{"not_picked":["champ:StrikeOfGenius","champ:CrookedStrike","champ:FanOfKnives+1"],"picked":"Singing Bowl","floor":29},{"not_picked":["champ:BringItOn","champ:PerfectedStrike+1"],"picked":"champ:StanceDance+1","floor":30},{"not_picked":["champ:Encircle","champ:RecklessLeap"],"picked":"champ:FaceSlap","floor":32}],"player_experience":357763,"relics_obtained":[{"floor":5.0,"key":"Peace Pipe"},{"floor":7.0,"key":"The Courier"},{"floor":8.0,"key":"Oddly Smooth Stone"},{"floor":26,"key":"Singing Bowl"},{"floor":26,"key":"Darkstone Periapt"}],"event_choices":[{"damage_healed":0.0,"max_hp_gain":5.0,"max_hp_loss":0.0,"gold_gain":0.0,"event_name":"Big Fish","player_choice":"Donut","floor":6.0,"gold_loss":0.0,"damage_taken":0.0},{"damage_healed":0,"gold_gain":0,"player_choice":"Ignored","damage_taken":0,"max_hp_gain":0,"max_hp_loss":0,"event_name":"Vampires","floor":28,"gold_loss":0}],"is_beta":false,"boss_relics":[{"not_picked":["Pandora\u0027s Box","Fusion Hammer"],"picked":"Black Star"}],"items_purged_floors":[],"is_endless":false,"potions_floor_spawned":[2,8,9,21,29,30],"killed_by":"downfall:Ironclad","ascension_level":0}}