{"host":"t7mx8yfj1no5p62f","time":1608317394,"event":{"mods":["BaseMod","Colored Map","Colored Powertips","Filter the Spire","Minty Spire (QoL Compilation)","Relic Stats","StSLib"],"gold_per_floor":[114,134,147,147,147,147,180,7,89,114,126,154,172,200,200,278,278,297,315,332,343,52,52,85,85,85,112,130,130,143,168,168,242,242,258,258,258,258,624,624,658,658,658,693,693,727,752,764,764,764,764,764],"floor_reached":51,"playtime":2147,"items_purged":["Strike_R"],"score":1872,"play_id":"ab9d312a-f19e-4d5f-8319-42989ceaf738","local_time":"20201218134954","is_ascension_mode":true,"campfire_choices":[{"data":"Clothesline","floor":6.0,"key":"SMITH"},{"data":"Immolate","floor":15.0,"key":"SMITH"},{"data":"Armaments","floor":23,"key":"SMITH"},{"data":"True Grit","floor":29,"key":"SMITH"},{"data":"Power Through","floor":32,"key":"SMITH"},{"data":"Feed","floor":40,"key":"SMITH"},{"data":"Feel No Pain","floor":45,"key":"SMITH"},{"floor":49,"key":"RECALL"}],"circlet_count":0,"master_deck":["AscendersBane","Strike_R","Strike_R","Strike_R","Defend_R","Defend_R","Defend_R","Defend_R","Bash","Pommel Strike+1","Clothesline+1","Twin Strike","Power Through+1","Barricade","Fire Breathing","Immolate+1","Corruption","Entrench","Body Slam","Ghostly Armor","Armaments+1","Sentinel","True Grit+1","Shrug It Off","Seeing Red+1","Feed+1","Feel No Pain+1","HandOfGreed","True Grit+1","Headbutt+1","Second Wind","Demon Form","Uppercut+1"],"relics":["Snecko Eye","MealTicket","Whetstone","PreservedInsect","Self Forming Clay","Paper Frog","Odd Mushroom","Vajra","Cursed Key","Toolbox","Pear","Omamori","Akabeko","Mark of Pain","Old Coin","Bottled Tornado","Bag of Preparation","Boot","FossilizedHelix"],"acts_visited":["Exordium","TheCity","TheBeyond"],"potions_floor_usage":[],"damage_taken":[{"damage":7.0,"enemies":"Jaw Worm","floor":1.0,"turns":5.0},{"damage":4.0,"enemies":"Small Slimes","floor":2.0,"turns":3.0},{"damage":0.0,"enemies":"Cultist","floor":3.0,"turns":3.0},{"damage":6.0,"enemies":"Gremlin Nob","floor":7.0,"turns":3.0},{"damage":5.0,"enemies":"Lagavulin","floor":10.0,"turns":3.0},{"damage":5.0,"enemies":"2 Fungi Beasts","floor":11.0,"turns":3.0},{"damage":23.0,"enemies":"The Mushroom Lair","floor":12.0,"turns":5.0},{"damage":7.0,"enemies":"Large Slime","floor":13.0,"turns":4.0},{"damage":0.0,"enemies":"Gremlin Nob","floor":14.0,"turns":3.0},{"damage":7.0,"enemies":"Hexaghost","floor":16.0,"turns":9.0},{"damage":0.0,"enemies":"Spheric Guardian","floor":18.0,"turns":3.0},{"damage":1.0,"enemies":"2 Thieves","floor":19.0,"turns":2.0},{"damage":0.0,"enemies":"Snecko","floor":20.0,"turns":3.0},{"damage":0.0,"enemies":"Snake Plant","floor":21.0,"turns":4.0},{"damage":0,"enemies":"Gremlin Leader","floor":24,"turns":6},{"damage":10,"enemies":"Book of Stabbing","floor":27,"turns":2},{"damage":0,"enemies":"Cultist and Chosen","floor":28,"turns":5},{"damage":0,"enemies":"Snecko","floor":30,"turns":6},{"damage":3,"enemies":"Gremlin Leader","floor":31,"turns":6},{"damage":20,"enemies":"Champ","floor":33,"turns":14},{"damage":9,"enemies":"3 Shapes","floor":35,"turns":7},{"damage":16,"enemies":"2 Orb Walkers","floor":39,"turns":4},{"damage":0,"enemies":"Nemesis","floor":41,"turns":3},{"damage":0,"enemies":"Reptomancer","floor":44,"turns":4},{"damage":0,"enemies":"Giant Head","floor":46,"turns":5},{"damage":0,"enemies":"Mind Bloom Boss Battle","floor":47,"turns":5},{"damage":0,"enemies":"3 Darklings","floor":48,"turns":7},{"damage":44,"enemies":"Awakened One","floor":50,"turns":20},{"damage":27,"enemies":"Donu and Deca","floor":51,"turns":8}],"seed_played":"2749799584474568267","potions_obtained":[{"floor":3.0,"key":"CultistPotion"},{"floor":7.0,"key":"BloodPotion"},{"floor":14.0,"key":"Strength Potion"},{"floor":16.0,"key":"SpeedPotion"},{"floor":21.0,"key":"Ancient Potion"},{"floor":25,"key":"GamblersBrew"},{"floor":27,"key":"EntropicBrew"}],"is_trial":false,"path_per_floor":["M","M","M","?","?","R","E","$","T","E","M","?","M","E","R","B",null,"M","M","M","M","$","R","E","?","T","E","M","R","M","E","R","B",null,"M","?","?","?","?","R","E","?","T","E","R","E","?","M","R","B","B"],"character_chosen":"IRONCLAD","items_purchased":["PreservedInsect","Armaments","Toolbox"],"campfire_rested":0,"item_purchase_floors":[8,22,22],"current_hp_per_floor":[61,57,57,62,44,44,38,53,53,48,43,20,13,29,29,22,66,66,65,65,65,80,80,90,90,90,80,80,80,80,77,77,57,82,76,76,66,66,53,53,53,53,53,57,57,61,61,65,65,25,0,0],"gold":764,"neow_bonus":"BOSS_RELIC","is_daily":false,"chose_seed":false,"campfire_upgraded":7,"win_rate":0.0,"timestamp":1608317394,"path_taken":["M","M","M","?","?","R","E","?","T","E","M","?","M","E","R","BOSS","M","M","M","M","$","R","E","?","T","E","?","R","M","E","R","BOSS","M","?","?","?","?","R","E","?","T","E","R","E","?","M","R","BOSS","BOSS"],"items_purchased_type":["Relic","Card","Relic"],"build_version":"2020-12-13","purchased_purges":1,"victory":false,"max_hp_per_floor":[75,75,75,80,80,80,80,80,80,80,80,80,80,80,80,80,80,80,80,80,80,80,80,90,90,90,90,90,90,90,90,90,90,90,93,88,88,88,91,91,91,91,91,95,95,99,99,103,103,107,107,107],"relic_stats":{"counters":[29,155],"Self Forming Clay":[72],"Snecko Eye":[272,249,241,290],"MealTicket":30,"PreservedInsect":433,"Bag of Preparation":[10],"Whetstone":["Pommel Strike","Strike_R"],"Cursed Key":1,"Boot":[2],"obtain_stats":[{"Pear":24,"Self Forming Clay":9,"Vajra":14,"PreservedInsect":8,"Omamori":27,"Bag of Preparation":44,"Whetstone":7,"Odd Mushroom":12,"Bottled Tornado":41,"Cursed Key":17,"Boot":46,"Burning Blood":0,"Akabeko":31,"Old Coin":39,"Snecko Eye":0,"Toolbox":22,"MealTicket":5,"Mark of Pain":34,"FossilizedHelix":47,"Paper Frog":10},{"Pear":15,"Self Forming Clay":4,"Vajra":9,"PreservedInsect":4,"Omamori":16,"Bag of Preparation":24,"Whetstone":4,"Odd Mushroom":7,"Bottled Tornado":23,"Cursed Key":10,"Boot":25,"Burning Blood":0,"Akabeko":19,"Old Coin":22,"Snecko Eye":0,"Toolbox":14,"MealTicket":3,"Mark of Pain":20,"FossilizedHelix":26,"Paper Frog":5},{"Pear":59,"Self Forming Clay":14,"Vajra":32,"PreservedInsect":14,"Omamori":61,"Bag of Preparation":110,"Whetstone":14,"Odd Mushroom":25,"Bottled Tornado":106,"Cursed Key":41,"Boot":115,"Burning Blood":0,"Akabeko":78,"Old Coin":103,"Snecko Eye":0,"Toolbox":53,"MealTicket":11,"Mark of Pain":92,"FossilizedHelix":120,"Paper Frog":17}]},"card_choices":[{"not_picked":["Iron Wave","Hemokinesis"],"picked":"Pommel Strike","floor":1.0},{"not_picked":["Second Wind","Searing Blow"],"picked":"Clothesline","floor":2.0},{"not_picked":["Sword Boomerang","True Grit"],"picked":"Twin Strike","floor":3.0},{"not_picked":["Brutality","Shrug It Off"],"picked":"Power Through","floor":7.0},{"not_picked":["Ghostly Armor","Inflame"],"picked":"Barricade","floor":10.0},{"not_picked":["Sword Boomerang","Clash"],"picked":"Fire Breathing","floor":11.0},{"not_picked":["Twin Strike","Iron Wave","Thunderclap"],"picked":"SKIP","floor":13.0},{"not_picked":["Wild Strike","Sword Boomerang"],"picked":"Immolate","floor":14.0},{"not_picked":["Barricade","Juggernaut"],"picked":"Corruption","floor":16.0},{"not_picked":["Body Slam","Clash+1"],"picked":"Entrench","floor":18.0},{"not_picked":["Warcry","Cleave+1","Rampage"],"picked":"SKIP","floor":19.0},{"not_picked":["Clash","Cleave"],"picked":"Body Slam","floor":20.0},{"not_picked":["Sword Boomerang","Burning Pact+1"],"picked":"Ghostly Armor","floor":21.0},{"not_picked":["Sword Boomerang","Heavy Blade"],"picked":"Sentinel","floor":24},{"not_picked":["Twin Strike","Warcry"],"picked":"True Grit","floor":27},{"not_picked":["Immolate","Iron Wave","Clothesline"],"picked":"SKIP","floor":28},{"not_picked":["Rupture","Sword Boomerang"],"picked":"Shrug It Off","floor":30},{"not_picked":["Intimidate","Blood for Blood"],"picked":"Seeing Red+1","floor":31},{"not_picked":["Double Tap","Demon Form"],"picked":"Feed","floor":33},{"not_picked":["Headbutt","Wild Strike+1"],"picked":"Feel No Pain","floor":35},{"not_picked":["Sadistic Nature","Violence"],"picked":"HandOfGreed","floor":37},{"not_picked":["Havoc","Flex+1"],"picked":"True Grit+1","floor":39},{"not_picked":["Evolve","Clash"],"picked":"Headbutt+1","floor":41},{"not_picked":["Warcry","Disarm"],"picked":"Second Wind","floor":44},{"not_picked":["Clash+1","Havoc"],"picked":"Demon Form","floor":46},{"not_picked":["Headbutt","Wild Strike"],"picked":"Uppercut+1","floor":48}],"player_experience":1562635,"relics_obtained":[{"floor":7.0,"key":"Whetstone"},{"floor":9.0,"key":"Self Forming Clay"},{"floor":10.0,"key":"Paper Frog"},{"floor":12.0,"key":"Odd Mushroom"},{"floor":14.0,"key":"Vajra"},{"floor":24,"key":"Pear"},{"floor":27,"key":"Omamori"},{"floor":31,"key":"Akabeko"},{"floor":39,"key":"Old Coin"},{"floor":41,"key":"Bottled Tornado"},{"floor":44,"key":"Bag of Preparation"},{"floor":46,"key":"Boot"},{"floor":47,"key":"FossilizedHelix"}],"event_choices":[{"damage_healed":0.0,"max_hp_gain":5.0,"max_hp_loss":0.0,"gold_gain":0.0,"event_name":"Big Fish","player_choice":"Donut","floor":4.0,"gold_loss":0.0,"damage_taken":0.0},{"damage_healed":0.0,"max_hp_gain":0.0,"max_hp_loss":0.0,"gold_gain":0.0,"event_name":"Scrap Ooze","player_choice":"Success","floor":5.0,"gold_loss":0.0,"damage_taken":18.0,"relics_obtained":["MealTicket"]},{"damage_healed":0.0,"max_hp_gain":0.0,"max_hp_loss":0.0,"gold_gain":0.0,"event_name":"Mushrooms","player_choice":"Fought Mushrooms","floor":12.0,"gold_loss":0.0,"damage_taken":0.0},{"damage_healed":0,"gold_gain":0,"player_choice":"Got Potions","damage_taken":0,"max_hp_gain":0,"max_hp_loss":0,"event_name":"Lab","floor":25,"gold_loss":0},{"damage_healed":0,"gold_gain":0,"player_choice":"Max HP","damage_taken":0,"max_hp_gain":0,"max_hp_loss":5,"event_name":"Winding Halls","floor":36,"gold_loss":0},{"damage_healed":0,"gold_gain":0,"player_choice":"Memory 3","damage_taken":10,"max_hp_gain":0,"max_hp_loss":0,"event_name":"SensoryStone","floor":37,"gold_loss":0},{"cards_removed":["Strike_R"],"damage_healed":0,"gold_gain":0,"player_choice":"Removed Attack","damage_taken":0,"max_hp_gain":0,"max_hp_loss":0,"event_name":"Falling","floor":38,"gold_loss":0},{"damage_healed":0,"gold_gain":0,"player_choice":"Fight","damage_taken":0,"max_hp_gain":0,"max_hp_loss":0,"event_name":"Mysterious Sphere","floor":39,"gold_loss":0},{"damage_healed":0,"gold_gain":0,"player_choice":"Ignored","damage_taken":0,"max_hp_gain":0,"max_hp_loss":0,"event_name":"Tomb of Lord Red Mask","floor":42,"gold_loss":0},{"damage_healed":0,"gold_gain":0,"player_choice":"Fight","damage_taken":0,"max_hp_gain":0,"max_hp_loss":0,"event_name":"MindBloom","floor":47,"gold_loss":0}],"is_beta":false,"boss_relics":[{"not_picked":["Ectoplasm","SacredBark"],"picked":"Cursed Key"},{"not_picked":["Sozu","Calling Bell"],"picked":"Mark of Pain"}],"items_purged_floors":[22],"is_endless":false,"potions_floor_spawned":[3,7,12,14,16,21,24,27,28,30,31,35,39,46],"killed_by":"Donu and Deca","ascension_level":20}}