{"host":"6hzrz31j95f2y1pa","time":1608254988,"event":{"mods":["BaseMod","Colored Map","Downfall","Minty Spire (QoL Compilation)","StSLib"],"gold_per_floor":[0,12,38,51,51,76,76,107,32,32,47,57,68,96,109,109,109],"floor_reached":16,"playtime":822,"items_purged":[],"score":140,"play_id":"b249367a-07dd-4284-9b1d-9c018265fa70","local_time":"20201217202948","is_ascension_mode":true,"campfire_choices":[{"data":"champ:Execute","floor":1.0,"key":"SMITH"},{"data":"champ:DeathBlow","floor":5.0,"key":"SMITH"},{"data":"champ:Haymaker","floor":9.0,"key":"SMITH"}],"circlet_count":0,"master_deck":["champ:Strike","champ:Strike","champ:Strike","champ:Defend","champ:Defend","champ:Defend","champ:Execute+1","champ:Taunt","champ:ShieldSigil","champ:DeathBlow+1","champ:BladeFlurry","champ:LastStand","champ:Haymaker+1","champ:BringItOn","champ:PerfectedStrike","champ:ArenaPreparation"],"relics":["champ:ChampionCrown","champ:SpectersHand","Anchor","InkBottle","Omamori","downfall:HeartBlessingGreen","Odd Mushroom"],"acts_visited":["Exordium"],"potions_floor_usage":[],"damage_taken":[{"damage":5.0,"enemies":"Small Slimes","floor":2.0,"turns":3.0},{"damage":46.0,"enemies":"Lagavulin","floor":3.0,"turns":8.0},{"damage":5.0,"enemies":"Jaw Worm","floor":4.0,"turns":2.0},{"damage":40.0,"enemies":"3 Sentries","floor":6.0,"turns":4.0},{"damage":48.0,"enemies":"Lagavulin","floor":8.0,"turns":5.0},{"damage":5.0,"enemies":"Cultist","floor":11.0,"turns":3.0},{"damage":0.0,"enemies":"2 Fungi Beasts","floor":12.0,"turns":2.0},{"damage":30.0,"enemies":"Lots of Slimes","floor":13.0,"turns":3.0},{"damage":61.0,"enemies":"The Mushroom Lair","floor":14.0,"turns":4.0},{"damage":14.0,"enemies":"Blue Slaver","floor":15.0,"turns":2.0},{"damage":37,"enemies":"downfall:Ironclad","floor":16,"turns":6}],"seed_played":"3419100909167228805","potions_obtained":[{"floor":3.0,"key":"PowerPotion"},{"floor":4.0,"key":"champ:TechniquePotion"},{"floor":6.0,"key":"Swift Potion"},{"floor":15.0,"key":"DuplicationPotion"}],"is_trial":false,"path_per_floor":["R","M","E","M","R","E","T","E","R","?","M","M","M","?","M","B"],"character_chosen":"THE_CHAMP","items_purchased":[],"campfire_rested":0,"item_purchase_floors":[],"current_hp_per_floor":[90,90,59,59,59,49,49,34,34,64,64,64,64,34,34,0,0],"gold":109,"neow_bonus":"REMOVE_TWO","is_daily":false,"chose_seed":false,"campfire_upgraded":3,"win_rate":0.0,"timestamp":1608254988,"path_taken":["R","M","E","M","R","E","T","E","R","?","M","M","M","?","M","BOSS"],"items_purchased_type":[],"build_version":"2020-12-13","purchased_purges":0,"victory":false,"max_hp_per_floor":[90,90,90,90,90,90,90,90,90,90,90,90,90,90,90,90,90],"card_choices":[{"not_picked":["champ:FightOn","champ:StanceDance"],"picked":"champ:ShieldSigil","floor":2.0},{"not_picked":["champ:BerserkersShout","champ:PerfectedStrike"],"picked":"champ:DeathBlow","floor":3.0},{"not_picked":["champ:FalseCounter","champ:Aggression"],"picked":"champ:BladeFlurry","floor":4.0},{"not_picked":["champ:PerfectedStrike","champ:Encircle"],"picked":"champ:LastStand","floor":6.0},{"not_picked":["champ:BladeFlurry","champ:Encircle"],"picked":"champ:Haymaker","floor":8.0},{"not_picked":["champ:Encircle","champ:ShieldSigil","champ:Backstep"],"picked":"SKIP","floor":11.0},{"not_picked":["champ:Haymaker","champ:StrikeOfGenius"],"picked":"champ:BringItOn","floor":12.0},{"not_picked":["champ:CrookedStrike","champ:ShieldSigil"],"picked":"champ:PerfectedStrike","floor":13.0},{"not_picked":["champ:SwordSigil","champ:RapidStrikes"],"picked":"champ:ArenaPreparation","floor":14.0},{"not_picked":["champ:Riposte","champ:BerserkersShout","champ:Haymaker"],"picked":"SKIP","floor":15.0}],"player_experience":1200821,"relics_obtained":[{"floor":3.0,"key":"champ:SpectersHand"},{"floor":6.0,"key":"Anchor"},{"floor":7.0,"key":"InkBottle"},{"floor":8.0,"key":"Omamori"},{"floor":14.0,"key":"Odd Mushroom"}],"event_choices":[{"damage_healed":30.0,"max_hp_gain":0.0,"max_hp_loss":0.0,"gold_gain":0.0,"event_name":"Big Fish","player_choice":"Banana","floor":10.0,"gold_loss":0.0,"damage_taken":0.0},{"damage_healed":0.0,"max_hp_gain":0.0,"max_hp_loss":0.0,"gold_gain":0.0,"event_name":"Mushrooms","player_choice":"Fought Mushrooms","floor":14.0,"gold_loss":0.0,"damage_taken":0.0}],"is_beta":false,"boss_relics":[],"items_purged_floors":[],"is_endless":false,"potions_floor_spawned":[3,4,6,11,15],"killed_by":"downfall:Ironclad","ascension_level":3}}