{"host":"a61r67bv2jut9r88","time":1608260793,"event":{"mods":["BaseMod","Minty Spire (QoL Compilation)","Replay The Spire","Shop Mod","StSLib","SuperFastMode","The Runesmith"],"gold_per_floor":[114,128,143,71,89,89,105,280,303,318,318,268,268,268,268,268,268],"floor_reached":16,"playtime":601,"items_purged":[],"score":92,"play_id":"cd4b79b0-d335-4bfc-b2b0-fb46bf310d1a","local_time":"20201218110633","is_ascension_mode":false,"campfire_choices":[{"data":"Finisher","floor":6,"key":"SMITH"},{"data":"Endless Agony","floor":13,"key":"SMITH"},{"data":"Backstab","floor":15,"key":"SMITH"}],"circlet_count":0,"master_deck":["Strike_G","Strike_G","Strike_G","Strike_G","Strike_G","Defend_G","Defend_G","Defend_G","Defend_G","Defend_G","Survivor","Neutralize","Endless Agony+1","Finisher+1","Prepared","Backstab+1","Endless Agony+1","Sickly"],"relics":["Ring of Chaos","Pet Ghost","ReplayTheSpireMod:Ring of Exchange"],"acts_visited":["Exordium"],"potions_floor_usage":[16],"damage_taken":[{"damage":4,"enemies":"Cultist","floor":1,"turns":5},{"damage":1,"enemies":"Jaw Worm","floor":2,"turns":5},{"damage":0,"enemies":"Small Slimes","floor":3,"turns":4},{"damage":0,"enemies":"3 Louse","floor":5,"turns":3},{"damage":0,"enemies":"2 Fungi Beasts","floor":7,"turns":3},{"damage":0,"enemies":"Blue Slaver","floor":10,"turns":1},{"damage":66,"enemies":"The Guardian","floor":16,"turns":14}],"seed_played":"-4444001461280886060","potions_obtained":[{"floor":1,"key":"SpeedPotion"},{"floor":3,"key":"BlessingOfTheForge"},{"floor":10,"key":"SneckoOil"}],"is_trial":false,"path_per_floor":["M","M","M","$","M","R","M","?","T","M","?","?","R","?","R","B"],"character_chosen":"THE_SILENT","items_purchased":["Backstab"],"campfire_rested":0,"item_purchase_floors":[4],"current_hp_per_floor":[66,65,65,65,65,65,65,65,65,65,65,65,65,65,65,0,0],"gold":268,"neow_bonus":"BOSS_RELIC","is_daily":false,"chose_seed":false,"campfire_upgraded":3,"win_rate":0.0,"timestamp":1608260793,"path_taken":["M","M","M","$","M","R","?","?","T","M","?","?","R","?","R","BOSS"],"items_purchased_type":["Card"],"build_version":"2020-12-13","purchased_purges":0,"victory":false,"max_hp_per_floor":[70,70,70,70,70,70,70,70,70,70,70,70,70,70,70,70,70],"card_choices":[{"not_picked":["Hidden Blade","Crippling Poison"],"picked":"Endless Agony","floor":1},{"not_picked":["Acrobatics","Footwork"],"picked":"Finisher","floor":2},{"not_picked":["ReplayTheSpireMod:Speed Training","All Out Attack"],"picked":"Prepared","floor":3},{"not_picked":["Deadly Poison","Flying Knee","Flechettes"],"picked":"SKIP","floor":5},{"not_picked":["Finisher","Prepared"],"picked":"Endless Agony","floor":7},{"not_picked":["Backflip","Deadly Poison","Masterful Stab"],"picked":"SKIP","floor":10}],"player_experience":349284,"relics_obtained":[{"floor":9,"key":"Pet Ghost"},{"floor":14,"key":"ReplayTheSpireMod:Ring of Exchange"}],"event_choices":[{"damage_healed":0,"gold_gain":175,"player_choice":"AGREE","damage_taken":0,"max_hp_gain":0,"max_hp_loss":0,"event_name":"Liars Game","floor":8,"gold_loss":0,"cards_obtained":["Doubt"]},{"cards_removed":["Doubt"],"damage_healed":0,"gold_gain":0,"player_choice":"Card Removal","damage_taken":0,"max_hp_gain":0,"max_hp_loss":0,"event_name":"The Cleric","floor":12,"gold_loss":50}],"is_beta":false,"boss_relics":[],"items_purged_floors":[],"is_endless":false,"potions_floor_spawned":[1,3,10],"killed_by":"The Guardian","ascension_level":0}}