{"host":"2461dio7vetlq1z3","time":1608263283,"event":{"mods":["2.2 Compatiblity","AchievementEnabler","BaseMod","Better Third Choice","Hermit","Minty Spire (QoL Compilation)","Relic Stats","Spicy Shops","StSLib","The Animator","Waifu the Spire"],"gold_per_floor":[113,113,132,149,74,74,100,100,100,129,129,159,159,178,178,249,249,263,263,263,313,41,41,41,41],"floor_reached":24,"playtime":710,"items_purged":["Strike_B","Zap"],"score":389,"play_id":"3ff94cb0-8d7d-45c7-b80c-ffcb91eb463f","local_time":"20201218044803","is_ascension_mode":true,"campfire_choices":[{"data":"Doom and Gloom","floor":6,"key":"SMITH"},{"data":"Genetic Algorithm","floor":8,"key":"SMITH"},{"floor":11,"key":"REST"},{"data":"Defragment","floor":15,"key":"SMITH"},{"floor":23,"key":"REST"}],"circlet_count":0,"master_deck":["AscendersBane","Defend_B","Defend_B","Defend_B","Dualcast","Darkness","Rip and Tear","Redo","Doom and Gloom+1","Genetic Algorithm+1","Glacier","Compile Driver","Defragment+1","Echo Form","Fission","Rebound"],"relics":["Cracked Core","Bottled Lightning","Boot","Sundial","Lantern","Inserter","Runic Capacitor"],"acts_visited":["Exordium","TheCity"],"potions_floor_usage":[10,12],"damage_taken":[{"damage":7,"enemies":"Jaw Worm","floor":1,"turns":3},{"damage":1,"enemies":"Cultist","floor":3,"turns":3},{"damage":0,"enemies":"2 Louse","floor":4,"turns":2},{"damage":30,"enemies":"Lagavulin","floor":7,"turns":6},{"damage":19,"enemies":"3 Sentries","floor":10,"turns":4},{"damage":29,"enemies":"Gremlin Nob","floor":12,"turns":4},{"damage":0,"enemies":"2 Fungi Beasts","floor":14,"turns":2},{"damage":5,"enemies":"Hexaghost","floor":16,"turns":9},{"damage":13,"enemies":"3 Byrds","floor":18,"turns":4},{"damage":46,"enemies":"Gremlin Leader","floor":24,"turns":5}],"seed_played":"-4283601632658710429","potions_obtained":[{"floor":3,"key":"PotionOfCapacity"},{"floor":4,"key":"LiquidBronze"},{"floor":7,"key":"SteroidPotion"}],"is_trial":false,"path_per_floor":["M","?","M","M","$","R","E","R","T","E","R","E","?","M","R","B",null,"M","?","?","?","$","R","E"],"character_chosen":"DEFECT","items_purchased":["Runic Capacitor"],"campfire_rested":2,"item_purchase_floors":[22],"current_hp_per_floor":[39,71,70,70,70,70,40,40,40,21,42,13,13,13,13,8,55,42,42,22,22,22,44,0,0],"gold":41,"neow_bonus":"TRANSFORM_TWO_CARDS","is_daily":false,"chose_seed":false,"campfire_upgraded":3,"win_rate":0.0,"timestamp":1608263283,"path_taken":["M","?","M","M","?","R","E","R","T","E","R","E","?","M","R","BOSS","M","?","?","?","?","R","E"],"items_purchased_type":["Relic"],"build_version":"2020-12-13","purchased_purges":2,"victory":false,"max_hp_per_floor":[71,71,71,71,71,71,71,71,71,71,71,71,71,71,71,71,71,71,71,76,76,76,76,76,76],"relic_stats":{"Inserter":[4],"counters":[10,42],"Sundial":[4],"Boot":[13],"obtain_stats":[{"Lantern":12,"Inserter":17,"Sundial":10,"Runic Capacitor":22,"Bottled Lightning":7,"Cracked Core":0,"Boot":9},{"Lantern":6,"Inserter":8,"Sundial":5,"Runic Capacitor":9,"Bottled Lightning":4,"Cracked Core":0,"Boot":4},{"Lantern":22,"Inserter":33,"Sundial":18,"Runic Capacitor":37,"Bottled Lightning":14,"Cracked Core":0,"Boot":14}]},"card_choices":[{"not_picked":["Hologram","Turbo"],"picked":"Rip and Tear","floor":1},{"not_picked":["Cold Snap","Go for the Eyes"],"picked":"Redo","floor":3},{"not_picked":["Chaos","Gash"],"picked":"Doom and Gloom","floor":4},{"not_picked":["Turbo","Streamline"],"picked":"Genetic Algorithm","floor":7},{"not_picked":["All For One","Heatsinks"],"picked":"Glacier","floor":10},{"not_picked":["Force Field","Electrodynamics"],"picked":"Compile Driver","floor":12},{"not_picked":["Sunder","Turbo"],"picked":"Defragment","floor":14},{"not_picked":["Fission","Biased Cognition"],"picked":"Echo Form","floor":16},{"not_picked":["Conserve Battery","Streamline","Stack"],"picked":"SKIP","floor":18}],"player_experience":788301,"relics_obtained":[{"floor":7,"key":"Bottled Lightning"},{"floor":9,"key":"Boot"},{"floor":10,"key":"Sundial"},{"floor":12,"key":"Lantern"}],"event_choices":[{"cards_removed":["Loop"],"damage_healed":32,"gold_gain":0,"player_choice":"Offered Uncommon","damage_taken":0,"max_hp_gain":0,"max_hp_loss":0,"event_name":"Bonfire Elementals","floor":2,"gold_loss":0},{"damage_healed":0,"gold_gain":0,"player_choice":"LEAVE","damage_taken":0,"max_hp_gain":0,"max_hp_loss":0,"event_name":"betterThird:BetterScrap","floor":13,"gold_loss":0,"cards_obtained":["Brilliance"]},{"damage_healed":0,"gold_gain":0,"cards_transformed":["Strike_B","Strike_B"],"player_choice":"Became Test Subject","damage_taken":0,"max_hp_gain":0,"max_hp_loss":0,"event_name":"Drug Dealer","floor":19,"gold_loss":0,"cards_obtained":["Fission","Rebound"]},{"damage_healed":0,"gold_gain":0,"player_choice":"Shed Blood","damage_taken":25,"max_hp_gain":5,"max_hp_loss":0,"event_name":"Forgotten Altar","floor":20,"gold_loss":0},{"damage_healed":0,"gold_gain":50,"player_choice":"Steal","damage_taken":0,"max_hp_gain":0,"max_hp_loss":0,"event_name":"betterThird:BetterNest","floor":21,"gold_loss":0}],"is_beta":false,"boss_relics":[{"not_picked":["FrozenCore","Runic Dome"],"picked":"Inserter"}],"items_purged_floors":[5,22],"is_endless":false,"potions_floor_spawned":[3,4,7],"killed_by":"Gremlin Leader","ascension_level":17}}