{"host":"llpusn9usp8rznkj","time":1608266060,"event":{"mods":["2.2 Compatiblity","BaseMod","Colored Map","Colored Powertips","Conspire","Downfall","Hubris","Minty Spire (QoL Compilation)","Rare Cards Sparkle","Replay The Spire","StSLib","The Cursed"],"gold_per_floor":[115,115,140,58,58,58,77,77,102,102,140,169,169,193,193,298,298,330,330,355,405,364,402,412,412,412],"floor_reached":25,"playtime":818,"items_purged":[],"score":442,"play_id":"34a0cfea-e55e-47b5-ab78-52a5e328380d","local_time":"20201217233420","is_ascension_mode":true,"campfire_choices":[{"data":"Zap","floor":6.0,"key":"SMITH"},{"data":"Dualcast","floor":8.0,"key":"SMITH"},{"data":"Darkness","floor":10.0,"key":"SMITH"},{"data":"Defragment","floor":15,"key":"SMITH"}],"circlet_count":0,"master_deck":["AscendersBane","Strike_B","Strike_B","Strike_B","Defend_B","Defend_B","Defend_B","Defend_B","Zap+1","Dualcast+1","Darkness+1","Coolheaded","Ball Lightning","Chaos","Hologram","Defragment+1","Mirror Shield","Cold Snap","Coolheaded","conspire:SpireCoStock"],"relics":["Cracked Core","NeowsBlessing","Bloody Idol","DataDisk","CeramicFish","conspire:SpecialSausage","Blood Vial"],"acts_visited":["Exordium","TheCity"],"potions_floor_usage":[16,18],"damage_taken":[{"damage":0.0,"enemies":"Small Slimes","floor":1.0,"turns":1.0},{"damage":0.0,"enemies":"2 Louse","floor":3.0,"turns":1.0},{"damage":0.0,"enemies":"Jaw Worm","floor":7.0,"turns":1.0},{"damage":11.0,"enemies":"Lagavulin","floor":11.0,"turns":5.0},{"damage":3.0,"enemies":"Exordium Wildlife","floor":12.0,"turns":3.0},{"damage":3,"enemies":"Blue Slaver","floor":14,"turns":3},{"damage":30,"enemies":"Slime Boss","floor":16,"turns":5},{"damage":10,"enemies":"2 Thieves","floor":18,"turns":4},{"damage":14,"enemies":"3 Byrds","floor":20,"turns":3},{"damage":53,"enemies":"Slavers","floor":23,"turns":9},{"damage":8,"enemies":"Snecko","floor":24,"turns":6},{"damage":16,"enemies":"Book of Stabbing","floor":25,"turns":4}],"seed_played":"3528431727704297941","potions_obtained":[{"floor":1.0,"key":"FairyPotion"},{"floor":3.0,"key":"Strength Potion"},{"floor":16,"key":"SteroidPotion"},{"floor":24,"key":"FearPotion"}],"is_trial":false,"path_per_floor":["M","?","M","$","?","R","M","R","T","R","E","M","?","M","R","B",null,"M","?","M","?","?","E","M","E"],"character_chosen":"DEFECT","items_purchased":["Coolheaded","Ball Lightning"],"campfire_rested":0,"item_purchase_floors":[4,4],"current_hp_per_floor":[64,40,40,40,40,40,40,40,40,40,29,26,19,16,16,21,59,49,49,45,50,55,12,11,0,0],"gold":412,"neow_bonus":"THREE_ENEMY_KILL","is_daily":false,"chose_seed":false,"campfire_upgraded":4,"win_rate":0.0,"timestamp":1608266060,"path_taken":["M","?","M","$","?","R","M","R","T","R","E","?","?","M","R","BOSS","M","?","M","?","?","E","M","E"],"items_purchased_type":["Card","Card"],"build_version":"2020-12-13","purchased_purges":0,"victory":false,"max_hp_per_floor":[71,71,71,71,71,71,71,71,71,71,71,71,71,71,71,71,71,71,71,71,71,71,71,71,71,71],"card_choices":[{"not_picked":["Blizzard","Consume"],"picked":"Darkness","floor":1.0},{"not_picked":["Barrage","Go for the Eyes","Blizzard"],"picked":"SKIP","floor":3.0},{"not_picked":["Aggregate","Scrape"],"picked":"Chaos","floor":7.0},{"not_picked":["Leap","ReplayGash","BasicCrystalCard"],"picked":"SKIP","floor":11.0},{"not_picked":["Aggregate","Panic Button"],"picked":"Hologram","floor":12.0},{"not_picked":["Conserve Battery","Hologram"],"picked":"Defragment","floor":14},{"not_picked":["Thunder Strike","Hyperbeam"],"picked":"Mirror Shield","floor":16},{"not_picked":["Streamline","Steam"],"picked":"Cold Snap","floor":18},{"not_picked":["Blizzard","Sweeping Beam"],"picked":"Coolheaded","floor":20},{"not_picked":["hubris:Ukulele","Thunder Strike","Scrape"],"picked":"SKIP","floor":23},{"not_picked":["Redo","Turbo","Cold Snap"],"picked":"SKIP","floor":24}],"player_experience":1074676,"relics_obtained":[{"floor":9.0,"key":"DataDisk"},{"floor":11.0,"key":"CeramicFish"},{"floor":23,"key":"Blood Vial"}],"event_choices":[{"damage_healed":0.0,"max_hp_gain":0.0,"max_hp_loss":0.0,"gold_gain":0.0,"event_name":"Golden Idol","player_choice":"Take Damage","floor":2.0,"gold_loss":0.0,"damage_taken":24.0,"relics_obtained":["Golden Idol"]},{"damage_healed":0.0,"max_hp_gain":0.0,"max_hp_loss":0.0,"gold_gain":0.0,"event_name":"Scrap Ooze","player_choice":"Fled","floor":5.0,"gold_loss":0.0,"damage_taken":0.0},{"cards_removed":["Strike_B"],"damage_healed":0.0,"max_hp_gain":0.0,"max_hp_loss":0.0,"gold_gain":0.0,"event_name":"Golden Wing","player_choice":"Card Removal","floor":13.0,"gold_loss":0.0,"damage_taken":7.0},{"damage_healed":0,"gold_gain":0,"player_choice":"Gave Idol","damage_taken":0,"relics_obtained":["Bloody Idol"],"max_hp_gain":0,"max_hp_loss":0,"event_name":"Forgotten Altar","floor":19,"relics_lost":["Golden Idol"],"gold_loss":0},{"damage_healed":0,"gold_gain":50,"player_choice":"Stole From Cult","damage_taken":0,"max_hp_gain":0,"max_hp_loss":0,"event_name":"Nest","floor":21,"gold_loss":0},{"damage_healed":0,"gold_gain":0,"player_choice":"Invest 1","damage_taken":0,"max_hp_gain":0,"max_hp_loss":0,"event_name":"conspire:Investor","floor":22,"gold_loss":0}],"is_beta":false,"boss_relics":[{"not_picked":["hubris:GrandSneckoEye","hubris:Backtick"],"picked":"conspire:SpecialSausage"}],"items_purged_floors":[],"is_endless":false,"potions_floor_spawned":[1,3,16,24],"killed_by":"Book of Stabbing","ascension_level":20}}