{"host":"i1h39d0gfh5c6uxl","time":1608312841,"event":{"mods":["AchievementEnabler","BaseMod","Colored Map","Colored Powertips","Highlight Path","Minty Spire (QoL Compilation)"],"gold_per_floor":[367,380,71,82,101,127,147,147,147,167,137,154,154,188,188,262,262,262,52,46,64,64,89,102,137,160,160,60,70,70,86,86,86,86],"floor_reached":33,"playtime":1556,"items_purged":["Strike_R","Strike_R","Injury"],"score":602,"play_id":"1170dd51-f88b-4c18-9d82-11e73f14329d","local_time":"20201219013401","is_ascension_mode":true,"campfire_choices":[{"floor":8.0,"key":"REST"},{"data":"Armaments","floor":13.0,"key":"SMITH"},{"data":"Battle Trance","floor":15.0,"key":"SMITH"},{"data":"Reprogram","floor":27,"key":"SMITH"},{"data":"True Grit","floor":30,"key":"SMITH"},{"floor":32,"key":"REST"}],"circlet_count":0,"master_deck":["AscendersBane","Strike_R","Strike_R","Strike_R","Defend_R","Defend_R","Defend_R","Defend_R","Bash","Rampage","Armaments+1","Twin Strike","Headbutt","Battle Trance+1","Cleave","True Grit+1","Shockwave","Demon Form","Reaper","Pommel Strike","FollowUp","Reprogram+1","Dark Embrace","Dagger Spray"],"relics":["Burning Blood","Membership Card","Blood Vial","Question Card","Meat on the Bone","PreservedInsect","Cursed Key","Vajra","PrismaticShard","Prayer Wheel","Dead Branch","Bag of Marbles"],"acts_visited":["Exordium","TheCity"],"potions_floor_usage":[25,29],"damage_taken":[{"damage":10.0,"enemies":"Small Slimes","floor":1.0,"turns":4.0},{"damage":1.0,"enemies":"Cultist","floor":2.0,"turns":3.0},{"damage":4.0,"enemies":"Jaw Worm","floor":4.0,"turns":4.0},{"damage":27.0,"enemies":"Exordium Thugs","floor":5.0,"turns":4.0},{"damage":30.0,"enemies":"Gremlin Nob","floor":6.0,"turns":4.0},{"damage":12.0,"enemies":"Looter","floor":7.0,"turns":3.0},{"damage":5.0,"enemies":"Gremlin Gang","floor":10.0,"turns":4.0},{"damage":6.0,"enemies":"2 Fungi Beasts","floor":12.0,"turns":4.0},{"damage":18.0,"enemies":"Lagavulin","floor":14.0,"turns":5.0},{"damage":43.0,"enemies":"Slime Boss","floor":16.0,"turns":10.0},{"damage":0.0,"enemies":"Spheric Guardian","floor":18.0,"turns":3.0},{"damage":16.0,"enemies":"2 Thieves","floor":20.0,"turns":4.0},{"damage":27.0,"enemies":"Chosen and Byrds","floor":21.0,"turns":7.0},{"damage":39.0,"enemies":"Gremlin Leader","floor":23.0,"turns":4.0},{"damage":38.0,"enemies":"Shelled Parasite and Fungi","floor":24.0,"turns":4.0},{"damage":23,"enemies":"Slavers","floor":25,"turns":5},{"damage":23,"enemies":"Sentry and Sphere","floor":29,"turns":6},{"damage":27,"enemies":"Snake Plant","floor":31,"turns":4},{"damage":95,"enemies":"Automaton","floor":33,"turns":8}],"seed_played":"-4429024593899230922","potions_obtained":[{"floor":2.0,"key":"Swift Potion"},{"floor":5.0,"key":"ColorlessPotion"},{"floor":6.0,"key":"ElixirPotion"},{"floor":11.0,"key":"SmokeBomb"},{"floor":11.0,"key":"HeartOfIron"},{"floor":16.0,"key":"BloodPotion"},{"floor":20.0,"key":"FearPotion"},{"floor":23.0,"key":"Weak Potion"},{"floor":24.0,"key":"PowerPotion"},{"floor":25,"key":"Block Potion"}],"is_trial":false,"path_per_floor":["M","M","$","M","M","E","M","R","T","M","?","M","R","E","R","B",null,"M","$","M","M","?","E","M","E","T","R","$","M","R","M","R","B"],"character_chosen":"IRONCLAD","items_purchased":["Membership Card","Blood Vial","Twin Strike","Vajra","PrismaticShard","Dark Embrace"],"campfire_rested":2,"item_purchase_floors":[3,3,3,19,19,28],"current_hp_per_floor":[46,51,51,55,36,14,10,32,32,47,47,49,49,51,51,28,63,71,71,63,44,44,53,50,47,47,47,47,44,44,47,69,0,0],"gold":86,"neow_bonus":"TWO_FIFTY_GOLD","is_daily":false,"chose_seed":false,"campfire_upgraded":4,"win_rate":0.0,"timestamp":1608312841,"path_taken":["M","M","$","M","M","E","M","R","T","M","?","?","R","E","R","BOSS","M","$","M","M","?","E","?","E","T","R","$","M","R","M","R","BOSS"],"items_purchased_type":["Relic","Relic","Card","Relic","Relic","Card"],"build_version":"2020-12-13","purchased_purges":3,"victory":false,"max_hp_per_floor":[75,75,75,75,75,75,75,75,75,75,75,75,75,75,75,75,75,75,75,75,75,75,75,75,75,75,75,75,75,75,75,75,75,75],"card_choices":[{"not_picked":["Anger","True Grit"],"picked":"Rampage","floor":1.0},{"not_picked":["Shrug It Off","Second Wind"],"picked":"Armaments","floor":2.0},{"not_picked":["Anger","Thunderclap"],"picked":"Headbutt","floor":4.0},{"not_picked":["Dark Embrace","Hemokinesis","Armaments"],"picked":"SKIP","floor":5.0},{"not_picked":["Clash","Reckless Charge","Perfected Strike"],"picked":"SKIP","floor":6.0},{"not_picked":["Metallicize","Impervious","Inflame"],"picked":"Battle Trance","floor":7.0},{"not_picked":["Dual Wield","Entrench","Flex"],"picked":"Cleave","floor":10.0},{"not_picked":["Flex","Inflame","Twin Strike"],"picked":"True Grit","floor":12.0},{"not_picked":["Reckless Charge","Armaments","Perfected Strike"],"picked":"Shockwave","floor":14.0},{"not_picked":["Immolate","Corruption","Bludgeon"],"picked":"Demon Form","floor":16.0},{"not_picked":["Leap","Stack","Redo","Seeing Red"],"picked":"SKIP","floor":20.0},{"not_picked":["Outmaneuver","JustLucky","ClearTheMind+1","FlurryOfBlows+1"],"picked":"SKIP","floor":21.0},{"not_picked":["Thunderclap","Inflame","Reflex"],"picked":"FollowUp","floor":23.0},{"not_picked":["Crescendo","Headbutt","Metallicize"],"picked":"Reprogram","floor":24.0},{"not_picked":["Blade Dance","CutThroughFate","Armaments","Prostrate"],"picked":"SKIP","floor":24.0},{"not_picked":["Reinforced Body","Sunder","Transmutation","Noxious Fumes"],"picked":"SKIP","floor":25},{"not_picked":["Infinite Blades","Auto Shields","Slice"],"picked":"Dagger Spray","floor":29},{"not_picked":["Gash","EmptyFist","Bloodletting+1","Escape Plan"],"picked":"SKIP","floor":29},{"not_picked":["SashWhip","Pray","Self Repair+1","Underhanded Strike"],"picked":"SKIP","floor":31},{"not_picked":["Sweeping Beam","Slice","EmptyFist","ThirdEye"],"picked":"SKIP","floor":31}],"player_experience":1281202,"relics_obtained":[{"floor":6.0,"key":"Question Card"},{"floor":9.0,"key":"Meat on the Bone"},{"floor":14.0,"key":"PreservedInsect"},{"floor":23.0,"key":"Prayer Wheel"},{"floor":25,"key":"Dead Branch"},{"floor":26,"key":"Bag of Marbles"}],"event_choices":[{"damage_healed":0.0,"max_hp_gain":0.0,"max_hp_loss":0.0,"gold_gain":0.0,"event_name":"The Woman in Blue","player_choice":"Bought 2 Potions","floor":11.0,"gold_loss":0.0,"damage_taken":0.0},{"damage_healed":0.0,"max_hp_gain":0.0,"max_hp_loss":0.0,"gold_gain":0.0,"event_name":"Match and Keep!","player_choice":"2 cards matched","floor":22.0,"gold_loss":0.0,"damage_taken":0.0,"cards_obtained":["Reaper","Pommel Strike"]}],"is_beta":false,"boss_relics":[{"not_picked":["Fusion Hammer","Runic Pyramid"],"picked":"Cursed Key"}],"items_purged_floors":[3,19,28],"is_endless":false,"potions_floor_spawned":[2,5,6,16,20,23,24,25],"killed_by":"Automaton","ascension_level":20}}