{"host":"icrrc9b69c1a6188","time":1608335819,"event":{"mods":["Act Like it!","BaseMod","Bestiary","Better Altar","Better Match","Better Note","Better Sensory Stone","Better Skull","Better Third Choice","Block Reminder","Colored Map","Colored Powertips","Curses Come First","Displayed Cursed Tome","Faster Ascension Climbing","HexUI Lib","Jorbs\u0027s Wanderer Trilogy","Minty Spire (QoL Compilation)","Quick Restart","RNG Fix","Random Character Mod","Rare Cards Sparkle","Spicy Shops","StSLib","Unceasing Turn Reminder"],"gold_per_floor":[115,128,144,162,191,6,35,35,59,71,71,36,36,76,76,151,151,165,180,455,37,37,37,55,81,161,161,161,180,214,224,224,299,299,312,312,312,337,58,90,15,51,51,92,92,108,108,127,127,132,132],"floor_reached":50,"playtime":4915,"items_purged":["Regret","stsjorbsmod:TinyHut+1","stsjorbsmod:EyeOfTheStorm","stsjorbsmod:Strike_Wanderer"],"score":1415,"play_id":"7172c52f-df8b-4db2-a968-bf40c504db5f","local_time":"20201218175659","is_ascension_mode":true,"campfire_choices":[{"data":"stsjorbsmod:Channel","floor":8,"key":"SMITH"},{"data":"stsjorbsmod:TinyHut","floor":11,"key":"SMITH"},{"data":"stsjorbsmod:ParryingBlow","floor":13,"key":"SMITH"},{"data":"stsjorbsmod:Patron","floor":15,"key":"SMITH"},{"data":"stsjorbsmod:Fireball","floor":23,"key":"SMITH"},{"data":"stsjorbsmod:BookOfTongues","floor":32,"key":"SMITH"},{"floor":45,"key":"RECALL"},{"data":"stsjorbsmod:Channel","floor":47,"key":"SMITH"},{"data":"stsjorbsmod:Trauma","floor":49,"key":"SMITH"}],"circlet_count":0,"master_deck":["AscendersBane","stsjorbsmod:ForbiddenGrimoire+1","stsjorbsmod:Strike_Wanderer+1","stsjorbsmod:Strike_Wanderer","stsjorbsmod:Strike_Wanderer","stsjorbsmod:Defend_Wanderer","stsjorbsmod:Defend_Wanderer","stsjorbsmod:Defend_Wanderer+1","stsjorbsmod:Defend_Wanderer","stsjorbsmod:FreshAdventure+1","stsjorbsmod:RefuseToForget","stsjorbsmod:Patron","stsjorbsmod:WanderingMind+1","stsjorbsmod:Counterspell+1","stsjorbsmod:Inferno","stsjorbsmod:ParryingBlow+1","stsjorbsmod:Channel+1","stsjorbsmod:Message","stsjorbsmod:Trauma","stsjorbsmod:Fireball+1","stsjorbsmod:ScorchingRay","stsjorbsmod:Hibernate","Reprogram+1","stsjorbsmod:Channel+1","stsjorbsmod:CorrodingBarrier","stsjorbsmod:FracturedMind+1","stsjorbsmod:BookOfTongues+1","stsjorbsmod:Banish","Dark Shackles","stsjorbsmod:Trauma+1","stsjorbsmod:FranticSearch","stsjorbsmod:FlameWard+1","stsjorbsmod:OldPocket"],"relics":["stsjorbsmod:GrimoireRelic","Regal Pillow","Snecko Eye","Membership Card","Meat on the Bone","Akabeko","Bag of Preparation","White Beast Statue","Oddly Smooth Stone","Busted Crown","Happy Flower","DollysMirror","War Paint","stsjorbsmod:BottledMemoryRelic","CeramicFish","Bottled Flame","Blue Candle"],"acts_visited":["Exordium","TheCity","TheBeyond"],"potions_floor_usage":[16,40,48,50],"damage_taken":[{"damage":0,"enemies":"Cultist","floor":1,"turns":3},{"damage":0,"enemies":"Small Slimes","floor":2,"turns":4},{"damage":0,"enemies":"2 Louse","floor":3,"turns":5},{"damage":13,"enemies":"Red Slaver","floor":4,"turns":4},{"damage":1,"enemies":"Blue Slaver","floor":5,"turns":7},{"damage":43,"enemies":"3 Sentries","floor":7,"turns":8},{"damage":4,"enemies":"Exordium Thugs","floor":10,"turns":5},{"damage":0,"enemies":"Lots of Slimes","floor":14,"turns":5},{"damage":17,"enemies":"Hexaghost","floor":16,"turns":6},{"damage":0,"enemies":"2 Thieves","floor":18,"turns":2},{"damage":3,"enemies":"3 Byrds","floor":19,"turns":2},{"damage":10,"enemies":"Shelled Parasite and Fungi","floor":24,"turns":3},{"damage":3,"enemies":"Gremlin Leader","floor":25,"turns":3},{"damage":3,"enemies":"Cultist and Chosen","floor":29,"turns":2},{"damage":7,"enemies":"Book of Stabbing","floor":30,"turns":2},{"damage":0,"enemies":"Chosen and Byrds","floor":31,"turns":3},{"damage":3,"enemies":"Collector","floor":33,"turns":5},{"damage":9,"enemies":"3 Shapes","floor":35,"turns":2},{"damage":8,"enemies":"Giant Head","floor":40,"turns":8},{"damage":0,"enemies":"Nemesis","floor":42,"turns":5},{"damage":0,"enemies":"Reptomancer","floor":44,"turns":5},{"damage":0,"enemies":"Orb Walker","floor":46,"turns":1},{"damage":0,"enemies":"Transient","floor":48,"turns":6},{"damage":45,"enemies":"Donu and Deca","floor":50,"turns":7}],"seed_played":"-4346551938077833631","potions_obtained":[{"floor":5,"key":"SteroidPotion"},{"floor":7,"key":"Swift Potion"},{"floor":14,"key":"PowerPotion"},{"floor":16,"key":"Fire Potion"},{"floor":19,"key":"Ancient Potion"},{"floor":40,"key":"EssenceOfSteel"},{"floor":44,"key":"stsjorbsmod:BurningPotion"},{"floor":48,"key":"BlessingOfTheForge"}],"is_trial":false,"path_per_floor":["M","M","M","M","M","$","E","R","T","M","R","?","R","M","R","B",null,"M","M","?","$","?","R","M","E","T","?","?","M","E","M","R","B",null,"M","?","?","T","$","E","$","E","T","E","R","M","R","M","R","B"],"character_chosen":"WANDERER","items_purchased":["stsjorbsmod:Counterspell","stsjorbsmod:Inferno","stsjorbsmod:ParryingBlow","Membership Card","Meat on the Bone","Akabeko","stsjorbsmod:Hibernate","DollysMirror","War Paint"],"campfire_rested":0,"item_purchase_floors":[6,6,6,21,21,21,21,39,39],"current_hp_per_floor":[59,62,66,56,62,62,19,19,19,19,19,36,36,40,40,23,57,57,54,54,54,54,54,44,41,41,41,41,38,43,43,43,40,61,52,52,48,48,48,40,40,40,40,40,40,40,40,40,40,0,0],"gold":132,"neow_bonus":"UPGRADE_CARD","is_daily":false,"chose_seed":false,"campfire_upgraded":8,"win_rate":0.0,"timestamp":1608335819,"path_taken":["M","M","M","?","M","$","E","R","T","M","R","?","R","M","R","BOSS","M","M","?","$","?","R","M","E","T","?","?","M","E","M","R","BOSS","M","?","?","?","$","E","$","E","T","E","R","M","R","M","R","BOSS"],"items_purchased_type":["Card","Card","Card","Relic","Relic","Relic","Card","Relic","Relic"],"build_version":"2020-12-13","purchased_purges":4,"victory":false,"max_hp_per_floor":[64,64,66,66,68,68,68,68,68,68,68,68,68,68,68,68,68,68,68,68,68,68,68,68,68,68,68,68,68,68,68,68,68,68,68,68,68,68,68,68,68,68,68,68,68,68,68,68,68,68,68],"card_choices":[{"not_picked":["stsjorbsmod:WeightOfMemory","stsjorbsmod:Will"],"picked":"stsjorbsmod:TinyHut","floor":1},{"not_picked":["stsjorbsmod:BurningFlask","stsjorbsmod:TinyHut"],"picked":"stsjorbsmod:RefuseToForget","floor":2},{"not_picked":["stsjorbsmod:Mindworm","stsjorbsmod:Prestidigitation"],"picked":"stsjorbsmod:Patron","floor":3},{"not_picked":["stsjorbsmod:BlackTentacles","stsjorbsmod:Materialize"],"picked":"stsjorbsmod:WanderingMind","floor":4},{"not_picked":["stsjorbsmod:AnimateObjects","stsjorbsmod:Will","stsjorbsmod:MagicMirror"],"picked":"SKIP","floor":5},{"not_picked":["stsjorbsmod:Prestidigitation","stsjorbsmod:LoseGrip"],"picked":"stsjorbsmod:Channel","floor":7},{"not_picked":["stsjorbsmod:AnimateObjects","stsjorbsmod:Materialize"],"picked":"stsjorbsmod:Message","floor":10},{"not_picked":["stsjorbsmod:MageArmor","stsjorbsmod:ChainLightning"],"picked":"stsjorbsmod:Trauma","floor":14},{"not_picked":["stsjorbsmod:SiphonEnergy","stsjorbsmod:GatherPower"],"picked":"stsjorbsmod:Fireball","floor":16},{"not_picked":["stsjorbsmod:TrueStrike","stsjorbsmod:Stalwart+1"],"picked":"stsjorbsmod:ScorchingRay","floor":18},{"not_picked":["stsjorbsmod:LocateObject","stsjorbsmod:HedgeWizard","stsjorbsmod:ColorSpray"],"picked":"SKIP","floor":19},{"not_picked":["stsjorbsmod:Materialize","stsjorbsmod:Prestidigitation"],"picked":"stsjorbsmod:Channel","floor":24},{"not_picked":["stsjorbsmod:Inferno+1","stsjorbsmod:Introspection"],"picked":"stsjorbsmod:CorrodingBarrier","floor":25},{"not_picked":["stsjorbsmod:Prepare","stsjorbsmod:ChatteringStrike","stsjorbsmod:Introspection"],"picked":"SKIP","floor":29},{"not_picked":["stsjorbsmod:MistyStep","stsjorbsmod:UnseenServant"],"picked":"stsjorbsmod:FracturedMind+1","floor":30},{"not_picked":["stsjorbsmod:BookOfTongues","stsjorbsmod:Mindworm","stsjorbsmod:UnseenServant+1"],"picked":"SKIP","floor":31},{"not_picked":["stsjorbsmod:Mindworm","stsjorbsmod:UnseenServant+1"],"picked":"stsjorbsmod:BookOfTongues","floor":31},{"not_picked":["stsjorbsmod:Entangle","stsjorbsmod:Trauma"],"picked":"stsjorbsmod:Banish","floor":33},{"not_picked":["stsjorbsmod:ChainLightning+1"],"picked":"SKIP","floor":35},{"not_picked":[],"picked":"Dark Shackles","floor":36},{"not_picked":[],"picked":"stsjorbsmod:FranticSearch","floor":40},{"not_picked":[],"picked":"stsjorbsmod:FlameWard+1","floor":42},{"not_picked":[],"picked":"stsjorbsmod:OldPocket","floor":44},{"not_picked":["stsjorbsmod:Counterspell"],"picked":"SKIP","floor":46},{"not_picked":["stsjorbsmod:Index"],"picked":"SKIP","floor":48}],"player_experience":685140,"relics_obtained":[{"floor":7,"key":"Regal Pillow"},{"floor":25,"key":"Bag of Preparation"},{"floor":26,"key":"White Beast Statue"},{"floor":30,"key":"Oddly Smooth Stone"},{"floor":38,"key":"Happy Flower"},{"floor":40,"key":"stsjorbsmod:BottledMemoryRelic"},{"floor":42,"key":"CeramicFish"},{"floor":43,"key":"Bottled Flame"},{"floor":44,"key":"Blue Candle"}],"event_choices":[{"damage_healed":17,"gold_gain":0,"player_choice":"Healed","damage_taken":0,"max_hp_gain":0,"max_hp_loss":0,"event_name":"The Cleric","floor":12,"gold_loss":35},{"damage_healed":0,"gold_gain":275,"player_choice":"Desecrate","damage_taken":0,"max_hp_gain":0,"max_hp_loss":0,"event_name":"Golden Shrine","floor":20,"gold_loss":0,"cards_obtained":["Regret"]},{"cards_removed":["stsjorbsmod:Fireball"],"damage_healed":0,"gold_gain":0,"player_choice":"Take \u0026 Give","damage_taken":0,"max_hp_gain":0,"max_hp_loss":0,"event_name":"betterNote:BetterNote","floor":22,"gold_loss":0,"cards_obtained":["Reprogram"]},{"damage_healed":0,"gold_gain":0,"player_choice":"Got Potions","damage_taken":0,"max_hp_gain":0,"max_hp_loss":0,"event_name":"Lab","floor":27,"gold_loss":0},{"damage_healed":0,"gold_gain":0,"player_choice":"Ignored","damage_taken":0,"max_hp_gain":0,"max_hp_loss":0,"event_name":"Vampires","floor":28,"gold_loss":0},{"damage_healed":0,"gold_gain":3,"player_choice":"1","damage_taken":0,"max_hp_gain":0,"max_hp_loss":0,"event_name":"betterStone:BetterStone","floor":36,"gold_loss":0},{"damage_healed":0,"gold_gain":0,"player_choice":"Bought 0 Potions","damage_taken":0,"max_hp_gain":0,"max_hp_loss":0,"event_name":"The Woman in Blue","floor":37,"gold_loss":0}],"is_beta":false,"boss_relics":[{"not_picked":["Astrolabe","Pandora\u0027s Box"],"picked":"Snecko Eye"},{"not_picked":["Velvet Choker","Sozu"],"picked":"Busted Crown"}],"items_purged_floors":[21,39,39,41],"is_endless":false,"potions_floor_spawned":[5,7,14,16,19,24,29,30,31,33,35,40,42,44,46,48],"killed_by":"Donu and Deca","ascension_level":20}}