{"host":"gp6kafy53r5vaktt","time":1608249668,"event":{"mods":["BaseMod","Colored Map","Highlight Path","Minty Spire (QoL Compilation)"],"gold_per_floor":[116,129,144,163,173,207,207,232,232,232,61,93,55,55,55,156,156,156,156,156,156,156,156,81,81,81,81,81,81,81,81,81,81,81,81,81,81,5,5,5,5,5,5,5,5,5,5,5,5,5],"floor_reached":51,"playtime":4579,"items_purged":[],"score":1141,"play_id":"a28eb00d-6934-4e88-9136-31da11193987","local_time":"20201218020108","is_ascension_mode":true,"campfire_choices":[{"data":"After Image","floor":7,"key":"SMITH"},{"data":"Footwork","floor":10,"key":"SMITH"},{"floor":15,"key":"REST"},{"data":"After Image","floor":32,"key":"SMITH"},{"floor":44,"key":"RECALL"},{"data":"Accuracy","floor":49,"key":"SMITH"}],"circlet_count":0,"master_deck":["Strike_G+1","Strike_G","Strike_G","Defend_G","Defend_G","Defend_G","Defend_G","Survivor","Neutralize","CurseOfTheBell","Footwork+1","Leg Sweep+1","Predator+1","Backflip","After Image+1","Accuracy+1","Blade Dance","Backstab","Dash","Backstab","Deflect","Acrobatics","Cloak And Dagger+1","Bouncing Flask","After Image+1","Blur","Cloak And Dagger+1","Bullet Time","Choke","Blade Dance","Noxious Fumes","Backstab+1","Backflip+1","Infinite Blades+1","Noxious Fumes+1","Blur+1"],"relics":["Calling Bell","Kunai","Akabeko","Incense Burner","Bottled Tornado","Ginger","StoneCalendar","CaptainsWheel","Ectoplasm","Mummified Hand","TungstenRod","Mango","Letter Opener","Bird Faced Urn","Whetstone","Black Star","Pocketwatch","Nunchaku","Toy Ornithopter","Frozen Egg 2","Orichalcum","Bottled Lightning","Blue Candle","Thread and Needle","HornCleat"],"acts_visited":["Exordium","TheCity","TheBeyond"],"potions_floor_usage":[8,16,23,25,25,28,33,39,45],"damage_taken":[{"damage":0,"enemies":"Small Slimes","floor":1,"turns":3},{"damage":1,"enemies":"Jaw Worm","floor":2,"turns":5},{"damage":0,"enemies":"2 Louse","floor":3,"turns":3},{"damage":5,"enemies":"Blue Slaver","floor":4,"turns":5},{"damage":7,"enemies":"3 Louse","floor":5,"turns":4},{"damage":23,"enemies":"3 Sentries","floor":6,"turns":12},{"damage":15,"enemies":"Lagavulin","floor":8,"turns":11},{"damage":15,"enemies":"3 Sentries","floor":12,"turns":7},{"damage":2,"enemies":"The Guardian","floor":16,"turns":14},{"damage":0,"enemies":"Shell Parasite","floor":18,"turns":5},{"damage":0,"enemies":"Spheric Guardian","floor":22,"turns":4},{"damage":6,"enemies":"Slavers","floor":23,"turns":7},{"damage":0,"enemies":"Gremlin Leader","floor":25,"turns":7},{"damage":0,"enemies":"3 Cultists","floor":27,"turns":5},{"damage":20,"enemies":"Slavers","floor":28,"turns":5},{"damage":0,"enemies":"Shelled Parasite and Fungi","floor":29,"turns":6},{"damage":0,"enemies":"Gremlin Leader","floor":30,"turns":5},{"damage":0,"enemies":"Centurion and Healer","floor":31,"turns":6},{"damage":1,"enemies":"Collector","floor":33,"turns":13},{"damage":4,"enemies":"3 Shapes","floor":35,"turns":6},{"damage":10,"enemies":"3 Darklings","floor":36,"turns":6},{"damage":0,"enemies":"Transient","floor":37,"turns":5},{"damage":4,"enemies":"2 Orb Walkers","floor":39,"turns":5},{"damage":0,"enemies":"Nemesis","floor":40,"turns":7},{"damage":0,"enemies":"Giant Head","floor":42,"turns":9},{"damage":15,"enemies":"Jaw Worm Horde","floor":45,"turns":5},{"damage":0,"enemies":"Reptomancer","floor":46,"turns":7},{"damage":0,"enemies":"Maw","floor":47,"turns":6},{"damage":0,"enemies":"Giant Head","floor":48,"turns":7},{"damage":0,"enemies":"Time Eater","floor":50,"turns":12}],"seed_played":"1347306889550922882","potions_obtained":[{"floor":1,"key":"SteroidPotion"},{"floor":12,"key":"AttackPotion"},{"floor":16,"key":"Fire Potion"},{"floor":18,"key":"Explosive Potion"},{"floor":22,"key":"Weak Potion"},{"floor":25,"key":"SteroidPotion"},{"floor":29,"key":"SteroidPotion"},{"floor":35,"key":"SmokeBomb"},{"floor":37,"key":"GhostInAJar"},{"floor":42,"key":"Weak Potion"},{"floor":47,"key":"FairyPotion"},{"floor":48,"key":"LiquidMemories"}],"is_trial":false,"path_per_floor":["M","M","M","M","M","E","R","E","T","R","$","E","?","?","R","B",null,"M","?","?","?","M","E","?","E","T","M","E","M","E","M","R","B",null,"M","M","M","$","?","E","?","E","T","R","M","E","M","E","R","B",null],"character_chosen":"THE_SILENT","items_purchased":["Accuracy","Blade Dance","Backstab","Noxious Fumes"],"campfire_rested":1,"item_purchase_floors":[11,11,11,38],"current_hp_per_floor":[70,69,69,64,57,34,34,19,19,19,19,4,4,4,25,23,70,70,70,70,70,70,64,64,78,78,78,58,66,72,80,80,84,84,80,76,84,84,80,84,80,80,80,80,67,77,80,80,80,80],"gold":5,"neow_bonus":"BOSS_RELIC","is_daily":false,"chose_seed":false,"campfire_upgraded":4,"win_rate":0.0,"timestamp":1608249668,"path_taken":["M","M","M","M","M","E","R","E","T","R","$","E","?","?","R","BOSS","M","?","?","?","M","E","?","E","T","M","E","M","E","M","R","BOSS","M","M","M","$","?","E","?","E","T","R","M","E","M","E","R","BOSS"],"items_purchased_type":["Card","Card","Card","Card"],"build_version":"2020-12-13","purchased_purges":0,"victory":true,"max_hp_per_floor":[70,70,70,70,70,70,70,70,70,70,70,70,70,70,70,70,70,70,70,70,70,70,70,70,84,84,84,84,84,84,84,84,84,84,84,84,84,84,84,84,80,80,80,80,80,80,80,80,80,80],"card_choices":[{"not_picked":["Dodge and Roll","Terror"],"picked":"Footwork","floor":1},{"not_picked":["Quick Slash","Calculated Gamble","Well Laid Plans"],"picked":"SKIP","floor":2},{"not_picked":["Slice","Bouncing Flask"],"picked":"Leg Sweep","floor":3},{"not_picked":["Terror","Dagger Throw"],"picked":"Predator","floor":4},{"not_picked":["Bane","Deadly Poison"],"picked":"Backflip","floor":5},{"not_picked":["Outmaneuver","Blade Dance"],"picked":"After Image","floor":6},{"not_picked":["Dagger Throw","Catalyst","Quick Slash"],"picked":"SKIP","floor":8},{"not_picked":["Distraction","Predator"],"picked":"Dash","floor":12},{"not_picked":["Escape Plan","Well Laid Plans"],"picked":"Backstab","floor":18},{"not_picked":["Accuracy","Quick Slash"],"picked":"Cloak And Dagger+1","floor":22},{"not_picked":["Footwork","Heel Hook+1"],"picked":"Bouncing Flask","floor":23},{"not_picked":["Eviscerate","Endless Agony"],"picked":"After Image","floor":25},{"not_picked":["Choke+1","Expertise+1"],"picked":"Blur","floor":27},{"not_picked":["Acrobatics","Tactician+1","Deflect+1"],"picked":"SKIP","floor":28},{"not_picked":["Accuracy","Underhanded Strike"],"picked":"Cloak And Dagger+1","floor":29},{"not_picked":["Crippling Poison","Acrobatics","Phantasmal Killer"],"picked":"SKIP","floor":30},{"not_picked":["Predator","Dagger Throw+1","Outmaneuver"],"picked":"SKIP","floor":31},{"not_picked":["After Image","Burst"],"picked":"Bullet Time","floor":33},{"not_picked":["Dagger Throw+1","Dodge and Roll"],"picked":"Choke","floor":35},{"not_picked":["Heel Hook+1","Slice","Skewer"],"picked":"SKIP","floor":36},{"not_picked":["Sucker Punch+1","Dodge and Roll"],"picked":"Blade Dance","floor":37},{"not_picked":["Crippling Poison+1","Quick Slash+1"],"picked":"Backstab+1","floor":39},{"not_picked":["PiercingWail","Escape Plan+1"],"picked":"Backflip+1","floor":40},{"not_picked":["Riddle With Holes+1","Doppelganger","PiercingWail"],"picked":"SKIP","floor":42},{"not_picked":["Tactician+1","Acrobatics+1","Slice+1"],"picked":"SKIP","floor":45},{"not_picked":["Dagger Throw","Skewer"],"picked":"Infinite Blades+1","floor":46},{"not_picked":["Dodge and Roll+1","Riddle With Holes+1"],"picked":"Noxious Fumes+1","floor":47},{"not_picked":["Outmaneuver+1","Flying Knee"],"picked":"Blur+1","floor":48}],"player_experience":22993,"relics_obtained":[{"floor":0,"key":"Kunai"},{"floor":0,"key":"Akabeko"},{"floor":0,"key":"Incense Burner"},{"floor":6,"key":"Bottled Tornado"},{"floor":8,"key":"Ginger"},{"floor":9,"key":"StoneCalendar"},{"floor":12,"key":"CaptainsWheel"},{"floor":23,"key":"TungstenRod"},{"floor":25,"key":"Mango"},{"floor":26,"key":"Letter Opener"},{"floor":28,"key":"Bird Faced Urn"},{"floor":30,"key":"Whetstone"},{"floor":39,"key":"Pocketwatch"},{"floor":40,"key":"Nunchaku"},{"floor":40,"key":"Toy Ornithopter"},{"floor":42,"key":"Frozen Egg 2"},{"floor":42,"key":"Orichalcum"},{"floor":46,"key":"Bottled Lightning"},{"floor":46,"key":"Blue Candle"},{"floor":48,"key":"Thread and Needle"},{"floor":48,"key":"HornCleat"}],"event_choices":[{"damage_healed":0,"gold_gain":0,"player_choice":"Left Gold","damage_taken":0,"max_hp_gain":0,"max_hp_loss":0,"event_name":"World of Goop","floor":13,"gold_loss":38},{"damage_healed":0,"gold_gain":0,"player_choice":"Grow","damage_taken":0,"max_hp_gain":0,"max_hp_loss":0,"event_name":"Living Wall","floor":14,"gold_loss":0,"cards_upgraded":["Leg Sweep"]},{"damage_healed":0,"gold_gain":0,"cards_transformed":["Strike_G","Strike_G"],"player_choice":"Became Test Subject","damage_taken":0,"max_hp_gain":0,"max_hp_loss":0,"event_name":"Drug Dealer","floor":19,"gold_loss":0,"cards_obtained":["Deflect","Acrobatics"]},{"damage_healed":0,"gold_gain":0,"player_choice":"Opened","damage_taken":0,"relics_obtained":["Mummified Hand"],"max_hp_gain":0,"max_hp_loss":0,"event_name":"The Mausoleum","floor":20,"gold_loss":0},{"damage_healed":0,"gold_gain":99,"player_choice":"Stole From Cult","damage_taken":0,"max_hp_gain":0,"max_hp_loss":0,"event_name":"Nest","floor":21,"gold_loss":0},{"cards_removed":["Defend_G"],"damage_healed":0,"gold_gain":0,"player_choice":"Gave Gold","damage_taken":0,"max_hp_gain":0,"max_hp_loss":0,"event_name":"Beggar","floor":24,"gold_loss":75},{"damage_healed":0,"gold_gain":0,"player_choice":"Fight","damage_taken":0,"max_hp_gain":0,"max_hp_loss":0,"event_name":"Mysterious Sphere","floor":39,"gold_loss":0},{"damage_healed":0,"gold_gain":0,"player_choice":"Max HP","damage_taken":0,"max_hp_gain":0,"max_hp_loss":4,"event_name":"Winding Halls","floor":41,"gold_loss":0}],"is_beta":false,"boss_relics":[{"not_picked":["Philosopher\u0027s Stone","Runic Dome"],"picked":"Ectoplasm"},{"not_picked":["Astrolabe","Tiny House"],"picked":"Black Star"}],"items_purged_floors":[],"is_endless":false,"potions_floor_spawned":[1,12,16,18,22,25,29,35,37,42,47,48],"ascension_level":1}}