{"host":"wgmqvkrq9e6a43rs","time":1608312371,"event":{"mods":["BaseMod","BetterRewards","Colored Map","DeckTracker","HololiveMod","Minty Spire (QoL Compilation)","Shop Mod","StSLib","SuperFastMode"],"gold_per_floor":[79,254,166,183,59,59,74,74,98,98,153,75,108,126,126,221,221,240,141,240,240,258,258,288,288,288,322,322,341,191,209,209,306,306,330,347,358,383,403,431,431,279,333,186,204,230,250,250,250,250,250,250,67,93,93],"floor_reached":56,"playtime":4065,"items_purged":["Hololive_Strike","Hololive_Strike","Hololive_Defend","Hololive_Defend","Doubt","Hololive_Sequa","Hololive_CallYogiri","Hololive_CallNatsuiroMatsuri"],"score":2782,"play_id":"7fee3cd3-8ef4-47d9-893f-94281df1b874","local_time":"20201219022611","is_ascension_mode":true,"campfire_choices":[{"data":"Hololive_Yoholoon","floor":6,"key":"SMITH"},{"data":"Hololive_Yoholoon","floor":8,"key":"SMITH"},{"data":"Hololive_Yoholoon","floor":10,"key":"SMITH"},{"data":"Hololive_DevilCharm","floor":15,"key":"SMITH"},{"data":"Hololive_DDD","floor":23,"key":"SMITH"},{"data":"Hololive_CallTsunomakiWatame","floor":25,"key":"SMITH"},{"data":"Hololive_DevilCharm","floor":28,"key":"SMITH"},{"data":"Hololive_Yoholoon","floor":32,"key":"SMITH"},{"floor":41,"key":"RECALL"},{"floor":49,"key":"REST"},{"floor":52,"key":"REST"}],"circlet_count":0,"master_deck":["AscendersBane","Hololive_CallRoboco","Hololive_CallTokoyamiTowa","Hololive_CallHimemoriLuna","Hololive_Yoholoon+1","Hololive_Yoholoon+1","Hololive_CallTsunomakiWatame+1","Hololive_Yoholoon+1","Hololive_IdolExercise+1","Hololive_CallTokoyamiTowa","Hololive_DevilCharm+1","Hololive_DDD+1","Hololive_FlyingPonyTail","Hololive_FlyingPonyTail","Hololive_DevilCharm+1","Hololive_Yoholoon+1","Hololive_FlyingPonyTail+1","Hololive_BeCareful","Hololive_DevilCharm","Hololive_FlyingPonyTail","Hololive_Thief","Hololive_CandyCastle+1","Hololive_Rebound","Hololive_FlyingPonyTail","Hololive_DevilCharm+1","Finesse","Impatience","Deep Breath","Hololive_Yoholoon","Hololive_CandyCastle","Hololive_CallTokoyamiTowa","Hololive_CandyCastle+1"],"relics":["Hololive_TheStar","Membership Card","Juzu Bracelet","Centennial Puzzle","Dead Branch","War Paint","Akabeko","Blood Vial","Oddly Smooth Stone","Sozu","Strange Spoon","Bag of Marbles","Matryoshka","MealTicket","Fusion Hammer","InkBottle","Lantern","Pear","Sundial","DollysMirror","Nunchaku"],"acts_visited":["TheCity","TheBeyond","TheEnding"],"potions_floor_usage":[38,38],"damage_taken":[{"damage":3,"enemies":"Jaw Worm","floor":1,"turns":3},{"damage":0,"enemies":"Small Slimes","floor":4,"turns":3},{"damage":0,"enemies":"2 Louse","floor":7,"turns":2},{"damage":0,"enemies":"3 Sentries","floor":11,"turns":4},{"damage":0,"enemies":"Lagavulin","floor":13,"turns":4},{"damage":0,"enemies":"Exordium Wildlife","floor":14,"turns":2},{"damage":0,"enemies":"Slime Boss","floor":16,"turns":6},{"damage":0,"enemies":"Shell Parasite","floor":18,"turns":3},{"damage":0,"enemies":"3 Byrds","floor":22,"turns":3},{"damage":0,"enemies":"Gremlin Leader","floor":24,"turns":5},{"damage":0,"enemies":"Book of Stabbing","floor":27,"turns":4},{"damage":0,"enemies":"Snake Plant","floor":29,"turns":3},{"damage":0,"enemies":"Shelled Parasite and Fungi","floor":31,"turns":4},{"damage":0,"enemies":"Champ","floor":33,"turns":7},{"damage":0,"enemies":"3 Darklings","floor":35,"turns":4},{"damage":0,"enemies":"Orb Walker","floor":36,"turns":3},{"damage":0,"enemies":"Spire Growth","floor":37,"turns":4},{"damage":0,"enemies":"4 Shapes","floor":38,"turns":5},{"damage":0,"enemies":"Transient","floor":39,"turns":5},{"damage":0,"enemies":"Reptomancer","floor":40,"turns":5},{"damage":0,"enemies":"Maw","floor":45,"turns":4},{"damage":0,"enemies":"Nemesis","floor":46,"turns":5},{"damage":0,"enemies":"Sphere and 2 Shapes","floor":47,"turns":4},{"damage":0,"enemies":"Time Eater","floor":50,"turns":9},{"damage":0,"enemies":"Shield and Spear","floor":54,"turns":7},{"damage":0,"enemies":"The Heart","floor":55,"turns":8}],"seed_played":"-1170212708980420939","potions_obtained":[{"floor":11,"key":"Swift Potion"}],"is_trial":false,"path_per_floor":["M","?","$","M","$","R","M","R","T","R","?","$","E","M","R","B",null,"M","$","?","?","M","R","E","R","T","E","R","M","$","M","R","B",null,"M","M","M","M","M","E","R","$","T","$","M","E","M","?","R","B",null,"R","$","E","B",null],"character_chosen":"Hololive_HololiveCharacter","items_purchased":["Membership Card","Hololive_Yoholoon","Juzu Bracelet","Centennial Puzzle","Hololive_CallTsunomakiWatame","Hololive_Yoholoon","Fire Potion","Blood Vial","Strange Spoon","Hololive_FlyingPonyTail","Hololive_Yoholoon","Hololive_Rebound","Hololive_FlyingPonyTail","Pear","Hololive_Yoholoon","Hololive_CandyCastle","Hololive_CallTokoyamiTowa","DollysMirror"],"campfire_rested":2,"item_purchase_floors":[0,0,0,0,0,0,5,12,19,19,30,42,44,44,53,53,53,53],"current_hp_per_floor":[17,17,17,17,17,17,17,17,17,17,17,17,19,21,21,23,32,34,34,34,34,35,35,35,35,35,35,35,35,35,35,35,35,35,35,35,35,35,35,35,35,35,35,45,45,45,45,35,45,45,45,45,45,45,45],"gold":93,"neow_bonus":"","is_daily":false,"chose_seed":false,"campfire_upgraded":8,"win_rate":0.0,"timestamp":1608312371,"path_taken":["M","?","$","M","$","R","M","R","T","R","?","?","E","M","R","BOSS","M","$","?","?","M","R","E","R","T","E","R","M","?","M","R","BOSS","M","M","M","M","M","E","R","$","T","$","M","E","M","?","R","BOSS","R","$","E","BOSS"],"items_purchased_type":["Relic","Card","Relic","Relic","Card","Card","Potion","Relic","Relic","Card","Card","Card","Card","Relic","Card","Card","Card","Relic"],"build_version":"2020-12-13","purchased_purges":8,"victory":true,"max_hp_per_floor":[35,35,35,35,35,35,35,35,35,35,35,35,35,35,35,35,35,35,35,35,35,35,35,35,35,35,35,35,35,35,35,35,35,35,35,35,35,35,35,35,35,35,35,45,45,45,45,45,45,45,45,45,45,45,45],"card_choices":[{"not_picked":["Hololive_Drill","Hololive_Psychosis","Hololive_FlyingPonyTail","Hololive_HuntDinosaur"],"picked":"SKIP","floor":1},{"not_picked":["Hololive_CallMoonaHoshinova","Hololive_CallAmaneKanata","Hololive_CallOmaruPolka","Hololive_Rebound"],"picked":"SKIP","floor":4},{"not_picked":["Hololive_CallMoonaHoshinova","Hololive_CallKiryuuCoco","Hololive_Drill"],"picked":"Hololive_IdolExercise","floor":7},{"not_picked":["Hololive_RevenueBasedLive","Hololive_StrengthChampion","Hololive_Psychosis"],"picked":"Hololive_CallTokoyamiTowa","floor":11},{"not_picked":["Hololive_HuntDinosaur","Hololive_Sequa","Hololive_ManjiGathering"],"picked":"Hololive_DevilCharm","floor":13},{"not_picked":["Hololive_Trident","Hololive_Rebound","Hololive_CallAkiRosenthal","Hololive_CallMomosuzuNene"],"picked":"SKIP","floor":14},{"not_picked":["Hololive_Rebirth","Hololive_FlareMind","Hololive_Recruit"],"picked":"Hololive_DDD","floor":16},{"not_picked":["Hololive_Rebound","Hololive_CallMoonaHoshinova","Hololive_CallTokinoSora"],"picked":"Hololive_FlyingPonyTail","floor":18},{"not_picked":["Hololive_LuckPotion","Hololive_Psychosis+1","Hololive_CallAkiRosenthal+1","Hololive_Rebound+1"],"picked":"SKIP","floor":22},{"not_picked":["Hololive_CallInugamiKorone","Hololive_ILoveYou","Hololive_StrengthChampion","Hololive_Sequa"],"picked":"SKIP","floor":24},{"not_picked":["Hololive_DiamondStrike","Hololive_OvertimeWork","Hololive_LuckPotion","Hololive_Recruit"],"picked":"SKIP","floor":27},{"not_picked":["Hololive_DiamondStrike","Hololive_OvertimeWork","Hololive_LuckPotion","Hololive_Recruit"],"picked":"SKIP","floor":27},{"not_picked":["Hololive_CallUsadaPekora+1","Hololive_SummonFox","Hololive_Drill","Hololive_RevenueBasedLive"],"picked":"SKIP","floor":29},{"not_picked":["Hololive_LuckPotion","Hololive_Trident","Hololive_HuntDinosaur"],"picked":"Hololive_FlyingPonyTail+1","floor":31},{"not_picked":["Hololive_DurableLive","Hololive_Nanodesu","Hololive_StarCraft"],"picked":"Hololive_BeCareful","floor":33},{"not_picked":["Hololive_CallUruhaRushia","Hololive_CallShirakamiFubuki","Hololive_CallKiryuuCoco"],"picked":"Hololive_DevilCharm","floor":35},{"not_picked":["Hololive_Drill+1","Hololive_Sequa","Hololive_SummonFox+1","Hololive_CallMoonaHoshinova"],"picked":"SKIP","floor":36},{"not_picked":["Hololive_RevenueBasedLive","Hololive_LuckPotion","Hololive_Trident"],"picked":"Hololive_FlyingPonyTail","floor":37},{"not_picked":["Hololive_OvertimeWork","Hololive_Sequa","Hololive_CallAiraniIofifteen"],"picked":"Hololive_Thief","floor":38},{"not_picked":["Hololive_OvertimeWork","Hololive_CallMomosuzuNene","Hololive_CallYogiri","Hololive_Sequa"],"picked":"SKIP","floor":39},{"not_picked":["Hololive_CallFriendA","Hololive_LuckPotion+1","Hololive_CallYozoraMel"],"picked":"Hololive_CandyCastle+1","floor":40},{"not_picked":["Hololive_CallSpadeEcho+1","Hololive_LuckPotion","Hololive_CallAiraniIofifteen+1"],"picked":"Hololive_DevilCharm+1","floor":45},{"not_picked":["Hololive_CallAkaiHaato","Hololive_Psychosis","Hololive_MaximGun","Hololive_Sequa"],"picked":"SKIP","floor":46},{"not_picked":["Hololive_HuntDinosaur+1","Hololive_RevenueBasedLive+1","Hololive_CallAmaneKanata","Hololive_CocoNews+1"],"picked":"SKIP","floor":47},{"not_picked":["Forethought","Mind Blast","Bandage Up"],"picked":"Finesse","floor":48},{"not_picked":["Madness","Panacea","Flash of Steel"],"picked":"Impatience","floor":48},{"not_picked":["Jack Of All Trades","Mind Blast","Chrysalis"],"picked":"Deep Breath","floor":48},{"not_picked":["Hololive_CallMoonaHoshinova","Hololive_LuckPotion","Hololive_Rebound+1","Hololive_OvertimeWork+1"],"picked":"SKIP","floor":54}],"player_experience":1095783,"relics_obtained":[{"floor":9,"key":"War Paint"},{"floor":11,"key":"Akabeko"},{"floor":13,"key":"Oddly Smooth Stone"},{"floor":24,"key":"Bag of Marbles"},{"floor":26,"key":"Matryoshka"},{"floor":27,"key":"MealTicket"},{"floor":40,"key":"InkBottle"},{"floor":43,"key":"Lantern"},{"floor":46,"key":"Sundial"},{"floor":54,"key":"Nunchaku"}],"event_choices":[{"damage_healed":0,"gold_gain":175,"player_choice":"AGREE","damage_taken":0,"max_hp_gain":0,"max_hp_loss":0,"event_name":"Liars Game","floor":2,"gold_loss":0,"cards_obtained":["Doubt"]},{"damage_healed":0,"gold_gain":0,"player_choice":"Searched \u00271\u0027 times","damage_taken":0,"max_hp_gain":0,"max_hp_loss":0,"event_name":"Dead Adventurer","floor":11,"gold_loss":0},{"damage_healed":0,"gold_gain":99,"player_choice":"Stole From Cult","damage_taken":0,"max_hp_gain":0,"max_hp_loss":0,"event_name":"Nest","floor":20,"gold_loss":0},{"damage_healed":0,"gold_gain":0,"player_choice":"Read","damage_taken":0,"max_hp_gain":0,"max_hp_loss":0,"event_name":"The Library","floor":21,"gold_loss":0,"cards_obtained":["Hololive_DevilCharm"]},{"damage_healed":0,"gold_gain":0,"player_choice":"Memory 3","damage_taken":10,"max_hp_gain":0,"max_hp_loss":0,"event_name":"SensoryStone","floor":48,"gold_loss":0}],"is_beta":false,"boss_relics":[{"not_picked":["Hololive_TopUpMoneyS","Coffee Dripper"],"picked":"Sozu"},{"not_picked":["Snecko Eye","Hololive_Finger"],"picked":"Fusion Hammer"}],"items_purged_floors":[0,0,0,0,3,5,30,42],"is_endless":false,"potions_floor_spawned":[11,13,18,22,24,29,37,38,39,40,54],"ascension_level":12}}