{"host":"3jpwrwmmgyabjceh","time":1608297699,"event":{"mods":["AchievementEnabler","BaseMod","Colored Map","Colored Powertips","Highlight Path","Minty Spire (QoL Compilation)","StSLib"],"gold_per_floor":[118,128,11,25,42,42,61,61,114,38,48,58,76,76,76,181,181,194,194,104,104,104],"floor_reached":21,"playtime":1264,"items_purged":["Strike_B"],"score":199,"play_id":"6ef2b758-42cc-46c4-b747-ec76520cee34","local_time":"20201218162139","is_ascension_mode":true,"campfire_choices":[{"data":"Defragment","floor":6,"key":"SMITH"},{"floor":8,"key":"REST"},{"floor":15,"key":"REST"}],"circlet_count":0,"master_deck":["Strike_B","Strike_B","Defend_B","Defend_B","Defend_B","Defend_B","Zap","Dualcast","Sweeping Beam","Coolheaded","Defragment+1","Coolheaded","Redo","Steam","Hologram","Conserve Battery","Redo","Self Repair","Buffer","Ball Lightning","Glacier"],"relics":["Cracked Core","Smiling Mask"],"acts_visited":["Exordium","TheCity"],"potions_floor_usage":[16],"damage_taken":[{"damage":11,"enemies":"Small Slimes","floor":1,"turns":3},{"damage":2,"enemies":"Jaw Worm","floor":2,"turns":3},{"damage":4,"enemies":"2 Louse","floor":4,"turns":3},{"damage":2,"enemies":"Blue Slaver","floor":5,"turns":6},{"damage":47,"enemies":"Gremlin Gang","floor":7,"turns":4},{"damage":5,"enemies":"Large Slime","floor":11,"turns":7},{"damage":10,"enemies":"Exordium Thugs","floor":12,"turns":5},{"damage":9,"enemies":"3 Louse","floor":13,"turns":3},{"damage":24,"enemies":"Slime Boss","floor":16,"turns":14},{"damage":17,"enemies":"Spheric Guardian","floor":18,"turns":10},{"damage":24,"enemies":"2 Thieves","floor":20,"turns":5},{"damage":29,"enemies":"Centurion and Healer","floor":21,"turns":9}],"seed_played":"-8495079444383147664","potions_obtained":[{"floor":7,"key":"PotionOfCapacity"},{"floor":11,"key":"PotionOfCapacity"},{"floor":12,"key":"FearPotion"},{"floor":13,"key":"Explosive Potion"}],"is_trial":false,"path_per_floor":["M","M","$","M","M","R","M","R","T","$","M","M","M","?","R","B",null,"M","?","M","M"],"character_chosen":"DEFECT","items_purchased":["Defragment","Coolheaded","Hologram"],"campfire_rested":2,"item_purchase_floors":[3,3,10],"current_hp_per_floor":[64,62,62,58,56,56,9,31,31,31,26,16,7,7,29,5,75,65,65,48,19,19],"gold":104,"neow_bonus":"REMOVE_CARD","is_daily":false,"chose_seed":false,"campfire_upgraded":1,"win_rate":0.0,"timestamp":1608297699,"path_taken":["M","M","$","M","M","R","M","R","T","$","M","M","M","?","R","BOSS","M","?","M","M"],"items_purchased_type":["Card","Card","Card"],"build_version":"2020-12-13","purchased_purges":1,"victory":false,"max_hp_per_floor":[75,75,75,75,75,75,75,75,75,75,75,75,75,75,75,75,75,75,75,75,75,75],"card_choices":[{"not_picked":["Beam Cell","Redo"],"picked":"Sweeping Beam","floor":1},{"not_picked":["Melter","Barrage"],"picked":"Coolheaded","floor":2},{"not_picked":["Reinforced Body","Static Discharge"],"picked":"Redo","floor":4},{"not_picked":["Machine Learning","Fusion","Gash"],"picked":"SKIP","floor":5},{"not_picked":["Rebound","Conserve Battery"],"picked":"Steam","floor":7},{"not_picked":["Sweeping Beam","Tempest"],"picked":"Conserve Battery","floor":11},{"not_picked":["Steam","Darkness"],"picked":"Redo","floor":12},{"not_picked":["Auto Shields","Streamline"],"picked":"Self Repair","floor":13},{"not_picked":["Amplify","Fission"],"picked":"Buffer","floor":16},{"not_picked":["Beam Cell","Rip and Tear"],"picked":"Ball Lightning","floor":18},{"not_picked":["Tempest+1","Barrage","Reinforced Body"],"picked":"SKIP","floor":20}],"player_experience":217203,"relics_obtained":[{"floor":9,"key":"Smiling Mask"}],"event_choices":[{"damage_healed":0,"gold_gain":0,"player_choice":"Ignored","damage_taken":0,"max_hp_gain":0,"max_hp_loss":0,"event_name":"Golden Wing","floor":14,"gold_loss":0},{"damage_healed":0,"gold_gain":0,"player_choice":"Read","damage_taken":0,"max_hp_gain":0,"max_hp_loss":0,"event_name":"The Library","floor":19,"gold_loss":0,"cards_obtained":["Glacier"]}],"is_beta":false,"boss_relics":[{"not_picked":["Busted Crown","Ectoplasm","Snecko Eye"]}],"items_purged_floors":[10],"is_endless":false,"potions_floor_spawned":[7,11,12,13],"killed_by":"Centurion and Healer","ascension_level":3}}