{"host":"12piqfhmdln9x2la","time":1608315205,"event":{"mods":["2.2 Compatiblity","AchievementEnabler","BaseMod","BetterRewards","Colored Powertips","Minty Spire (QoL Compilation)","Quick Restart","SuperFastMode"],"gold_per_floor":[119,219,75,89,39,39,69,69,69,81,59,72,105,122,122,122,122],"floor_reached":16,"playtime":321,"items_purged":["Strike_G"],"score":135,"play_id":"0c286add-84a3-4a27-aaeb-187fd0cc8313","local_time":"20201219031325","is_ascension_mode":false,"campfire_choices":[{"data":"Poisoned Stab","floor":6,"key":"SMITH"},{"data":"Catalyst","floor":8,"key":"SMITH"},{"data":"Deadly Poison","floor":15,"key":"SMITH"}],"circlet_count":0,"master_deck":["Strike_G","Strike_G","Strike_G","Strike_G","Defend_G","Defend_G","Defend_G","Defend_G","Survivor","Neutralize","Prepared","Deadly Poison+1","Poisoned Stab+1","Prepared","Catalyst+1","Deflect","Prepared","Noxious Fumes","Noxious Fumes","Acrobatics"],"relics":["Ring of the Snake","NeowsBlessing","Strawberry","Juzu Bracelet","Oddly Smooth Stone"],"acts_visited":["Exordium"],"potions_floor_usage":[12,12,13,13,16,16],"damage_taken":[{"damage":0,"enemies":"Small Slimes","floor":1,"turns":1},{"damage":0,"enemies":"Cultist","floor":4,"turns":1},{"damage":0,"enemies":"Gremlin Nob","floor":7,"turns":1},{"damage":10,"enemies":"2 Louse","floor":10,"turns":2},{"damage":23,"enemies":"Exordium Wildlife","floor":12,"turns":6},{"damage":18,"enemies":"3 Sentries","floor":13,"turns":5},{"damage":13,"enemies":"Red Slaver","floor":14,"turns":3},{"damage":14,"enemies":"The Guardian","floor":16,"turns":7}],"seed_played":"4795088038877657724","potions_obtained":[{"floor":1,"key":"ColorlessPotion"},{"floor":10,"key":"EntropicBrew"},{"floor":13,"key":"AttackPotion"}],"is_trial":false,"path_per_floor":["M","?","$","M","?","R","E","R","T","M","$","M","E","M","R","B"],"character_chosen":"THE_SILENT","items_purchased":["Deadly Poison","Poisoned Stab","Prepared"],"campfire_rested":0,"item_purchase_floors":[3,3,11],"current_hp_per_floor":[70,70,70,70,70,70,77,77,77,67,67,44,26,13,13,0,0],"gold":122,"neow_bonus":"THREE_ENEMY_KILL","is_daily":false,"chose_seed":false,"campfire_upgraded":3,"win_rate":0.0,"timestamp":1608315205,"path_taken":["M","?","$","?","?","R","E","R","T","M","?","M","E","M","R","BOSS"],"items_purchased_type":["Card","Card","Card"],"build_version":"2020-12-13","purchased_purges":1,"victory":false,"max_hp_per_floor":[70,70,70,70,70,70,77,77,77,77,77,77,77,77,77,77,77],"card_choices":[{"not_picked":["Well Laid Plans","Cloak And Dagger"],"picked":"Prepared","floor":1},{"not_picked":["Deflect","Backstab"],"picked":"Prepared","floor":4},{"not_picked":["Acrobatics","Deflect"],"picked":"Catalyst","floor":7},{"not_picked":["Acrobatics","Infinite Blades"],"picked":"Deflect","floor":10},{"not_picked":["Quick Slash","Dodge and Roll"],"picked":"Noxious Fumes","floor":12},{"not_picked":["Night Terror","Expertise"],"picked":"Noxious Fumes","floor":13},{"not_picked":["Finisher","Sucker Punch"],"picked":"Acrobatics","floor":14}],"player_experience":95913,"relics_obtained":[{"floor":7,"key":"Strawberry"},{"floor":9,"key":"Juzu Bracelet"},{"floor":13,"key":"Oddly Smooth Stone"}],"event_choices":[{"damage_healed":0,"gold_gain":100,"player_choice":"Gold","damage_taken":0,"max_hp_gain":0,"max_hp_loss":0,"event_name":"Wheel of Change","floor":2,"gold_loss":0},{"cards_removed":["Defend_G"],"damage_healed":0,"gold_gain":0,"player_choice":"Card Removal","damage_taken":0,"max_hp_gain":0,"max_hp_loss":0,"event_name":"The Cleric","floor":5,"gold_loss":50}],"is_beta":false,"boss_relics":[],"items_purged_floors":[3],"is_endless":false,"potions_floor_spawned":[1,10,13],"killed_by":"The Guardian","ascension_level":0}}