{"host":"63rwe7p34ct1i0qu","time":1608310669,"event":{"mods":["BaseMod","Colored Map","DeckTracker","Minty Spire (QoL Compilation)","Permanent Neow","Quick Restart","StSLib"],"gold_per_floor":[115,115,115,127,127,127,127,127,151,184,209,253,268,288,288,416,416,406,406,406,406,422,422,440,440,440],"floor_reached":25,"playtime":815,"items_purged":[],"score":331,"play_id":"e399ec47-6b55-4ef3-8fa9-d4515e55f807","local_time":"20201219015749","is_ascension_mode":true,"campfire_choices":[{"floor":6,"key":"REST"},{"data":"The Bomb","floor":8,"key":"SMITH"},{"data":"Barricade","floor":15,"key":"SMITH"},{"data":"Juggernaut","floor":23,"key":"SMITH"}],"circlet_count":0,"master_deck":["Bash+1","The Bomb+1","Shrug It Off","Power Through","Barricade+1","Juggernaut+1","Juggernaut","Flame Barrier","Limit Break","Warcry","Reckless Charge","Heavy Blade","Hemokinesis","Second Wind","Rampage","Bite","Bite","Bite","Bite","Bite"],"relics":["Burning Blood","Singing Bowl","Bloody Idol","Centennial Puzzle","Potion Belt","Pandora\u0027s Box","Nunchaku"],"acts_visited":["Exordium","TheCity"],"potions_floor_usage":[16,16,18,25],"damage_taken":[{"damage":0,"enemies":"2 Louse","floor":1,"turns":4},{"damage":13,"enemies":"Small Slimes","floor":4,"turns":3},{"damage":30,"enemies":"Lagavulin","floor":10,"turns":6},{"damage":2,"enemies":"Jaw Worm","floor":11,"turns":4},{"damage":5,"enemies":"3 Sentries","floor":12,"turns":3},{"damage":7,"enemies":"Exordium Wildlife","floor":13,"turns":3},{"damage":3,"enemies":"Blue Slaver","floor":14,"turns":3},{"damage":59,"enemies":"Hexaghost","floor":16,"turns":12},{"damage":19,"enemies":"2 Thieves","floor":18,"turns":4},{"damage":31,"enemies":"3 Byrds","floor":22,"turns":6},{"damage":36,"enemies":"Snake Plant","floor":24,"turns":5},{"damage":17,"enemies":"Centurion and Healer","floor":25,"turns":2}],"seed_played":"8295797798146414064","potions_obtained":[{"floor":10,"key":"Fire Potion"},{"floor":12,"key":"SkillPotion"},{"floor":13,"key":"SpeedPotion"},{"floor":14,"key":"AttackPotion"},{"floor":16,"key":"Swift Potion"},{"floor":22,"key":"Strength Potion"}],"is_trial":false,"path_per_floor":["M","?","?","M","?","R","?","R","T","E","M","E","M","M","R","B",null,"M","?","?","?","M","R","M","M"],"character_chosen":"IRONCLAD","items_purchased":[],"campfire_rested":1,"item_purchase_floors":[],"current_hp_per_floor":[57,54,38,33,33,55,76,76,76,52,60,65,68,73,73,22,67,58,58,58,58,52,52,33,18,18],"gold":440,"neow_bonus":"RANDOM_COLORLESS_2","is_daily":false,"chose_seed":false,"campfire_upgraded":3,"win_rate":0.0,"timestamp":1608310669,"path_taken":["M","?","?","M","?","R","?","R","T","E","M","E","M","M","R","BOSS","M","?","?","?","M","R","M","M"],"items_purchased_type":[],"build_version":"2020-12-13","purchased_purges":0,"victory":false,"max_hp_per_floor":[80,80,80,82,76,76,76,76,76,76,78,80,82,82,82,82,82,84,84,84,84,86,86,88,88,88],"card_choices":[{"not_picked":["Magnetism","Panache"],"picked":"The Bomb","floor":0},{"not_picked":["True Grit","Intimidate"],"picked":"Shrug It Off","floor":1},{"not_picked":["Entrench","Anger","Warcry"],"picked":"Singing Bowl","floor":4},{"not_picked":["Pommel Strike","Rage"],"picked":"Power Through","floor":10},{"not_picked":["True Grit","Heavy Blade","Armaments"],"picked":"Singing Bowl","floor":11},{"not_picked":["Brutality","Warcry","Evolve"],"picked":"Singing Bowl","floor":12},{"not_picked":["Rampage","Sword Boomerang","Clothesline"],"picked":"Singing Bowl","floor":13},{"not_picked":["Inflame","Havoc"],"picked":"Barricade","floor":14},{"not_picked":["Bludgeon","Berserk"],"picked":"Juggernaut","floor":16},{"not_picked":["Shrug It Off","Clothesline+1","Thunderclap"],"picked":"Singing Bowl","floor":18},{"not_picked":["Dropkick","Clothesline","Headbutt+1"],"picked":"Singing Bowl","floor":22},{"not_picked":["Perfected Strike","Feed","Armaments"],"picked":"Singing Bowl","floor":24}],"player_experience":797418,"relics_obtained":[{"floor":9,"key":"Blood Vial"},{"floor":10,"key":"Centennial Puzzle"},{"floor":12,"key":"Potion Belt"}],"event_choices":[{"damage_healed":0,"gold_gain":0,"player_choice":"Success","damage_taken":3,"relics_obtained":["Singing Bowl"],"max_hp_gain":0,"max_hp_loss":0,"event_name":"Scrap Ooze","floor":2,"gold_loss":0},{"damage_healed":0,"gold_gain":0,"player_choice":"Entered Light","damage_taken":16,"max_hp_gain":0,"max_hp_loss":0,"event_name":"Shining Light","floor":3,"gold_loss":0,"cards_upgraded":["Strike_R","Bash"]},{"damage_healed":0,"gold_gain":0,"player_choice":"Lose Max HP","damage_taken":0,"relics_obtained":["Golden Idol"],"max_hp_gain":0,"max_hp_loss":6,"event_name":"Golden Idol","floor":5,"gold_loss":0},{"damage_healed":25,"gold_gain":0,"player_choice":"Banana","damage_taken":0,"max_hp_gain":0,"max_hp_loss":0,"event_name":"Big Fish","floor":7,"gold_loss":0},{"damage_healed":0,"gold_gain":0,"player_choice":"Became a vampire (Vial)","damage_taken":0,"max_hp_gain":0,"max_hp_loss":0,"event_name":"Vampires","floor":19,"relics_lost":["Blood Vial"],"gold_loss":0,"cards_obtained":["Bite","Bite","Bite","Bite","Bite"]},{"damage_healed":0,"gold_gain":0,"player_choice":"Opened","damage_taken":0,"relics_obtained":["Nunchaku"],"max_hp_gain":0,"max_hp_loss":0,"event_name":"The Mausoleum","floor":20,"gold_loss":0},{"damage_healed":0,"gold_gain":0,"player_choice":"Gave Idol","damage_taken":0,"relics_obtained":["Bloody Idol"],"max_hp_gain":0,"max_hp_loss":0,"event_name":"Forgotten Altar","floor":21,"relics_lost":["Golden Idol"],"gold_loss":0}],"is_beta":false,"boss_relics":[{"not_picked":["Black Blood","Ectoplasm"],"picked":"Pandora\u0027s Box"}],"items_purged_floors":[],"is_endless":false,"potions_floor_spawned":[10,12,13,14,16,22],"killed_by":"Centurion and Healer","ascension_level":9}}