{"host":"1tl36azeqm6yhdgj","time":1608309054,"event":{"mods":["AchievementEnabler","BaseMod","Minty Spire (QoL Compilation)","StSLib","The IronCluck","everything is the same but u backflip on backflip"],"gold_per_floor":[119,138,138,153,153,184,184,218,218,245,83,113,126,76,76,151,151,171,184,184,201,216,216,246,167,248,259,273,323,340,368,368,443,443,457,457,511,23,23,23,40,0,49,62,82,96,144,144,144,144,144,144,4,4,4],"floor_reached":54,"playtime":2596,"items_purged":["Strike_R"],"score":1363,"play_id":"3600c24f-04af-4e70-9929-610fca56fe4d","local_time":"20201218113054","is_ascension_mode":true,"campfire_choices":[{"floor":7.0,"key":"REST"},{"floor":15.0,"key":"REST"},{"floor":23.0,"key":"RECALL"},{"floor":32.0,"key":"REST"},{"floor":40.0,"key":"REST"},{"data":"Barricade","floor":49.0,"key":"SMITH"},{"data":"Corruption","floor":52.0,"key":"SMITH"}],"circlet_count":0,"master_deck":["AscendersBane","Bash+1","Flame Barrier","Corruption+1","Double Tap","Seeing Red","Shockwave","Cleave","Fire Breathing","Thunderclap","Juggernaut","Impervious","Flex+1","Rage","Barricade+1","Clash+1","True Grit+1","Twin Strike+1","Dropkick+1","Shrug It Off+1","Power Through+1","Limit Break+1","Clash","Body Slam","Clash","Reaper","Feel No Pain","Disarm+1","Panache","Magnetism","Madness+1","Sentinel+1","Shrug It Off+1","Inflame","Armaments+1","True Grit+1","Battle Trance+1","Clothesline+1","Intimidate+1"],"relics":["Burning Blood","NeowsBlessing","HornCleat","Thread and Needle","Ice Cream","Pen Nib","Paper Frog","Empty Cage","Toxic Egg 2","Dream Catcher","Pantograph","Pandora\u0027s Box","Bird Faced Urn","OrangePellets","Anchor","Nunchaku"],"acts_visited":["Exordium","TheCity","TheBeyond","TheEnding"],"potions_floor_usage":[54],"damage_taken":[{"damage":0.0,"enemies":"Small Slimes","floor":1.0,"turns":1.0},{"damage":0.0,"enemies":"2 Louse","floor":2.0,"turns":1.0},{"damage":0.0,"enemies":"Cultist","floor":4.0,"turns":1.0},{"damage":45.0,"enemies":"Gremlin Nob","floor":6.0,"turns":5.0},{"damage":22.0,"enemies":"Lagavulin","floor":8.0,"turns":8.0},{"damage":0.0,"enemies":"Gremlin Nob","floor":10.0,"turns":4.0},{"damage":0.0,"enemies":"Lagavulin","floor":12.0,"turns":8.0},{"damage":0.0,"enemies":"3 Louse","floor":13.0,"turns":4.0},{"damage":7.0,"enemies":"Slime Boss","floor":16.0,"turns":8.0},{"damage":8.0,"enemies":"Chosen","floor":18.0,"turns":5.0},{"damage":3.0,"enemies":"3 Byrds","floor":19.0,"turns":5.0},{"damage":8.0,"enemies":"Centurion and Healer","floor":21.0,"turns":5.0},{"damage":0.0,"enemies":"Snecko","floor":22.0,"turns":6.0},{"damage":1.0,"enemies":"Book of Stabbing","floor":24.0,"turns":6.0},{"damage":28.0,"enemies":"Cultist and Chosen","floor":27.0,"turns":7.0},{"damage":34.0,"enemies":"Sentry and Sphere","floor":28.0,"turns":9.0},{"damage":0.0,"enemies":"Centurion and Healer","floor":30.0,"turns":7.0},{"damage":24.0,"enemies":"Gremlin Leader","floor":31.0,"turns":6.0},{"damage":26.0,"enemies":"Automaton","floor":33.0,"turns":16.0},{"damage":7.0,"enemies":"3 Shapes","floor":35.0,"turns":6.0},{"damage":74.0,"enemies":"2 Orb Walkers","floor":37.0,"turns":7.0},{"damage":3.0,"enemies":"Orb Walker","floor":41.0,"turns":5.0},{"damage":24.0,"enemies":"Transient","floor":44.0,"turns":5.0},{"damage":42.0,"enemies":"Sphere and 2 Shapes","floor":45.0,"turns":9.0},{"damage":0.0,"enemies":"4 Shapes","floor":46.0,"turns":7.0},{"damage":53.0,"enemies":"Reptomancer","floor":47.0,"turns":7.0},{"damage":22.0,"enemies":"Time Eater","floor":50.0,"turns":11.0},{"damage":89,"enemies":"Shield and Spear","floor":54,"turns":6}],"seed_played":"8838430913701717350","potions_obtained":[{"floor":2.0,"key":"DuplicationPotion"},{"floor":4.0,"key":"DistilledChaos"},{"floor":6.0,"key":"LiquidMemories"},{"floor":8.0,"key":"DistilledChaos"},{"floor":18.0,"key":"DistilledChaos"},{"floor":21.0,"key":"DistilledChaos"},{"floor":27.0,"key":"LiquidBronze"},{"floor":31.0,"key":"DuplicationPotion"},{"floor":35.0,"key":"Weak Potion"},{"floor":41.0,"key":"SpeedPotion"},{"floor":46.0,"key":"PowerPotion"}],"is_trial":false,"path_per_floor":["M","M","?","M","?","E","R","E","T","E","$","E","M","?","R","B",null,"M","M","?","M","M","R","E","?","T","M","M","?","M","E","R","B",null,"M","?","?","$","?","R","M","$","T","M","M","M","E","?","R","B",null,"R","$","E"],"character_chosen":"IRONCLAD","items_purchased":["Fire Breathing","Block Potion","Fruit Juice","Panache","OrangePellets","BlessingOfTheForge","Inflame","Intimidate+1","LiquidMemories"],"campfire_rested":4,"item_purchase_floors":[11,11,38,38,38,38,42,53,53],"current_hp_per_floor":[74,75,75,75,60,21,43,27,27,33,33,39,45,45,67,66,73,71,74,74,72,75,75,75,75,75,53,25,25,31,13,35,40,66,74,74,16,21,16,40,58,58,58,54,30,46,23,70,70,70,70,70,70,0,0],"gold":4,"neow_bonus":"THREE_ENEMY_KILL","is_daily":false,"chose_seed":false,"campfire_upgraded":2,"win_rate":0.0,"timestamp":1608309054,"path_taken":["M","M","?","M","?","E","R","E","T","E","$","E","M","?","R","BOSS","M","M","?","M","M","R","E","?","T","?","M","?","?","E","R","BOSS","M","?","?","$","?","R","M","?","T","M","M","M","E","?","R","BOSS","R","$","E"],"items_purchased_type":["Card","Potion","Potion","Card","Relic","Potion","Card","Card","Potion"],"build_version":"2020-12-13","purchased_purges":1,"victory":false,"max_hp_per_floor":[75,75,75,75,75,75,75,75,75,75,75,75,75,75,75,75,75,75,75,75,75,75,75,75,75,75,75,75,75,75,75,75,75,75,75,75,75,80,80,80,80,80,80,80,80,80,80,70,70,70,70,70,70,70,70],"card_choices":[{"not_picked":["Cleave","Sword Boomerang"],"picked":"Flame Barrier","floor":1.0},{"not_picked":["Iron Wave","Perfected Strike","True Grit"],"picked":"SKIP","floor":2.0},{"not_picked":["Flex","Thunderclap"],"picked":"Double Tap","floor":4.0},{"not_picked":["Heavy Blade","Bloodletting"],"picked":"Seeing Red","floor":6.0},{"not_picked":["True Grit","Headbutt"],"picked":"Shockwave","floor":8.0},{"not_picked":["Havoc","Warcry"],"picked":"Cleave","floor":10.0},{"not_picked":["Infernal Blade","Sword Boomerang"],"picked":"Thunderclap","floor":12.0},{"not_picked":["Perfected Strike","Iron Wave"],"picked":"Juggernaut","floor":13.0},{"not_picked":["Corruption","Offering"],"picked":"Impervious","floor":16.0},{"not_picked":["Wild Strike","Sword Boomerang","Iron Wave"],"picked":"SKIP","floor":18.0},{"not_picked":["Iron Wave","Thunderclap"],"picked":"Flex+1","floor":19.0},{"not_picked":["Armaments","Rampage"],"picked":"Barricade","floor":21.0},{"not_picked":["Sword Boomerang","Thunderclap","Flex+1"],"picked":"SKIP","floor":22.0},{"not_picked":["Blood for Blood","Double Tap+1"],"picked":"Clash+1","floor":24.0},{"not_picked":["Clothesline","Evolve"],"picked":"True Grit+1","floor":27.0},{"not_picked":["Flex+1","Bloodletting+1"],"picked":"Twin Strike+1","floor":28.0},{"not_picked":["Flame Barrier+1","Twin Strike+1"],"picked":"Dropkick+1","floor":30.0},{"not_picked":["True Grit+1","Wild Strike"],"picked":"Shrug It Off+1","floor":31.0},{"not_picked":["Clothesline","Pommel Strike"],"picked":"Power Through+1","floor":32.0},{"not_picked":["Offering+1","Bludgeon"],"picked":"Limit Break+1","floor":33.0},{"not_picked":["Warcry+1","Headbutt"],"picked":"Feel No Pain","floor":35.0},{"not_picked":["Heavy Blade","Armaments+1"],"picked":"Disarm+1","floor":37.0},{"not_picked":["Mind Blast","Blind+1"],"picked":"Magnetism","floor":39.0},{"not_picked":["Trip+1","Jack Of All Trades+1"],"picked":"Madness+1","floor":39.0},{"not_picked":["Iron Wave","Headbutt+1"],"picked":"Sentinel+1","floor":40.0},{"not_picked":["Sword Boomerang","Havoc+1"],"picked":"Shrug It Off+1","floor":41.0},{"not_picked":["Cleave","Headbutt"],"picked":"Armaments+1","floor":44.0},{"not_picked":["Twin Strike","Clash"],"picked":"True Grit+1","floor":45.0},{"not_picked":["Cleave","Fiend Fire"],"picked":"Battle Trance+1","floor":46.0},{"not_picked":["Perfected Strike+1","Carnage"],"picked":"Clothesline+1","floor":47.0}],"player_experience":1959651,"relics_obtained":[{"floor":6.0,"key":"HornCleat"},{"floor":8.0,"key":"Thread and Needle"},{"floor":9.0,"key":"Ice Cream"},{"floor":10.0,"key":"Pen Nib"},{"floor":12.0,"key":"Paper Frog"},{"floor":24.0,"key":"Toxic Egg 2"},{"floor":31.0,"key":"Pantograph"},{"floor":37.0,"key":"Bird Faced Urn"},{"floor":43.0,"key":"Anchor"},{"floor":47.0,"key":"Nunchaku"}],"event_choices":[{"damage_healed":0.0,"max_hp_gain":0.0,"max_hp_loss":0.0,"gold_gain":0.0,"cards_transformed":["Strike_R"],"event_name":"Living Wall","player_choice":"Change","floor":3.0,"gold_loss":0.0,"damage_taken":0.0,"cards_obtained":["Corruption"]},{"damage_healed":0.0,"max_hp_gain":0.0,"max_hp_loss":0.0,"gold_gain":0.0,"event_name":"Shining Light","player_choice":"Entered Light","floor":5.0,"gold_loss":0.0,"damage_taken":15.0,"cards_upgraded":["Defend_R","Bash"]},{"cards_removed":["Strike_R"],"damage_healed":0.0,"max_hp_gain":0.0,"max_hp_loss":0.0,"gold_gain":0.0,"event_name":"The Cleric","player_choice":"Card Removal","floor":14.0,"gold_loss":50.0,"damage_taken":0.0},{"damage_healed":0.0,"max_hp_gain":0.0,"max_hp_loss":0.0,"gold_gain":0.0,"event_name":"The Library","player_choice":"Read","floor":20.0,"gold_loss":0.0,"damage_taken":0.0,"cards_obtained":["Rage"]},{"damage_healed":0.0,"max_hp_gain":0.0,"max_hp_loss":0.0,"gold_gain":0.0,"event_name":"WeMeetAgain","player_choice":"Paid Gold","floor":25.0,"gold_loss":79.0,"damage_taken":0.0,"relics_obtained":["Dream Catcher"]},{"damage_healed":0.0,"max_hp_gain":0.0,"max_hp_loss":0.0,"gold_gain":100.0,"event_name":"The Joust","player_choice":"Bet on Murderer","floor":29.0,"gold_loss":50.0,"damage_taken":0.0},{"damage_healed":0.0,"max_hp_gain":0.0,"max_hp_loss":0.0,"gold_gain":0.0,"event_name":"Tomb of Lord Red Mask","player_choice":"Ignored","floor":36.0,"gold_loss":0.0,"damage_taken":0.0},{"damage_healed":0.0,"max_hp_gain":0.0,"max_hp_loss":0.0,"gold_gain":0.0,"event_name":"Mysterious Sphere","player_choice":"Fight","floor":37.0,"gold_loss":0.0,"damage_taken":0.0},{"damage_healed":0.0,"max_hp_gain":0.0,"max_hp_loss":0.0,"gold_gain":0.0,"event_name":"SensoryStone","player_choice":"Memory 2","floor":39.0,"gold_loss":0.0,"damage_taken":5.0},{"damage_healed":70.0,"max_hp_gain":0.0,"max_hp_loss":10.0,"gold_gain":0.0,"event_name":"The Moai Head","player_choice":"Heal","floor":48.0,"gold_loss":0.0,"damage_taken":0.0}],"is_beta":false,"boss_relics":[{"not_picked":["Coffee Dripper","Sozu"],"picked":"Empty Cage"},{"not_picked":["Cursed Key","SlaversCollar"],"picked":"Pandora\u0027s Box"}],"items_purged_floors":[11],"is_endless":false,"potions_floor_spawned":[2,4,6,8,12,18,21,27,31,35,41,46],"killed_by":"Shield and Spear","ascension_level":14}}