{"host":"87fdiiwflhrwsj8a","time":1608320046,"event":{"mods":["Aspiration","BaseMod","Better Match","Better Third Choice","BetterRewards","Colored Map","Downfall","GifTheSpireLib","Infinite Spire","Minty Spire (QoL Compilation)","Relic Sorter","Replay The Spire","Robot Space Explorer","StSLib","Stuff the Spire","The Cursed"],"gold_per_floor":[117,117,117,117,133,133,166,182,250,250,93,122,140,181,181,293,293,315,341,362,362,385,427,443,443,443],"floor_reached":25,"playtime":735,"items_purged":[],"score":362,"play_id":"06991044-c246-4e55-9a0e-432a3b1a6b40","local_time":"20201218143406","is_ascension_mode":true,"campfire_choices":[{"data":"TheCursedMod:DoubleShield","floor":6.0,"key":"SMITH"},{"data":"TheCursedMod:Hemoplague","floor":10.0,"key":"SMITH"},{"data":"TheCursedMod:RavingStaff","floor":15.0,"key":"SMITH"}],"circlet_count":0,"master_deck":["TheCursedMod:Strike_TheCursed","TheCursedMod:Strike_TheCursed","TheCursedMod:Strike_TheCursed","TheCursedMod:Strike_TheCursed","TheCursedMod:Defend_TheCursed","TheCursedMod:Defend_TheCursed","TheCursedMod:Defend_TheCursed","TheCursedMod:Defend_TheCursed","TheCursedMod:CursedWand","TheCursedMod:CleanUpWorkshop+1","TheCursedMod:Dregs","Regret","TheCursedMod:DoubleShield+1","TheCursedMod:CursedShiv","TheCursedMod:Hemoplague+1","TheCursedMod:RavingStaff+1","TheCursedMod:VitalStrike","TheCursedMod:CursedShiv","TheCursedMod:NeowsMight","TheCursedMod:Stigma+1","TheCursedMod:CursedShiv+1","TheCursedMod:SoulCrush","TheCursedMod:DemonSword","TheCursedMod:Grudge+1"],"relics":["TheCursedMod:BlackMagic101","NeowsBlessing","StuffTheSpire:RedRose","Replay:Bottled Snecko","aspiration:SeaSaltIceCream","TheCursedMod:BlackMagic101","Vajra","MealTicket","CeramicFish","Painkiller Herb","Toy Ornithopter"],"acts_visited":["Exordium","TheCity"],"potions_floor_usage":[16,16,23,25],"damage_taken":[{"damage":0.0,"enemies":"Small Slimes","floor":1.0,"turns":1.0},{"damage":0.0,"enemies":"2 Louse","floor":5.0,"turns":1.0},{"damage":0.0,"enemies":"Gremlin Nob","floor":7.0,"turns":1.0},{"damage":0.0,"enemies":"Jaw Worm","floor":8.0,"turns":3.0},{"damage":26.0,"enemies":"Lagavulin","floor":12.0,"turns":8.0},{"damage":4.0,"enemies":"Gremlin Gang","floor":13.0,"turns":5.0},{"damage":8.0,"enemies":"Gremlin Nob","floor":14.0,"turns":4.0},{"damage":15,"enemies":"Slime Boss","floor":16,"turns":7},{"damage":0,"enemies":"Spheric Guardian","floor":18,"turns":2},{"damage":4,"enemies":"Chosen","floor":19,"turns":3},{"damage":1,"enemies":"Sentry and Sphere","floor":20,"turns":3},{"damage":5,"enemies":"Cultist and Chosen","floor":22,"turns":4},{"damage":21,"enemies":"Book of Stabbing","floor":23,"turns":2},{"damage":15,"enemies":"Chosen and Byrds","floor":24,"turns":4},{"damage":27,"enemies":"Slavers","floor":25,"turns":2}],"seed_played":"7156421994701554451","potions_obtained":[{"floor":1.0,"key":"BlessingOfTheForge"},{"floor":5.0,"key":"Fire Potion"},{"floor":12.0,"key":"DistilledChaos"},{"floor":16,"key":"champ:CounterPotion"},{"floor":20,"key":"ColorlessPotion"},{"floor":23,"key":"Languid Potion"}],"is_trial":false,"path_per_floor":["M","?","$","?","M","R","E","M","T","R","$","E","M","E","R","B",null,"?","?","?","?","?","E","?","E"],"character_chosen":"THE_CURSED","items_purchased":["Vajra"],"campfire_rested":0,"item_purchase_floors":[11],"current_hp_per_floor":[68,68,68,68,68,68,68,68,68,68,68,42,38,30,30,15,60,60,56,55,55,50,29,14,0,0],"gold":443,"neow_bonus":"THREE_ENEMY_KILL","is_daily":false,"chose_seed":false,"campfire_upgraded":3,"win_rate":0.0,"timestamp":1608320046,"path_taken":["M","?","$","?","M","R","E","M","T","R","$","E","M","E","R","BOSS","?","?","?","?","?","E","?","E"],"items_purchased_type":["Relic"],"build_version":"2020-12-13","purchased_purges":0,"victory":false,"max_hp_per_floor":[75,75,75,75,75,75,75,75,75,75,75,75,75,75,75,75,75,75,75,75,75,75,75,75,75,75],"card_choices":[{"not_picked":["TheCursedMod:Wield","TheCursedMod:CircleOfFlame","TheCursedMod:CursedAmulet"],"picked":"SKIP","floor":1.0},{"not_picked":["TheCursedMod:AbyssShockwave","TheCursedMod:Obscuration"],"picked":"TheCursedMod:DoubleShield","floor":5.0},{"not_picked":["TheCursedMod:LuckyCharm","TheCursedMod:CircleOfFlame"],"picked":"TheCursedMod:CursedShiv","floor":7.0},{"not_picked":["TheCursedMod:Wield","TheCursedMod:EmpowerCircles"],"picked":"TheCursedMod:Hemoplague","floor":8.0},{"not_picked":["TheCursedMod:Torture","TheCursedMod:CircleOfFlame"],"picked":"TheCursedMod:RavingStaff","floor":12.0},{"not_picked":["TheCursedMod:RapidMovement","TheCursedMod:CursedBlade"],"picked":"TheCursedMod:VitalStrike","floor":13.0},{"not_picked":["TheCursedMod:TacticalStrike","TheCursedMod:CircleOfWindfury"],"picked":"TheCursedMod:CursedShiv","floor":14.0},{"not_picked":["TheCursedMod:VoidForm","TheCursedMod:ParallelWorld"],"picked":"TheCursedMod:NeowsMight","floor":16},{"not_picked":["TheCursedMod:CircleOfBlood+1","TheCursedMod:CircleOfFlame"],"picked":"TheCursedMod:Stigma+1","floor":18},{"not_picked":["TheCursedMod:RavingStaff","TheCursedMod:DoubleShield"],"picked":"TheCursedMod:CursedShiv+1","floor":19},{"not_picked":["TheCursedMod:Obscuration","TheCursedMod:WearCloak"],"picked":"TheCursedMod:SoulCrush","floor":20},{"not_picked":["TheCursedMod:Stigma","TheCursedMod:PrepareRite"],"picked":"TheCursedMod:DemonSword","floor":22},{"not_picked":["TheCursedMod:CircleOfCorruption+1","TheCursedMod:SpitefulPlan"],"picked":"TheCursedMod:Grudge+1","floor":23},{"not_picked":["TheCursedMod:SpitefulPlan","TheCursedMod:WearCloak","TheCursedMod:ReleasedStrength"],"picked":"SKIP","floor":24}],"player_experience":2575335,"relics_obtained":[{"floor":7.0,"key":"Replay:Bottled Snecko"},{"floor":9.0,"key":"aspiration:SeaSaltIceCream"},{"floor":12.0,"key":"MealTicket"},{"floor":14.0,"key":"CeramicFish"},{"floor":23,"key":"Toy Ornithopter"}],"event_choices":[{"damage_healed":0.0,"max_hp_gain":0.0,"max_hp_loss":0.0,"gold_gain":0.0,"event_name":"Living Wall","player_choice":"Grow","floor":4.0,"gold_loss":0.0,"damage_taken":0.0,"cards_upgraded":["TheCursedMod:CleanUpWorkshop"]}],"is_beta":false,"boss_relics":[{"not_picked":["Sozu","aspiration:WatcherSkillbook"],"picked":"Painkiller Herb"}],"items_purged_floors":[],"is_endless":false,"potions_floor_spawned":[1,5,12,13,16,20,23,24],"killed_by":"Slavers","ascension_level":7}}