{"host":"7cp3z5w0tcrrm8ys","time":1608301436,"event":{"mods":["AchievementEnabler","BaseMod","Colored Map","Colored Powertips","DeckTracker","Minty Spire (QoL Compilation)","StSLib","SuperFastMode"],"gold_per_floor":[111,125,125,145,165,165,186,230,230,195,231,281,281,302,302,302,302],"floor_reached":16,"playtime":355,"items_purged":[],"score":224,"play_id":"a1a8722a-7088-42f2-9f90-ef70922d8634","local_time":"20201218232356","is_ascension_mode":true,"campfire_choices":[{"data":"Inflame","floor":6,"key":"SMITH"},{"data":"Carnage","floor":13,"key":"SMITH"},{"data":"Bash","floor":15,"key":"SMITH"}],"circlet_count":0,"master_deck":["AscendersBane","Strike_R","Strike_R","Strike_R","Strike_R","Strike_R","Defend_R","Defend_R","Defend_R","Defend_R","Bash+1","Inflame+1","Thunderclap","Ghostly Armor","Flame Barrier","Carnage+1","True Grit+1"],"relics":["Burning Blood","Golden Idol","Toxic Egg 2","Bag of Preparation","Lantern"],"acts_visited":["Exordium"],"potions_floor_usage":[7,8,16],"damage_taken":[{"damage":18,"enemies":"Cultist","floor":1,"turns":5},{"damage":8,"enemies":"2 Louse","floor":2,"turns":3},{"damage":14,"enemies":"Jaw Worm","floor":4,"turns":4},{"damage":2,"enemies":"Looter","floor":5,"turns":4},{"damage":20,"enemies":"Lots of Slimes","floor":7,"turns":3},{"damage":30,"enemies":"3 Sentries","floor":8,"turns":6},{"damage":32,"enemies":"Gremlin Nob","floor":11,"turns":4},{"damage":1,"enemies":"Exordium Thugs","floor":14,"turns":5},{"damage":18,"enemies":"Slime Boss","floor":16,"turns":4}],"seed_played":"-4454843234731999599","potions_obtained":[{"floor":4,"key":"BlessingOfTheForge"},{"floor":7,"key":"ColorlessPotion"},{"floor":11,"key":"Fire Potion"}],"is_trial":false,"path_per_floor":["M","M","?","M","M","R","M","E","T","?","E","?","R","M","R","B"],"character_chosen":"IRONCLAD","items_purchased":[],"campfire_rested":0,"item_purchase_floors":[],"current_hp_per_floor":[63,61,61,53,57,57,43,19,19,37,11,11,11,16,16,0,0],"gold":302,"neow_bonus":"TEN_PERCENT_HP_BONUS","is_daily":false,"chose_seed":false,"campfire_upgraded":3,"win_rate":0.0,"timestamp":1608301436,"path_taken":["M","?","?","M","M","R","M","E","T","?","E","?","R","?","R","BOSS"],"items_purchased_type":[],"build_version":"2020-12-13","purchased_purges":0,"victory":false,"max_hp_per_floor":[82,82,74,74,74,74,74,74,74,74,74,74,74,74,74,74,74],"card_choices":[{"not_picked":["Armaments","Havoc"],"picked":"Inflame","floor":1},{"not_picked":["Burning Pact","True Grit"],"picked":"Thunderclap","floor":2},{"not_picked":["Headbutt","Feel No Pain"],"picked":"Ghostly Armor","floor":4},{"not_picked":["Clash","Sword Boomerang","Perfected Strike"],"picked":"SKIP","floor":5},{"not_picked":["Spot Weakness","Power Through"],"picked":"Flame Barrier","floor":7},{"not_picked":["Heavy Blade","Body Slam"],"picked":"Carnage","floor":8},{"not_picked":["Thunderclap","Dropkick","Rupture"],"picked":"SKIP","floor":11},{"not_picked":["Twin Strike","Sword Boomerang"],"picked":"True Grit+1","floor":14}],"player_experience":785832,"relics_obtained":[{"floor":8,"key":"Toxic Egg 2"},{"floor":9,"key":"Bag of Preparation"},{"floor":11,"key":"Lantern"}],"event_choices":[{"damage_healed":0,"gold_gain":0,"player_choice":"Lose Max HP","damage_taken":0,"relics_obtained":["Golden Idol"],"max_hp_gain":0,"max_hp_loss":8,"event_name":"Golden Idol","floor":3,"gold_loss":0},{"damage_healed":18,"gold_gain":0,"player_choice":"Healed","damage_taken":0,"max_hp_gain":0,"max_hp_loss":0,"event_name":"The Cleric","floor":10,"gold_loss":35},{"damage_healed":0,"gold_gain":50,"player_choice":"Pray","damage_taken":0,"max_hp_gain":0,"max_hp_loss":0,"event_name":"Golden Shrine","floor":12,"gold_loss":0}],"is_beta":false,"boss_relics":[],"items_purged_floors":[],"is_endless":false,"potions_floor_spawned":[4,7,11],"killed_by":"Slime Boss","ascension_level":20}}