{"host":"zekcc3vicrep0och","time":1608288189,"event":{"mods":["AchievementEnabler","BaseMod","Colored Map","Colored Powertips","Displayed Cursed Tome","Minty Spire (QoL Compilation)","Relic Stats","StSLib"],"gold_per_floor":[119,294,41,51,51,86,86,86,112,138,149,149,170,199,199,302,302,314,314,116,41,41,41,71,86,86,6,39,67,79,124,136,249,261,287,299,3,3,14,14,33,65,142,191,205,205,540,13,13,13],"floor_reached":51,"playtime":2709,"items_purged":["Doubt","Cloak And Dagger","Writhe","Survivor"],"score":1200,"play_id":"98359d85-348c-41ec-9b2d-441e3794d717","local_time":"20201218134308","is_ascension_mode":true,"campfire_choices":[{"data":"Neutralize","floor":8.0,"key":"SMITH"},{"data":"Dagger Spray","floor":12.0,"key":"SMITH"},{"data":"Footwork","floor":15.0,"key":"SMITH"},{"data":"Footwork","floor":23.0,"key":"SMITH"},{"floor":30.0,"key":"REST"},{"data":"Venomology","floor":32.0,"key":"SMITH"},{"data":"Leg Sweep","floor":40.0,"key":"SMITH"},{"data":"Bouncing Flask","floor":46,"key":"SMITH"},{"floor":49,"key":"REST"}],"circlet_count":0,"master_deck":["AscendersBane","Strike_G+1","Strike_G+1","Defend_G+1","Defend_G+1","Defend_G+1","Defend_G+1","Neutralize+1","Footwork+1","Dagger Spray+1","Bouncing Flask+1","Dash+1","Footwork+1","Poisoned Stab","Flying Knee","Venomology+1","Finisher+1","A Thousand Cuts+1","Bouncing Flask+1","Deadly Poison","Poisoned Stab","Backstab","Leg Sweep+1","Noxious Fumes+1","Footwork+1","Corpse Explosion","Backflip+1","Well Laid Plans+1","Backflip+1","Noxious Fumes+1","PiercingWail","Apotheosis"],"relics":["Ring of the Snake","NeowsBlessing","Nunchaku","Pantograph","PreservedInsect","Whetstone","Odd Mushroom","Snake Skull","Astrolabe","Mummified Hand","Frozen Egg 2","MawBank","HornCleat","Snecko Eye","Strange Spoon","Orichalcum","Sundial","Turnip","Old Coin","Pen Nib"],"acts_visited":["Exordium","TheCity","TheBeyond"],"potions_floor_usage":[45,47,50,50],"damage_taken":[{"damage":0.0,"enemies":"Jaw Worm","floor":1.0,"turns":1.0},{"damage":0.0,"enemies":"Small Slimes","floor":4.0,"turns":1.0},{"damage":0.0,"enemies":"Gremlin Nob","floor":6.0,"turns":1.0},{"damage":12.0,"enemies":"Lagavulin","floor":10.0,"turns":5.0},{"damage":0.0,"enemies":"Cultist","floor":11.0,"turns":3.0},{"damage":7.0,"enemies":"The Mushroom Lair","floor":13.0,"turns":5.0},{"damage":1.0,"enemies":"Gremlin Nob","floor":14.0,"turns":4.0},{"damage":16.0,"enemies":"The Guardian","floor":16.0,"turns":11.0},{"damage":6.0,"enemies":"Shell Parasite","floor":18.0,"turns":7.0},{"damage":28.0,"enemies":"Book of Stabbing","floor":24.0,"turns":5.0},{"damage":2.0,"enemies":"Chosen","floor":25.0,"turns":4.0},{"damage":13.0,"enemies":"Gremlin Leader","floor":28.0,"turns":5.0},{"damage":7.0,"enemies":"Centurion and Healer","floor":29.0,"turns":9.0},{"damage":4.0,"enemies":"Book of Stabbing","floor":31.0,"turns":6.0},{"damage":2.0,"enemies":"Automaton","floor":33.0,"turns":8.0},{"damage":0.0,"enemies":"Orb Walker","floor":35.0,"turns":2.0},{"damage":0.0,"enemies":"3 Shapes","floor":39.0,"turns":2.0},{"damage":0.0,"enemies":"Transient","floor":41.0,"turns":5.0},{"damage":10.0,"enemies":"Reptomancer","floor":42.0,"turns":5.0},{"damage":12.0,"enemies":"2 Orb Walkers","floor":44.0,"turns":2.0},{"damage":2,"enemies":"Jaw Worm Horde","floor":45,"turns":2},{"damage":11,"enemies":"Nemesis","floor":47,"turns":5},{"damage":2,"enemies":"Time Eater","floor":50,"turns":11}],"seed_played":"-8421811924867447132","potions_obtained":[{"floor":1.0,"key":"DuplicationPotion"},{"floor":11.0,"key":"Dexterity Potion"},{"floor":14.0,"key":"FearPotion"},{"floor":39.0,"key":"AttackPotion"},{"floor":44.0,"key":"Dexterity Potion"},{"floor":47,"key":"PowerPotion"}],"is_trial":false,"path_per_floor":["M","?","$","M","?","E","T","R","T","E","M","R","?","E","R","B",null,"M","?","$","?","?","R","E","M","T","$","E","M","R","E","R","B",null,"M","?","$","?","M","R","M","E","T","?","M","R","E","$","R","B",null],"character_chosen":"THE_SILENT","items_purchased":["Cloak And Dagger","Footwork","CunningPotion","Deadly Poison","Poisoned Stab","Noxious Fumes+1","Strange Spoon","Well Laid Plans+1","PiercingWail","Apotheosis","Pen Nib"],"campfire_rested":2,"item_purchase_floors":[3,3,3,20,20,27,37,37,48,48,48],"current_hp_per_floor":[63,63,63,63,56,56,56,56,56,44,44,44,37,36,36,45,64,58,58,58,58,58,58,30,28,28,28,15,8,29,25,25,48,65,65,70,70,70,70,70,70,60,60,48,46,46,35,35,56,68],"gold":13,"neow_bonus":"THREE_ENEMY_KILL","is_daily":false,"chose_seed":false,"campfire_upgraded":7,"win_rate":0.0,"timestamp":1608288188,"path_taken":["M","?","$","M","?","E","?","R","T","E","?","R","?","E","R","BOSS","M","?","$","?","?","R","E","?","T","?","E","M","R","E","R","BOSS","M","?","$","?","M","R","?","E","T","?","M","R","E","?","R","BOSS"],"items_purchased_type":["Card","Card","Potion","Card","Card","Card","Relic","Card","Card","Card","Relic"],"build_version":"2020-12-13","purchased_purges":4,"victory":true,"max_hp_per_floor":[70,70,70,70,70,70,70,70,70,70,70,70,70,70,70,70,70,70,70,70,70,70,70,70,70,70,70,70,70,70,70,70,70,70,70,70,70,70,70,70,70,70,70,70,70,70,70,70,70,70],"relic_stats":{"counters":[23,109],"Astrolabe":["Finisher","A Thousand Cuts","Bouncing Flask"],"PreservedInsect":297,"Snake Skull":[200],"Pen Nib":[1],"Whetstone":["Strike_G","Strike_G"],"Orichalcum":[18],"MawBank":108,"Strange Spoon":[3],"Nunchaku":[17],"Mummified Hand":[99],"Sundial":[2],"Pantograph":64,"Snecko Eye":[70,65,57,56],"Turnip":[0],"obtain_stats":[{"NeowsBlessing":0,"Astrolabe":17,"PreservedInsect":9,"Snake Skull":14,"Pen Nib":48,"Whetstone":10,"Odd Mushroom":13,"Frozen Egg 2":26,"Orichalcum":42,"MawBank":28,"Old Coin":47,"Strange Spoon":37,"Nunchaku":6,"HornCleat":31,"Mummified Hand":24,"Sundial":43,"Pantograph":7,"Snecko Eye":34,"Turnip":44,"Ring of the Snake":0},{"NeowsBlessing":0,"Astrolabe":8,"PreservedInsect":3,"Snake Skull":7,"Pen Nib":22,"Whetstone":4,"Odd Mushroom":6,"Frozen Egg 2":11,"Orichalcum":19,"MawBank":12,"Old Coin":22,"Strange Spoon":16,"Nunchaku":3,"HornCleat":14,"Mummified Hand":10,"Sundial":19,"Pantograph":3,"Snecko Eye":15,"Turnip":20,"Ring of the Snake":0},{"NeowsBlessing":0,"Astrolabe":31,"PreservedInsect":3,"Snake Skull":20,"Pen Nib":98,"Whetstone":8,"Odd Mushroom":16,"Frozen Egg 2":47,"Orichalcum":89,"MawBank":52,"Old Coin":98,"Strange Spoon":77,"Nunchaku":3,"HornCleat":67,"Mummified Hand":43,"Sundial":89,"Pantograph":3,"Snecko Eye":75,"Turnip":91,"Ring of the Snake":0}],"Ring of the Snake":[46]},"card_choices":[{"not_picked":["Skewer","Terror"],"picked":"Cloak And Dagger","floor":1.0},{"not_picked":["Noxious Fumes","Dagger Throw"],"picked":"Dagger Spray","floor":4.0},{"not_picked":["Skewer","Dodge and Roll"],"picked":"Bouncing Flask","floor":6.0},{"not_picked":["Endless Agony","Noxious Fumes"],"picked":"Dash","floor":10.0},{"not_picked":["Acrobatics","Poisoned Stab"],"picked":"Footwork","floor":11.0},{"not_picked":["Deflect","All Out Attack"],"picked":"Poisoned Stab","floor":13.0},{"not_picked":["Prepared","Dodge and Roll"],"picked":"Flying Knee","floor":14.0},{"not_picked":["Grand Finale","Tools of the Trade"],"picked":"Venomology","floor":16.0},{"not_picked":["Bouncing Flask+1","Eviscerate","Footwork"],"picked":"SKIP","floor":18.0},{"not_picked":["Dodge and Roll","Underhanded Strike"],"picked":"Backstab","floor":24.0},{"not_picked":["Caltrops","Underhanded Strike"],"picked":"Leg Sweep","floor":25.0},{"not_picked":["Quick Slash","Setup","Outmaneuver"],"picked":"SKIP","floor":28.0},{"not_picked":["Eviscerate+1","Leg Sweep+1"],"picked":"Footwork+1","floor":29.0},{"not_picked":["Well Laid Plans+1","Night Terror","Underhanded Strike"],"picked":"SKIP","floor":31.0},{"not_picked":["Unload","Venomology"],"picked":"Corpse Explosion","floor":33.0},{"not_picked":["Dagger Spray","Concentrate+1"],"picked":"Backflip+1","floor":35.0},{"not_picked":["Bane","Blade Dance"],"picked":"Backflip+1","floor":39.0},{"not_picked":["Deadly Poison+1","Dash+1"],"picked":"Noxious Fumes+1","floor":41.0},{"not_picked":["Acrobatics","Night Terror","All Out Attack+1"],"picked":"SKIP","floor":42.0},{"not_picked":["Dagger Spray+1","Concentrate","Slice+1"],"picked":"SKIP","floor":45},{"not_picked":["Backstab","Quick Slash+1","Dagger Spray+1"],"picked":"SKIP","floor":47}],"player_experience":435498,"relics_obtained":[{"floor":6.0,"key":"Nunchaku"},{"floor":7.0,"key":"Pantograph"},{"floor":9.0,"key":"PreservedInsect"},{"floor":10.0,"key":"Whetstone"},{"floor":13.0,"key":"Odd Mushroom"},{"floor":14.0,"key":"Snake Skull"},{"floor":24.0,"key":"Mummified Hand"},{"floor":26.0,"key":"Frozen Egg 2"},{"floor":28.0,"key":"MawBank"},{"floor":31.0,"key":"HornCleat"},{"floor":42.0,"key":"Orichalcum"},{"floor":43.0,"key":"Sundial"},{"floor":44.0,"key":"Turnip"},{"floor":47,"key":"Old Coin"}],"event_choices":[{"damage_healed":0.0,"max_hp_gain":0.0,"max_hp_loss":0.0,"gold_gain":175.0,"event_name":"Liars Game","player_choice":"AGREE","floor":2.0,"gold_loss":0.0,"damage_taken":0.0,"cards_obtained":["Doubt"]},{"cards_removed":["Strike_G"],"damage_healed":0.0,"max_hp_gain":0.0,"max_hp_loss":0.0,"gold_gain":0.0,"event_name":"Golden Wing","player_choice":"Card Removal","floor":5.0,"gold_loss":0.0,"damage_taken":7.0},{"damage_healed":0.0,"max_hp_gain":0.0,"max_hp_loss":0.0,"gold_gain":0.0,"event_name":"Mushrooms","player_choice":"Fought Mushrooms","floor":13.0,"gold_loss":0.0,"damage_taken":0.0},{"damage_healed":0.0,"max_hp_gain":0.0,"max_hp_loss":0.0,"gold_gain":0.0,"event_name":"Back to Basics","player_choice":"Simplicity","floor":19.0,"gold_loss":0.0,"damage_taken":0.0,"cards_upgraded":["Defend_G","Defend_G","Defend_G","Defend_G"]},{"cards_removed":["Cloak And Dagger"],"damage_healed":0.0,"max_hp_gain":0.0,"max_hp_loss":0.0,"gold_gain":0.0,"event_name":"Beggar","player_choice":"Gave Gold","floor":21.0,"gold_loss":75.0,"damage_taken":0.0},{"damage_healed":0.0,"max_hp_gain":0.0,"max_hp_loss":0.0,"gold_gain":0.0,"event_name":"Ghosts","player_choice":"Ignored","floor":22.0,"gold_loss":0.0,"damage_taken":0.0},{"damage_healed":18.0,"max_hp_gain":0.0,"max_hp_loss":0.0,"gold_gain":0.0,"event_name":"Winding Halls","player_choice":"Writhe","floor":36.0,"gold_loss":0.0,"damage_taken":0.0,"cards_obtained":["Writhe"]},{"damage_healed":0.0,"max_hp_gain":0.0,"max_hp_loss":0.0,"gold_gain":0.0,"event_name":"Accursed Blacksmith","player_choice":"Forge","floor":38.0,"gold_loss":0.0,"damage_taken":0.0,"cards_upgraded":["Dash"]},{"damage_healed":0.0,"max_hp_gain":0.0,"max_hp_loss":0.0,"gold_gain":0.0,"event_name":"Mysterious Sphere","player_choice":"Fight","floor":44.0,"gold_loss":0.0,"damage_taken":0.0}],"is_beta":false,"boss_relics":[{"not_picked":["Calling Bell","Tiny House"],"picked":"Astrolabe"},{"not_picked":["Pandora\u0027s Box","HoveringKite"],"picked":"Snecko Eye"}],"items_purged_floors":[3,20,37,48],"is_endless":false,"potions_floor_spawned":[1,11,14,18,28,31,39,44,45,47],"ascension_level":10}}