{"host":"970o1nclt6rqqnly","time":1608317029,"event":{"mods":["AchievementEnabler","Aspiration","Bard","BaseMod","Beaked The Cultist","Better Altar","Better Match","Better Note","Better Sensory Stone","Better Skull","Better Third Choice","BetterRewards","CCEM","Clawfect","Colored Map","Conspire","Downfall","Duelist Mod","GifTheSpireLib","Halation","Hermit","Highlight Path","Hubris","Hunter ??","Infinite Spire","Mad Scientist","Mimic Mod","Minty Spire (QoL Compilation)","Permanent Neow","Replay The Spire","Shade Mod","Shop Mod","Spicy Shops","StSLib","Stuff the Spire","The Bug Knight","The Construct","The Cursed","The Disciple","The Gatherer","The Hierophant","The IronCluck","The Jungle","The Necromancer","The Problem Sleuth","The Runesmith","The Spell Scribe","The Witch","Unceasing Turn Reminder","everything is the same but u backflip on backflip","slay the spire mod where everything is the same but ironclad has a cowboy hat"],"gold_per_floor":[112,81,81,97,114,114,145,162,186,186,202,235,245,245,245,341,341,359,359,359,372,140,140,167,167,202,231,231,248,267,34,34,137,137,152,172,188,33,33,62,62,79,106,125,125,152,178,197,197,197],"floor_reached":51,"playtime":13289,"items_purged":[],"score":707,"play_id":"2cc474c2-e454-4f13-967b-2ad209aa6b0d","local_time":"20201218164349","is_ascension_mode":false,"campfire_choices":[{"data":"Flex","floor":6,"key":"SMITH"},{"floor":10,"key":"REST"},{"floor":15,"key":"REST"},{"data":"Double Tap","floor":23,"key":"SMITH"},{"data":"Bash","floor":25,"key":"SMITH"},{"floor":32,"key":"DIG"},{"data":"Inflame","floor":41,"key":"SMITH"},{"floor":45,"key":"REST"},{"floor":49,"key":"REST"}],"circlet_count":0,"master_deck":["Strike_R","Strike_R","Strike_R","Defend_R","Defend_R","Defend_R+1","Defend_R","Bash+1","StuffTheSpire:Incineration","Flex+1","Dropkick","Intimidate","ReplayTheSpireMod:Limb From Limb+1","Double Tap+1","Anger","conspire:Charge+1","Life Link","Dropkick","Headbutt+1","Inflame+1","Rage+1"],"relics":["Burning Blood","betterThird:SlimedRelic","infinitespire:BottledMercury","Centennial Puzzle","Snack Pack","Busted Crown","MerchantsRug","aspiration:Lifesprig","CCEMRelics:Barrel","CCEMRelics:FryingPan","Gremlin Food","Nunchaku","DollysMirror","StuffTheSpire:SapphireSignet","conspire:SlowCooker","CCEMRelics:SpiritsEdge","Pocketwatch","halation:LettersToHer","aspiration:HiddenCompartment","Replay:Bottled Steam"],"acts_visited":["Exordium","TheCity","TheBeyond"],"potions_floor_usage":[7,12,26,33,37,37,44,46,48,50],"damage_taken":[{"damage":5,"enemies":"Jaw Worm","floor":1,"turns":4},{"damage":0,"enemies":"2 Louse","floor":4,"turns":3},{"damage":6,"enemies":"Cultist","floor":5,"turns":3},{"damage":48,"enemies":"3 Sentries","floor":7,"turns":9},{"damage":0,"enemies":"Large Slime","floor":8,"turns":4},{"damage":10,"enemies":"3 Louse","floor":11,"turns":3},{"damage":24,"enemies":"Gremlin Nob","floor":12,"turns":4},{"damage":7,"enemies":"2 Fungi Beasts","floor":13,"turns":4},{"damage":41,"enemies":"The Guardian","floor":16,"turns":9},{"damage":31,"enemies":"conspire:FuzzyDice","floor":18,"turns":6},{"damage":5,"enemies":"Cultist and Chosen","floor":21,"turns":6},{"damage":9,"enemies":"theDuelist:KaibaA2","floor":24,"turns":3},{"damage":8,"enemies":"Chosen and Byrds","floor":26,"turns":4},{"damage":32,"enemies":"Replay:Snechameleon","floor":27,"turns":5},{"damage":29,"enemies":"Chosen and Byrds","floor":29,"turns":4},{"damage":2,"enemies":"Shelled Parasite and Fungi","floor":30,"turns":2},{"damage":6,"enemies":"Champ","floor":33,"turns":5},{"damage":10,"enemies":"Orb Walker","floor":35,"turns":2},{"damage":32,"enemies":"3 Shapes","floor":36,"turns":4},{"damage":13,"enemies":"Transient","floor":37,"turns":5},{"damage":17,"enemies":"Nemesis","floor":40,"turns":3},{"damage":27,"enemies":"3 Darklings","floor":42,"turns":8},{"damage":29,"enemies":"4 Shapes","floor":44,"turns":5},{"damage":22,"enemies":"conspire:MimicChest","floor":46,"turns":4},{"damage":6,"enemies":"R_Hoarder","floor":47,"turns":4},{"damage":51,"enemies":"Sphere and 2 Shapes","floor":48,"turns":4},{"damage":57,"enemies":"infinitespire:MassOfShapes","floor":50,"turns":6}],"seed_played":"3410829604700374219","potions_obtained":[{"floor":1,"key":"champ:CounterPotion"},{"floor":4,"key":"ColorlessPotion"},{"floor":12,"key":"Venom Potion"},{"floor":13,"key":"SmokeBomb"},{"floor":16,"key":"SpeedPotion"},{"floor":18,"key":"Languid Potion"},{"floor":24,"key":"SkillPotion"},{"floor":29,"key":"Block Potion"},{"floor":33,"key":"Venom Potion"},{"floor":42,"key":"DistilledChaos"},{"floor":44,"key":"Fire Potion"},{"floor":47,"key":"SkillPotion"},{"floor":48,"key":"Energy Potion"}],"is_trial":false,"path_per_floor":["M","?","?","M","M","R","E","M","T","R","M","E","M","?","R","B",null,"M","?","AVR","M","$","R","E","R","MIM","E","?","M","M","$","R_BF","B",null,"M","M","M","$","?","E","R","M","T","M","R","?","E","M","R","B",null],"character_chosen":"IRONCLAD","items_purchased":["MerchantsRug","aspiration:Lifesprig","Nunchaku","DollysMirror","Inflame","CCEMRelics:SpiritsEdge"],"campfire_rested":4,"item_purchase_floors":[22,22,31,31,38,38],"current_hp_per_floor":[80,69,69,75,75,75,33,39,39,63,59,41,42,30,54,25,80,61,61,61,66,66,66,69,69,71,51,51,32,40,40,40,62,80,78,56,59,59,59,64,64,49,49,28,52,40,80,41,65,28],"gold":197,"neow_bonus":"","is_daily":false,"chose_seed":false,"campfire_upgraded":4,"win_rate":0.0,"timestamp":1608317029,"path_taken":["M","?","?","?","M","R","E","M","T","R","M","E","M","?","R","BOSS","M","?","AVR","M","$","R","E","R","MIM","E","?","M","M","?","R_BF","BOSS","M","M","M","$","?","E","R","M","T","M","R","?","E","M","R","BOSS"],"items_purchased_type":["Relic","Relic","Relic","Relic","Card","Relic"],"build_version":"2020-12-13","purchased_purges":0,"victory":true,"max_hp_per_floor":[80,80,80,80,80,80,80,80,80,80,80,80,80,80,80,80,80,80,80,80,80,80,80,80,80,80,80,80,80,80,80,80,80,80,80,80,80,80,80,80,80,80,80,80,80,80,80,80,80,80],"card_choices":[{"not_picked":["Anger","Pommel Strike"],"picked":"StuffTheSpire:Incineration","floor":1},{"not_picked":["Bloodletting","ReplayTheSpireMod:Strike From Hell"],"picked":"Flex","floor":4},{"not_picked":["Metallicize","Second Wind"],"picked":"Dropkick","floor":5},{"not_picked":["Rupture","StuffTheSpire:Slingshot","StuffTheSpire:Incineration"],"picked":"SKIP","floor":7},{"not_picked":["Cleave","ReplayTheSpireMod:Stacked"],"picked":"Intimidate","floor":8},{"not_picked":["Body Slam","Hemokinesis"],"picked":"ReplayTheSpireMod:Limb From Limb","floor":11},{"not_picked":["StuffTheSpire:Resist","Impervious","Intimidate"],"picked":"SKIP","floor":12},{"not_picked":["StuffTheSpire:Slingshot","Body Slam","Searing Blow"],"picked":"SKIP","floor":13},{"not_picked":["Barricade","StuffTheSpire:TitanForm"],"picked":"Double Tap","floor":16},{"not_picked":["Clothesline"],"picked":"SKIP","floor":18},{"not_picked":[],"picked":"Anger","floor":21},{"not_picked":["Shockwave"],"picked":"SKIP","floor":24},{"not_picked":[],"picked":"conspire:Charge","floor":26},{"not_picked":["ReplayTheSpireMod:Strike From Hell+1"],"picked":"SKIP","floor":27},{"not_picked":["Clash"],"picked":"SKIP","floor":29},{"not_picked":[],"picked":"Life Link","floor":30},{"not_picked":["ReplayTheSpireMod:Strike From Hell+1"],"picked":"SKIP","floor":35},{"not_picked":[],"picked":"Headbutt+1","floor":36},{"not_picked":["Armaments"],"picked":"SKIP","floor":37},{"not_picked":[],"picked":"Rage","floor":40},{"not_picked":["Twin Strike"],"picked":"SKIP","floor":42},{"not_picked":["ReplayTheSpireMod:Limb From Limb+1"],"picked":"SKIP","floor":44},{"not_picked":["Flame Barrier+1"],"picked":"SKIP","floor":47},{"not_picked":["Iron Wave"],"picked":"SKIP","floor":48}],"player_experience":0,"relics_obtained":[{"floor":7,"key":"infinitespire:BottledMercury"},{"floor":9,"key":"Centennial Puzzle"},{"floor":12,"key":"Snack Pack"},{"floor":24,"key":"CCEMRelics:Barrel"},{"floor":26,"key":"CCEMRelics:FryingPan"},{"floor":27,"key":"Gremlin Food"},{"floor":32,"key":"StuffTheSpire:SapphireSignet"},{"floor":40,"key":"Pocketwatch"},{"floor":43,"key":"halation:LettersToHer"},{"floor":46,"key":"aspiration:HiddenCompartment"},{"floor":47,"key":"Replay:Bottled Steam"}],"event_choices":[{"damage_healed":0,"gold_gain":0,"player_choice":"Slimed","damage_taken":11,"max_hp_gain":0,"max_hp_loss":0,"event_name":"betterThird:BetterGoop","floor":2,"gold_loss":31},{"cards_removed":["Strike_R"],"damage_healed":0,"gold_gain":0,"player_choice":"Purged","damage_taken":0,"max_hp_gain":0,"max_hp_loss":0,"event_name":"Purifier","floor":3,"gold_loss":0},{"damage_healed":0,"gold_gain":0,"player_choice":"Relic ","damage_taken":12,"max_hp_gain":0,"max_hp_loss":0,"event_name":"betterThird:BetterScrap","floor":14,"gold_loss":0,"cards_obtained":["SandsOfTime"]},{"cards_removed":["Strike_R"],"damage_healed":0,"gold_gain":0,"player_choice":"Offered Basic","damage_taken":0,"max_hp_gain":0,"max_hp_loss":0,"event_name":"Bonfire Elementals","floor":19,"gold_loss":0},{"damage_healed":0,"gold_gain":0,"player_choice":"Upgraded","damage_taken":0,"max_hp_gain":0,"max_hp_loss":0,"event_name":"Upgrade Shrine","floor":28,"gold_loss":0,"cards_upgraded":["conspire:Charge"]}],"is_beta":false,"boss_relics":[{"not_picked":["hubris:TerracottaHorce","aspiration:RitualDagger"],"picked":"Busted Crown"},{"not_picked":["halation:Risk","Honey Jar"],"picked":"conspire:SlowCooker"}],"items_purged_floors":[],"is_endless":false,"potions_floor_spawned":[1,4,12,13,16,18,24,29,33,42,44,47,48],"ascension_level":0}}