{"host":"r6jigiblrojhp6xe","time":1608261551,"event":{"mods":["AchievementEnabler","BaseMod","DeckTracker","Minty Spire (QoL Compilation)","Quick Restart","Rare Cards Sparkle","Relic Stats","StSLib","SuperFastMode","everything is the same but u backflip on backflip"],"gold_per_floor":[109,109,123,138,63,93,18,18,41,91,91,110,110,128,128,202,202,216,9,28,39,58,58,75,75,75],"floor_reached":25,"playtime":608,"items_purged":["Strike_B"],"score":410,"play_id":"a00b347e-d7a0-42a9-a158-c51340418885","local_time":"20201218121911","is_ascension_mode":true,"campfire_choices":[{"data":"Sunder","floor":8.0,"key":"SMITH"},{"data":"Go for the Eyes","floor":11.0,"key":"SMITH"},{"data":"Redo","floor":13.0,"key":"SMITH"},{"data":"Zap","floor":15.0,"key":"SMITH"},{"floor":23,"key":"REST"}],"circlet_count":0,"master_deck":["AscendersBane","Defend_B","Defend_B","Defend_B","Zap+1","Dualcast","Go for the Eyes+1","Sunder+1","Redo+1","Ball Lightning","Coolheaded","Ball Lightning","Echo Form","Turbo+1","Capacitor+1","Reboot+1","Defragment","BootSequence","Hologram","Biased Cognition"],"relics":["Cracked Core","NeowsBlessing","FaceOfCleric","Akabeko","Nunchaku","Astrolabe","Membership Card"],"acts_visited":["Exordium","TheCity"],"potions_floor_usage":[20],"damage_taken":[{"damage":0.0,"enemies":"Small Slimes","floor":1.0,"turns":1.0},{"damage":0.0,"enemies":"Cultist","floor":3.0,"turns":1.0},{"damage":0.0,"enemies":"Jaw Worm","floor":4.0,"turns":1.0},{"damage":15.0,"enemies":"Lagavulin","floor":6.0,"turns":7.0},{"damage":1.0,"enemies":"3 Louse","floor":12.0,"turns":2.0},{"damage":4.0,"enemies":"Red Slaver","floor":14.0,"turns":3.0},{"damage":26.0,"enemies":"Hexaghost","floor":16.0,"turns":8.0},{"damage":8.0,"enemies":"3 Byrds","floor":18.0,"turns":3.0},{"damage":19,"enemies":"2 Thieves","floor":20,"turns":3},{"damage":9,"enemies":"Cultist and Chosen","floor":21,"turns":6},{"damage":27,"enemies":"3 Cultists","floor":22,"turns":5},{"damage":4,"enemies":"Centurion and Healer","floor":24,"turns":7},{"damage":28,"enemies":"Snake Plant","floor":25,"turns":3}],"seed_played":"286937402846467318","potions_obtained":[{"floor":4.0,"key":"PotionOfCapacity"},{"floor":6.0,"key":"Swift Potion"},{"floor":16.0,"key":"Weak Potion"},{"floor":20,"key":"DuplicationPotion"}],"is_trial":false,"path_per_floor":["M","?","M","M","?","E","$","R","T","?","R","M","R","M","R","B",null,"M","$","M","M","M","R","M","M"],"character_chosen":"DEFECT","items_purchased":["Membership Card","Defragment"],"campfire_rested":1,"item_purchase_floors":[19,19],"current_hp_per_floor":[64,64,65,66,66,52,52,52,52,52,52,52,52,49,49,24,64,57,57,39,31,5,29,26,0,0],"gold":75,"neow_bonus":"THREE_ENEMY_KILL","is_daily":false,"chose_seed":false,"campfire_upgraded":4,"win_rate":0.0,"timestamp":1608261551,"path_taken":["M","?","M","?","?","E","$","R","T","?","R","?","R","M","R","BOSS","M","$","M","M","M","R","M","M"],"items_purchased_type":["Relic","Card"],"build_version":"2020-12-13","purchased_purges":1,"victory":false,"max_hp_per_floor":[71,71,72,73,73,74,74,74,74,74,74,75,75,76,76,77,77,78,78,79,80,81,81,82,82,82],"relic_stats":{"Nunchaku":[5],"FaceOfCleric":11,"counters":[13,50],"Astrolabe":["Turbo","Capacitor","Reboot"],"obtain_stats":[{"Nunchaku":9,"NeowsBlessing":0,"FaceOfCleric":2,"Astrolabe":17,"Membership Card":19,"Cracked Core":0,"Akabeko":6},{"Nunchaku":4,"NeowsBlessing":0,"FaceOfCleric":1,"Astrolabe":7,"Membership Card":8,"Cracked Core":0,"Akabeko":4},{"Nunchaku":10,"NeowsBlessing":0,"FaceOfCleric":1,"Astrolabe":23,"Membership Card":26,"Cracked Core":0,"Akabeko":10}]},"card_choices":[{"not_picked":["Compile Driver","Blizzard"],"picked":"Go for the Eyes","floor":1.0},{"not_picked":["FTL","Turbo"],"picked":"Sunder","floor":3.0},{"not_picked":["Force Field","Scrape"],"picked":"Redo","floor":4.0},{"not_picked":["Lockon","Force Field"],"picked":"Ball Lightning","floor":6.0},{"not_picked":["Hello World","Machine Learning"],"picked":"Coolheaded","floor":12.0},{"not_picked":["Leap","Gash"],"picked":"Ball Lightning","floor":14.0},{"not_picked":["All For One","Rainbow"],"picked":"Echo Form","floor":16.0},{"not_picked":["Lockon","Conserve Battery","Skim"],"picked":"SKIP","floor":18.0},{"not_picked":["Lockon","Stack"],"picked":"BootSequence","floor":20},{"not_picked":["Barrage","Ball Lightning+1","Steam"],"picked":"SKIP","floor":21},{"not_picked":["Heatsinks","Static Discharge"],"picked":"Hologram","floor":22},{"not_picked":["Darkness","Hello World"],"picked":"Biased Cognition","floor":24}],"player_experience":499197,"relics_obtained":[{"floor":6.0,"key":"Akabeko"},{"floor":9.0,"key":"Nunchaku"}],"event_choices":[{"damage_healed":0.0,"max_hp_gain":0.0,"max_hp_loss":0.0,"gold_gain":0.0,"event_name":"FaceTrader","player_choice":"Trade","floor":2.0,"gold_loss":0.0,"damage_taken":0.0,"relics_obtained":["FaceOfCleric"]},{"cards_removed":["Strike_B"],"damage_healed":0.0,"max_hp_gain":0.0,"max_hp_loss":0.0,"gold_gain":0.0,"event_name":"The Cleric","player_choice":"Card Removal","floor":5.0,"gold_loss":75.0,"damage_taken":0.0},{"damage_healed":0.0,"max_hp_gain":0.0,"max_hp_loss":0.0,"gold_gain":50.0,"event_name":"Golden Shrine","player_choice":"Pray","floor":10.0,"gold_loss":0.0,"damage_taken":0.0}],"is_beta":false,"boss_relics":[{"not_picked":["Sozu","Ectoplasm"],"picked":"Astrolabe"}],"items_purged_floors":[7],"is_endless":false,"potions_floor_spawned":[4,6,16,18,20,22,24],"killed_by":"Snake Plant","ascension_level":20}}