{"host":"6he3f0ic6yesrium","time":1608251847,"event":{"mods":["BaseMod","Better Altar","Better Match","Better Note","Better Sensory Stone","Better Skull","Better Third Choice","Colored Map","Conspire","Hermit","Hubris","Marisa????????","Mimic Mod","Minty Spire (QoL Compilation)","Replay The Spire","Shade Mod","StSLib","The Alterego","The Runesmith"],"gold_per_floor":[100,120,45,45,45,71,82,116,116,116,128,147,147,164,164,266,266,283,9,9,19,19,47,47,79,79,28,28,28,28,28],"floor_reached":30,"playtime":1122,"items_purged":[],"score":316,"play_id":"ab4f1ae6-dc85-4013-9f5f-8c6291325de7","local_time":"20201217193727","is_ascension_mode":true,"campfire_choices":[{"floor":13.0,"key":"REST"},{"floor":15.0,"key":"REST"},{"floor":24,"key":"REST"},{"floor":28,"key":"REST"}],"circlet_count":0,"master_deck":["alterego_mod:Strike","alterego_mod:Strike","alterego_mod:Strike","alterego_mod:Strike+1","alterego_mod:Defend","alterego_mod:Defend","alterego_mod:Defend","alterego_mod:Defend+1","alterego_mod:Impale+1","alterego_mod:BigMeatyClaws","alterego_mod:TrashNCrash","alterego_mod:MaintainEyeContact","alterego_mod:Exercise+1","alterego_mod:Clones","alterego_mod:Bunnysuit","alterego_mod:Lingerie","alterego_mod:STier+1","Pot Of Greed","Pot Of Greed","alterego_mod:Punishment+1","alterego_mod:Bounce","alterego_mod:BusterCard"],"relics":["alterego_mod:MasochisticConstitution","NeowsBlessing","hubris:Towel","Bag of Preparation","Whetstone","StoneCalendar","hubris:ScarierMask","Replay:Wax Seal","Grinning Jar","Replay:Rubber Ducky","hubris:64BitClover","Mummified Hand"],"acts_visited":["Exordium","TheCity"],"potions_floor_usage":[23,23,30],"damage_taken":[{"damage":0.0,"enemies":"Cultist","floor":1.0,"turns":1.0},{"damage":0.0,"enemies":"Jaw Worm","floor":2.0,"turns":1.0},{"damage":0.0,"enemies":"3 Sentries","floor":6.0,"turns":1.0},{"damage":3.0,"enemies":"2 Louse","floor":7.0,"turns":3.0},{"damage":16.0,"enemies":"Gremlin Nob","floor":8.0,"turns":3.0},{"damage":15.0,"enemies":"Exordium Wildlife","floor":11.0,"turns":2.0},{"damage":30.0,"enemies":"Lots of Slimes","floor":12.0,"turns":4.0},{"damage":5.0,"enemies":"3 Louse","floor":14.0,"turns":2.0},{"damage":37.0,"enemies":"Slime Boss","floor":16.0,"turns":6.0},{"damage":16.0,"enemies":"Chosen","floor":18.0,"turns":5.0},{"damage":0.0,"enemies":"2 Thieves","floor":21.0,"turns":2.0},{"damage":28,"enemies":"Slavers","floor":23,"turns":3},{"damage":19,"enemies":"conspire:Head Lice","floor":25,"turns":6},{"damage":65,"enemies":"Snake Plant","floor":30,"turns":4}],"seed_played":"-6255735555105546928","potions_obtained":[{"floor":6.0,"key":"AttackPotion"},{"floor":8.0,"key":"Explosive Potion"},{"floor":11.0,"key":"Swift Potion"},{"floor":12.0,"key":"Strength Potion"},{"floor":16.0,"key":"LiquidBronze"},{"floor":18.0,"key":"BlessingOfTheForge"}],"is_trial":false,"path_per_floor":["M","M","$","?","?","E","M","E","T","?","M","M","R","M","R","B",null,"M","$","?","M","$","E","R","E","T","$","R","?","M"],"character_chosen":"The_Alterego","items_purchased":["alterego_mod:MaintainEyeContact","Replay:Wax Seal","Grinning Jar","DuplicationPotion","BlessingOfTheForge"],"campfire_rested":4,"item_purchase_floors":[3,19,19,19,27],"current_hp_per_floor":[70,70,70,70,70,70,68,53,53,53,39,10,32,28,50,14,76,61,61,61,61,61,34,57,39,39,39,62,62,0,0],"gold":28,"neow_bonus":"THREE_ENEMY_KILL","is_daily":false,"chose_seed":false,"campfire_upgraded":0,"win_rate":0.0,"timestamp":1608251847,"path_taken":["M","M","$","?","?","E","M","E","T","?","?","?","R","M","R","BOSS","M","$","?","M","$","E","R","E","T","?","R","?","M"],"items_purchased_type":["Card","Relic","Relic","Potion","Potion"],"build_version":"2020-12-13","purchased_purges":0,"victory":false,"max_hp_per_floor":[70,70,70,70,70,70,71,72,72,72,73,74,74,75,75,76,76,77,77,77,77,77,78,78,79,79,79,79,79,79,79],"card_choices":[{"not_picked":["alterego_mod:Pet","alterego_mod:Complex"],"picked":"alterego_mod:TrashNCrash","floor":1.0},{"not_picked":["alterego_mod:BoobPocket","alterego_mod:MagicResistance","alterego_mod:Jiggle"],"picked":"SKIP","floor":2.0},{"not_picked":["alterego_mod:DeftHands","alterego_mod:Cycle"],"picked":"alterego_mod:Exercise","floor":6.0},{"not_picked":["alterego_mod:Complex","alterego_mod:Schoolgirl"],"picked":"alterego_mod:Clones","floor":7.0},{"not_picked":["alterego_mod:GoddessCore","alterego_mod:Schoolgirl"],"picked":"alterego_mod:Bunnysuit","floor":8.0},{"not_picked":["alterego_mod:BoobPocket","alterego_mod:Pet","alterego_mod:Bloomers"],"picked":"SKIP","floor":11.0},{"not_picked":["alterego_mod:Complex","alterego_mod:Jiggle"],"picked":"alterego_mod:Lingerie","floor":12.0},{"not_picked":["alterego_mod:Schoolgirl","alterego_mod:TrashNCrash","alterego_mod:Complex"],"picked":"SKIP","floor":14.0},{"not_picked":["alterego_mod:TrickOrTreatment","alterego_mod:Rake"],"picked":"alterego_mod:STier","floor":16.0},{"not_picked":["alterego_mod:Undulate","alterego_mod:BeGentle","alterego_mod:Cycle"],"picked":"SKIP","floor":18.0},{"not_picked":["alterego_mod:SakuraPetals","alterego_mod:1TonWallop"],"picked":"alterego_mod:Punishment+1","floor":21.0},{"not_picked":["alterego_mod:Lingerie+1","alterego_mod:BiFurious"],"picked":"alterego_mod:Bounce","floor":23},{"not_picked":["alterego_mod:RocketPunch","alterego_mod:AlterEgo"],"picked":"alterego_mod:BusterCard","floor":25}],"player_experience":296917,"relics_obtained":[{"floor":6.0,"key":"Bag of Preparation"},{"floor":8.0,"key":"Whetstone"},{"floor":9.0,"key":"StoneCalendar"},{"floor":23,"key":"Replay:Rubber Ducky"},{"floor":25,"key":"hubris:64BitClover"},{"floor":26,"key":"Mummified Hand"}],"event_choices":[{"damage_healed":0.0,"max_hp_gain":0.0,"max_hp_loss":0.0,"gold_gain":0.0,"event_name":"Accursed Blacksmith","player_choice":"Forge","floor":20.0,"gold_loss":0.0,"damage_taken":0.0,"cards_upgraded":["alterego_mod:STier"]},{"cards_removed":["alterego_mod:BrynhildrsRune"],"damage_healed":0,"gold_gain":0,"player_choice":"Offered Basic","damage_taken":0,"max_hp_gain":0,"max_hp_loss":0,"event_name":"Bonfire Elementals","floor":29,"gold_loss":0}],"is_beta":false,"boss_relics":[{"not_picked":["Honey Jar","Velvet Choker"],"picked":"hubris:ScarierMask"}],"items_purged_floors":[],"is_endless":false,"potions_floor_spawned":[6,8,11,12,16,18],"killed_by":"Snake Plant","ascension_level":1}}